3809 6125
261 269 365 327 80¹1

333 381 394 431 tt.
435 377 510 431 ita
544 390 787 446 prorsus.

334 471 399 524 Α.
437 468 573 524 Cum
603 466 718 522 haec
757 465 918 536 igitur
952 465 1025 538 ita
1058 464 1190 530 sint,
1224 464 1483 535 quidnam
1520 466 1735 521 demum
1761 465 1842 523 fe·

262 562 404 617 cisse
446 561 689 615 dicemus
738 557 954 612 Patrem
1005 570 1070 611 ac
1116 556 1309 621 Deum,
1359 559 1404 613 si
1453 557 1724 613 hominem
1777 557 1845 613 ad

261 650 558 719 imaginem
591 658 645 704 et
691 647 1101 702 similitudinem
1145 662 1300 702 suam
1341 649 1602 704 duntaxat
1646 647 1845 705 factum

261 743 402 813 (boc
433 740 577 796 enim
610 740 795 810 utique
823 738 1026 794 semite
1058 737 1403 796 adversarios
1445 738 1617 811 dicis)
1669 738 1847 796 refor-

261 847 411 887 mare
437 830 625 887 volens
655 830 950 899 collapsum
980 844 1044 885 ac
1072 828 1459 898 deformatum,
1500 844 1608 885 non
1641 829 1694 885 in
1734 830 1849 900 pri-⁶

261 923 461 979 stiuam
491 931 638 977 certe
679 918 910 975 formam
941 935 1065 975 eum
1113 920 1461 987 restauravit,
1494 921 1600 976 boc
1639 927 1744 986 est,
1780 920 1847 975 ad

262 1013 673 1069 similitudinem
708 1026 887 1077 suam,
913 1013 1008 1067 sed
1033 1012 1084 1067 ei
1119 1011 1349 1067 formam
1369 1011 1599 1068 alteram
1620 1026 1685 1067 ac
1714 1013 1852 1084 ligu-

261 1120 380 1159 ram
407 1107 591 1174 potius
622 1103 855 1158 indidit?
890 1103 1157 1173 siquidem
1222 1103 1364 1160 alius
1390 1111 1475 1160 est
1513 1102 1582 1158 ab
1611 1101 1732 1173 ipso
1756 1117 1854 1158 naa

262 1190 516 1246 turaliter
538 1188 730 1257 Filius»,
776 1191 843 1245 ad
873 1204 1034 1261 quem
1075 1189 1293 1247 formati
1323 1206 1535 1247 suiuus.
1570 1190 1664 1247 Sic
1704 1192 1850 1247 enim

262 1281 586 1351 quibusdam
619 1281 810 1337 scribit
838 1282 1278 1351 sapientissimus
1317 1280 1562 1338 Paulus:
1599 1300 1619 1334 t
1648 1279 1849 1347 Filioli,

262 1389 401 1445 quos
444 1374 641 1431 iterum
674 1374 942 1445 parturio,
985 1374 1161 1430 donec
1202 1375 1468 1430 formetur
1507 1373 1764 1431 Christus
1795 1375 1850 1429 in

261 1470 420 1524 vobis
461 1467 529 1536 ⁸⁸,
561 1486 582 1520 ι
631 1468 699 1523 Et
753 1483 945 1525 rursus
983 1486 999 1525 z
1037 1487 1058 1522 c
1088 1468 1236 1536 Quos
1280 1467 1424 1525 euim
1477 1470 1763 1535 proescivit,
1796 1478 1853 1524 et

261 1560 670 1632 praedestinavit
739 1559 819 1621 ⁸⁸,
868 1578 889 1613 ι
943 1556 1126 1627 (Deus
1193 1560 1488 1633 videlicet)
1531 1560 1567 1610 'c
1629 1559 1851 1616 consor-⁶

264 1668 381 1708 mes
439 1652 690 1724 imaginis
719 1651 839 1708 Filii
879 1654 962 1708 sui
1006 1670 1026 1705 ι
1062 1654 1163 1710 hos
1191 1663 1247 1709 et
1298 1654 1534 1708 vocavit.
1597 1672 1614 1705 ι
1661 1652 1853 1710 Reior-

1297 262 1356 318 S.
1398 259 1678 317 CYRle
1714 261 2185 321 ALEXANleNl
2220 253 2536 320 ARCRUEP.

1871 391 1921 447 Α
2016 377 2079 430 Β.
2120 378 2229 430 Καὶ
2268 375 2434 446 μάλα.

3423 237 3537 313 800

2020 467 2085 519 Α.
2103 459 2230 517 Ὧδε
2257 455 2547 532 τοιγαροῦν
2576 462 2790 531 ἔχοντος
2821 457 2952 530 ἡμῖν
2983 452 3081 511 τοῦ
3110 451 3317 508 τοιοῦδε
3344 454 3535 525 λόγου,

1945 557 2001 610 τί
2024 556 2089 628 δὴ
2112 555 2223 626 ἄρα
2254 552 2597 624 πεπραχέναι
2614 552 2857 623 δώσομεν
2877 548 2980 605 ,τὸν
3001 546 3225 618 Πατέρα
3243 547 3345 600 καὶ
3373 546 3537 611 Θεὸν,

1950 647 1999 699 εί
2041 646 2305 714 γεγονότα
2334 644 2425 697 τὸν
2458 642 2742 715 ἄνθρωπον
2770 641 2895 696 κατ’
2933 638 3120 693 εἰκόνα
3149 637 3248 692 καὶ
3270 638 3547 709 ὁμοίωσιν

1949 737 2115 791 αὐτοῦ
2141 754 2200 790 τε
2230 737 2326 791 καὶ
2348 736 2511 808 μόνου
2530 752 2547 769 ·
2568 732 2729 788 τοῦτο
2749 731 2860 802 γάρ
2884 748 2989 784 που
3016 729 3121 803 φὴς
3152 729 3539 801 ἐννενοηκέναι

1948 828 2078 892 τοὺς
2107 826 2443 890 διεναντίας·
2478 825 2711 896 ἐπείπερ
2742 823 3007 895 ἠθέλησεν
3054 822 3416 895 αναμορφοῦν
3462 822 3541 876 δι-

1950 918 2293 990 ωλισθηκότα
2317 919 2413 972 καὶ
2432 914 2645 988 λελωΰη
2652 915 2833 987 μένον,
2851 913 3053 987 οὐχὶδὴ
3071 912 3277 986 μᾶλλον
3293 915 3376 978 είς
3396 910 3540 977 εἶδος

1950 1012 2116 1067 αὐτὸν
2165 1008 2600 1083 κεκαινούργηκε
2631 1008 2692 1062 τὸ
2740 1010 2799 1061 ἐν
2841 999 3070 1080 ἀρχαῖς,
3110 1005 3417 1072 τουτέστιν,
3461 1006 3542 1068 εἰς

1950 1102 2212 1174 ὁμοίωσιν
2244 1102 2343 1175 τὴν
2367 1100 2509 1175 πρὸς
2534 1099 2749 1167 ἑαυτὸν,
2773 1098 3002 1154 ἐνετίθει
3039 1098 3100 1154 δὲ
3131 1097 3337 1170 μᾶλλον
3360 1096 3539 1168 αὐτῷ.

1955 1195 2169 1269 μορφήν
2199 1209 2259 1247 τε
2291 1194 2390 1249 καὶ
2403 1187 2556 1256 τῐδος
2587 1191 2807 1263 ἐτερον;
2846 1190 3003 1260 εἴπερ
3041 1183 3137 1244 οῦν
3172 1187 3368 1262 ἔτερος
3406 1192 3539 1259 παρ’

1951 1286 2116 1342 αὐτὸν
2142 1281 2389 1355 φυσικῶς
2407 1286 2437 1338 ὁ
2456 1281 2606 1350 Υίὸς,
2632 1282 2768 1357 πρὸς
2783 1283 2844 1337 ὃν
2876 1276 3537 1353 μεμορφώμεθαΧράφει

1951 1375 2062 1449 γάρ
2095 1369 2199 1431 ὧδέ
2230 1390 2376 1432 τισιν
2402 1375 2433 1429 ό
2460 1372 2770 1443 σοφώτατος
2814 1371 3060 1436 Παῦλος·
3098 1389 3120 1423 t
3155 1369 3396 1435 Τεκνία,
3443 1368 3537 1433 οῦς

1953 1465 2116 1523 πάλιν
2148 1466 2353 1531 ὠδίνω,
2387 1465 2549 1537 ἄχρις
2584 1459 2646 1519 οῦ
2678 1462 2942 1536 μορφωθῇ
2980 1462 3219 1532 Χριστὸς
3241 1462 3305 1515 ἐν
3329 1460 3482 1533 ὑμῖν.
3512 1479 3532 1512 ο

1952 1558 2066 1613 Καὶ
2114 1559 2309 1622 πάλιν·
2356 1575 2375 1609 t
2416 1556 2525 1622 Οὓς
2564 1555 2675 1625 γὰρ
2722 1553 3006 1627 προέγνω,
3040 1554 3138 1609 καὶ
3179 1551 3533 1624 προιῖιρισεμ

1958 1650 2136 1722 (δῆλον
2158 1650 2216 1706 δὲ
2245 1649 2310 1722 δή
2344 1667 2449 1705 που
2483 1648 2645 1703 πάλιν
2658 1648 2740 1702 ὅτι
2765 1651 2794 1703 ό
2828 1647 3017 1725 Osco«
3048 1647 3537 1719 cupudptpoucjijc

263 1752 378 1799 mat
401 1743 544 1799 enim
584 1757 684 1799 nos
711 1758 807 1814 per
841 1744 1108 1815 Spiritum
1153 1745 1209 1800 in
1242 1746 1516 1815 propriam
1561 1747 1847 1817 imaginem
1883 1736 1925 1789 B
1954 1742 2162 1806 εἰκόνος
2191 1737 2288 1796 τοῦ
2310 1739 2442 1795 Υίοῦ
2459 1738 2648 1806 αὑτοῦ,
2676 1738 2899 1804 τούτους
2918 1738 3014 1793 καὶ
3038 1737 3325 1793 ἐκάλεσεν.
3346 1756 3370 1790 ι
3391 1739 3539 1793 Ἀνα-

261 1836 536 1902 Christus,
584 1846 640 1891 et
671 1850 785 1891 suae
832 1846 1045 1893 naturae
1091 1836 1258 1893 decus
1301 1837 1512 1908 piorum
1562 1838 1847 1896 animabus

264 1926 589 1998 intelligibili
616 1937 672 1984 et
703 1941 906 1985 arcano
933 1929 1095 1986 modo
1117 1929 1362 2002 insignit.
1393 1928 1634 1986 Formati
1665 1931 1849 2002 itaque

265 2032 477 2081 sumus,
512 2016 726 2088 opinor,
765 2018 842 2083 ‚ad
884 2018 1056 2075 Deum
1085 2019 1327 2091 quidem.
1379 2034 1486 2075 non
1531 2020 1643 2090 jam
1698 2022 1847 2077 illum

172 2164 183 2175 ,
262 2127 475 2177 verum,
504 2112 597 2168 sed
627 2111 683 2168 in
714 2110 872 2170 nobis
896 2112 1075 2169 elucet
1104 2113 1279 2169 forma
1304 2128 1425 2185 quae
1448 2123 1532 2170 est
1559 2124 1841 2171 creaturae.

269 2204 337 2259 Et
366 2212 518 2261 certe
568 2204 712 2275 quod
740 2202 871 2260 olim
914 2203 1111 2261 Psaltxe
1144 2219 1276 2261 voce
1324 2205 1672 2261 decantatum
1719 2215 1845 2261 ests

268 2314 291 2351 ι
320 2295 693 2352 Renovabitur
717 2305 776 2351 ut
802 2296 995 2367 aquilae
1015 2296 1271 2368 iuventus
1295 2305 1381 2352 tua
1404 2298 1469 2365 ⁸⁸,
1496 2317 1515 2350 ι
1541 2296 1597 2353 in
1620 2297 1849 2354 nihilum

259 2388 372 2459 jam
401 2389 625 2455 recidat,
656 2389 858 2445 frustra
893 2400 950 2445 ut
984 2390 1198 2446 ridetur
1223 2401 1522 2447 ostensum.
1555 2389 1677 2449 Non
1706 2393 1851 2449 enim

266 2481 567 2546 renovatio,
602 2489 661 2536 ut
696 2479 997 2551 Scripturae
1043 2482 1250 2549 volunt,
1291 2483 1382 2538 sed
1408 2482 1726 2541 reformatio
1759 2499 1852 2555 po-

266 2570 372 2627 tius
401 2571 625 2638 erimus,
654 2570 822 2643 474
846 2571 1042 2642 quibus
1070 2571 1137 2627 ad
1167 2573 1454 2642 pristinum
1497 2584 1698 2638 statum
1731 2576 1852 2632 red-

263 2662 347 2718 ire
376 2676 482 2717 non
524 2660 673 2731 licet,
706 2678 805 2719 nec
829 2662 896 2718 ad
935 2663 987 2718 id
1017 2665 1160 2732 quod
1196 2663 1462 2735 principio
1495 2680 1716 2721 eramus
1762 2681 1851 2722 re·

265 2766 510 2818 currere,
525 2753 617 2807 sed
639 2753 704 2807 ad
724 2751 965 2809 deterius
981 2769 1144 2824 quam
1165 2764 1327 2810 antea
1354 2755 1403 2809 vi
1423 2758 1656 2825 quadam
1672 2757 1849 2814 adacti

263 2856 479 2907 sumus,
502 2851 559 2896 et
582 2840 942 2899 deformitatis
969 2844 1197 2901 multum
1229 2846 1513 2902 habentes.
1539 2847 1849 2914 Quinetiam

263 2933 673 2989 renovationem
711 2948 808 3003 per
836 2933 1112 2991 Christum
1155 2937 1653 3008 incomparabiliter
1689 2955 1850 3010 supe·

264 3025 405 3080 rabit
445 3024 594 3094 prior
637 3023 725 3080 illa
757 3026 985 3093 creatio,
1020 3027 1285 3096 siquidem
1323 3028 1478 3085 nobis
1501 3030 1590 3084 illa
1629 3032 1844 3102 quidem

263 3117 416 3172 dedit
448 3116 697 3171 informa
722 3119 888 3173 solius
911 3134 977 3173 ac
1000 3133 1126 3174 vere
1149 3120 1241 3174 Dei
1261 3121 1492 3187 clarere,
1523 3121 1639 3179 haec
1661 3133 1844 3179 autem

264 3221 365 3263 nos
395 3208 449 3263 in
474 3207 632 3262 aliam
663 3209 890 3264 l'ormam
920 3225 984 3267 ac
1013 3212 1287 3268 diversam
1351 3213 1589 3284 refingit,
1623 3217 1689 3270 ad
1726 3215 1845 3272 Filii

265 3314 365 3376 nos
389 3301 784 3358 transformans
812 3302 1127 3372 imaginem.
1152 3306 1291 3372 Quid
1315 3305 1476 3376 igitur
1504 3308 1718 3363 tandem
1752 3324 1848 3380 per

263 3388 541 3445 Christum
578 3392 763 3461 adepti
798 3409 1007 3460 santus,
1041 3410 1163 3449 cnm
1205 3396 1344 3466 ipsa,
1378 3406 1434 3451 ut
1462 3398 1694 3466 videtur,
1721 3416 1849 3472 spo·

267 3479 382 3535 liati
412 3482 767 3542 similitudine
791 3503 915 3544 cum
943 3489 1072 3552 Deo,
1099 3499 1209 3546 tum
1244 3492 1332 3547 illa
1359 3494 1472 3562 jam
1495 3504 1701 3551 natura.-
1731 3495 1848 3567 glo-

266 3574 498 3632 riatione
532 3592 758 3648 prorsus
787 3583 964 3647 exuti,
994 3583 1260 3652 siquidem
1296 3596 1480 3641 nostra
1519 3588 1698 3642 ontttis
1724 3586 1847 3644 seii·

265 3666 402 3722 citas
446 3668 499 3723 in
545 3682 613 3724 eo
656 3682 944 3740 versatur,
995 3673 1135 3743 quod
1183 3677 1250 3729 ad
1303 3678 1392 3732 Dei
1443 3678 1848 3736 similitudinem

268 3755 393 3812 sacti
435 3759 666 3817 sumus?
705 3758 811 3815 Sed
862 3777 1040 3832 nngae,
1085 3763 1303 3833 opinor,
1353 3778 1408 3821 et
1452 3767 1590 3823 risus
1631 3768 1846 3825 demum

266 3842 382 3898 haec
411 3852 560 3908 sunt,
604 3856 659 3902 et
694 3847 869 3903 aniles
914 3848 1129 3907 sahulae.
1173 3850 1555 3910 Reformamur
1596 3857 1742 3913 enim
1781 3859 1849 3915 ad

267 3936 504 4003 priorem
533 3938 678 3992 illam
712 3940 1023 4010 imaginem,
1051 3955 1106 3999 ut
1135 3960 1199 4001 eo
1223 3946 1274 4001 in
1313 3957 1453 4002 statu
1484 3950 1674 4017 simus,
1698 3962 1849 4008 certo

267 4023 569 4095 signaculo,
596 4028 733 4085 Filio
761 4032 1020 4088 nimirum
1046 4035 1339 4105 obsignati,
1363 4040 1452 4108 qui
1482 4049 1535 4095 et
1561 4042 1850 4098 character
1894 4057 1909 4071 ·

267 4126 323 4170 et
354 4117 650 4176 similitudo
682 4132 762 4178 est
786 4122 967 4180 Patris
989 4124 1059 4193 ⁸⁷,
1103 4142 1203 4182 nec
1239 4128 1378 4184 alius
1409 4132 1477 4185 ab
1515 4131 1630 4202 ipso
1667 4133 1842 4202 quoad

268 4207 602 4266 identitatem
633 4215 1059 4272 substantialem.

1955 1834 2157 1905 μορφοῖ
2177 1831 2290 1905 γάρ
2309 1833 2457 1906 ἡμᾶς
2476 1831 2564 1886 διὰ
2592 1832 2688 1885 τοῦ
2717 1829 3038 1902 Πνεῦματος
3061 1829 3145 1892 είς
3173 1828 3318 1883 ἰδίαν
3345 1828 3537 1882 εἰκόνα

1950 1924 2212 1996 Χριστὸς,
2245 1915 2310 1979 τὸ
2339 1924 2442 1997 τῆς
2478 1923 2672 1980 ἐαυτοῦ
2715 1923 2932 1995 φύσεως
2958 1923 3081 1989 ταῖς
3107 1921 3221 1977 τῶν
3252 1920 3545 1976 εὐσεῦοὖνι

1951 2033 2060 2070 των
2086 2016 2290 2088 ψυχαῖς
2316 2015 2523 2089 νοητῶς
2545 2033 2606 2072 τε
2631 2015 2728 2070 καὶ
2754 2016 3085 2088 ἀτοορῤἠτως
3125 2012 3195 2068 τὸ
3226 2012 3427 2078 κάλλος
3456 2014 3540 2067 ἓν·

1953 2110 2303 2178 σημαίνεται.
2344 2105 2776 2181 Μεμορφώμεθα
2797 2108 2862 2180 δὴ
2892 2103 2986 2162 οὗν
3003 2146 3021 2173 ,
3055 2104 3216 2179 οἶμαί
3244 2124 3374 2179 που,
3399 2107 3541 2182 πρὸς

1952 2199 2085 2254 Θεὸν
2113 2202 2245 2273 μὲν,
2264 2201 2451 2258 οὐκέτι
2476 2202 2567 2257 τὸν
2598 2202 2873 2275 ἀληθινὸν,
2902 2198 3045 2267 εἶδος
3072 2202 3133 2257 δέ
3166 2199 3306 2275 ὴμῖν
3328 2204 3539 2277 ἐμπρί·

1954 2309 2045 2345 πει
2081 2293 2144 2348 τὸ
2196 2295 2517 2365 κτίσματος.
2553 2294 2687 2349 Τόδε
2730 2293 2797 2366 δὴ
2839 2294 2937 2350 καὶ
2970 2295 3142 2350 πάλαι
3171 2294 3264 2349 διὰ
3299 2294 3404 2365 τῆς
3436 2294 3534 2349 τοῦ

1954 2385 2263 2452 Ψάλλοντος
2297 2388 2481 2459 φωνῆς
2515 2386 2853 2460 ὑμνούμενον
2874 2404 2887 2417 ·
2924 2405 2946 2439 t
2992 2386 3536 2459 Ἀνακαινισθησεται

1952 2479 2028 2544 ὡς
2059 2480 2221 2533 ἀετοῦ
2250 2482 2284 2553 ἡ
2309 2480 2501 2551 νεότης
2531 2497 2648 2549 σου,
2672 2499 2693 2535 ι
2725 2480 2925 2553 οἴχοιτο
2952 2479 3019 2535 ἂν
3048 2480 3152 2552 ἥδη
3177 2479 3319 2553 πρὸς
3343 2481 3405 2533 τὸ
3423 2495 3530 2550 μη-

1954 2570 2066 2636 δὲν,
2091 2571 2296 2627 εἰκαῖον
2315 2572 2391 2637 ὡς
2420 2572 2597 2627 ἔοικεν
2624 2571 3095 2642 άναδεδειγμίνον.
3112 2569 3520 2641 ’emmam

1952 2662 2060 2734 γάρ
2097 2662 2161 2717 οῦ
2202 2664 2255 2718 τί
2305 2681 2431 2731 που,
2483 2663 2627 2719 κατὰ
2669 2664 2768 2729 τὰς
2817 2665 3084 2737 Γραφὰς,
3114 2664 3415 2737 καινουργία
3449 2662 3507 2716 δδ

1956 2752 2157 2824 μᾶλλον
2189 2753 2259 2810 τὰ
2291 2754 2414 2809 καθ’
2440 2755 2611 2825 ἡμᾶς,
2633 2754 2988 2826 ἁναφοίτησιν
3026 2755 3117 2827 μὲν
3139 2752 3385 2825 οὐδαμῶς
3407 2752 3507 2824 τὴν

1952 2851 2033 2913 εἰς
2064 2848 2128 2902 τὸ
2151 2845 2268 2903 ἅνω
2302 2846 2568 2917 λαχόντα,
2600 2850 2697 2900 καὶ
2724 2845 3040 2918 ἀναδρομὴν
3078 2846 3174 2900 οῦκ
3194 2845 3387 2917 ἔχοντα
3417 2844 3519 2917 τὴν

1952 2943 2032 3004 εἰς
2055 2940 2194 3012 &rep
2223 2935 2291 3014 ἦν
2320 2938 2379 2993 ἐν
2410 2939 2638 3010 άρχαῖς,
2674 2938 3081 3010 ἐκδεδιασμένα
3106 2938 3167 2993 δὲ
3202 2923 3318 3003 no}
3345 2938 3437 2992 ἐπὶ
3467 2937 3529 2992 τὸ

1957 3035 2108 3106 μεῖον
2154 3032 2188 3105 ἢ
2222 3032 2353 3106 πρὶν
2380 3073 2395 3098 ,
2435 3032 2531 3087 καὶ
2576 3032 2711 3087 πολὺ
2741 3031 3002 3087 νοσοῦντα
3041 3031 3106 3088 τὸ
3144 3030 3399 3098 ἀκαλλὲς.
3431 3031 3531 3104 atq

1953 3126 1997 3180 δ’
2028 3125 2095 3180 ἂν
2118 3124 2200 3178 ἐτι
2238 3126 2334 3179 καὶ
2385 3125 2732 3198 άσυγκρίτως
2758 3125 3134 3199 ὑπερκειμένη
3160 3125 3257 3181 τὸν
3291 3125 3383 3181 διὰ
3408 3127 3535 3200 Χρι-

1957 3215 2081 3271 στὸν
2115 3217 2402 3288 καινισμὸν
2438 3217 2472 3288 ἡ
2506 3217 2851 3290 πρεσδυτέρα
2891 3217 3115 3289 ποίησις
3139 3257 3158 3287 ,
3202 3216 3368 3290 εἰπερ
3407 3221 3536 3290 ἡμῖν

1954 3307 2182 3360 ἐνετίθει
2210 3308 2308 3378 μὲν
2339 3309 2525 3380 ἐκείνη
2566 3308 2627 3362 τὸ
2678 3309 2735 3362 ἐν
2764 3311 2948 3381 μορφῇ
2982 3309 3317 3380 διαπρέπειν
3341 3314 3409 3382 τῇ
3442 3308 3534 3365 τοῦ

1958 3401 2121 3471 μόνου
2147 3419 2204 3453 τε
2241 3400 2337 3454 καὶ
2363 3400 2579 3472 άληθῶς
2614 3401 2787 3456 Θεοῦ·
2835 3403 2869 3473 ἡ
2915 3402 2973 3458 δὲ
3015 3403 3159 3474 πρὸς
3197 3398 3349 3468 εἶδος
3399 3404 3536 3477 iude

1953 3493 2342 3565 ἀναζωγραφεῖ
2390 3495 2450 3549 τὸ
2500 3497 2576 3567 μὴ
2618 3484 2801 3561 οὕτως
2843 3494 3001 3567 ἔχον,
3051 3494 3534 3570 μιταστοιχιοοῦσα

1954 3587 2091 3658 πρὸς
2122 3587 2214 3641 τὸν
2257 3587 2405 3640 Υἰόν.
2439 3587 2505 3639 Τί
2537 3587 2601 3657 δὴ
2626 3582 2718 3640 οὗν
2756 3589 2864 3658 ἄρα
2892 3587 2979 3642 διὰ
3020 3589 3267 3660 Χριστοῦ
3299 3590 3531 3644 πεπλου·

1952 3680 2222 3751 τήκαμεν,
2255 3681 2347 3732 καὶ
2374 3680 2563 3751 αὐτὴν,
2590 3679 2665 3742 ὡς
2690 3679 2883 3745 ἔοικεν,
2916 3681 3409 3754 ἐκλελῃστευμένοι
3438 3683 3535 3753 τὴν

1954 3771 2088 3842 πρὸς
2119 3771 2253 3825 Θεὸν
2275 3773 2535 3842 ὁμοίωσιν
2556 3812 2570 3837 ,
2600 3771 2695 3825 καὶ
2726 3773 2956 3827 είσάπαν
2986 3773 3089 3844 ἥδη
3140 3775 3206 3826 τὸ
3236 3773 3532 3844 περιφανὲς

1952 3861 2049 3933 τῆς
2101 3861 2318 3930 φύσεως
2373 3862 2773 3934 ἀποδυσάμενοι
2821 3861 3125 3933 καύχημα,
3174 3862 3341 3935 εἴπερ
3390 3862 3529 3917 ἐστὶν

1949 3953 2109 4025 ἡμῶν
2153 3956 2186 4024 ἡ
2230 3956 2381 4008 πᾶσα
2429 3954 2769 4026 μακαριότης
2807 3954 2865 4007 ἐν
2895 3972 2958 4024 γε
2994 3955 3073 4025 τῷ
3117 3955 3244 4008 καθ’
3272 3955 3526 4026 ὁμοίωσιν

1950 4044 2203 4113 γενέσθαι
2234 4044 2562 4112 Θεοῦ;Ἀλλ’
2607 4046 2791 4112 ὕθλος,
2838 4041 3016 4118 οἶμαι,
3060 4047 3158 4100 καὶ
3204 4045 3387 4116 γέλως
3431 4043 3521 4117 ἠδη

1950 4136 2126 4199 ταυτὶ,
2153 4137 2248 4190 καὶ
2276 4135 2497 4207 γραώδη
2527 4135 2788 4208 μυθάρια.
2830 4133 3388 4207 Ἀναστοιχειούμεθα
3423 4133 3520 4204 γὰρ

1951 4228 2031 4291 είς
2073 4228 2258 4282 εἰκόνα
2305 4227 2406 4299 τὴν
2455 4229 2699 4300 πρώτην,
2746 4227 2966 4300 ἁκριδεῖ
3011 4229 3314 4300 σημάντρῳ
3362 4241 3518 4283 ’tm‘

269 4306 694 4378 σφραγιζόμενοι
722 4308 803 4380 τῷ
827 4310 975 4381 Υίῷ,
1027 4312 1164 4384 πρὸς
1192 4314 1250 4366 τὸ
1279 4314 1403 4386 τῇδε
1433 4316 1598 4388 ἔχειν,
1631 4321 1689 4383 ὃς
1744 4323 1861 4376 ἐστι
1935 4325 2027 4379 καὶ
2073 4325 2358 4397 χαρακτὴρ
2402 4326 2497 4381 καὶ
2540 4327 2798 4398 ὁμοίωσις
2871 4326 2969 4383 τοῦ
3004 4327 3253 4399 Πατρὸς,
3300 4328 3400 4383 καὶ
3432 4324 3521 4394 οὔχ

267 4398 453 4468 ἕτερος
483 4401 615 4470 παρ’
641 4400 826 4465 αὐτὸν,
853 4401 996 4456 κατά
1025 4419 1087 4472 γε
1117 4405 1176 4457 τὸ
1204 4406 1261 4458 ἐν
1288 4408 1447 4480 οὐσίᾳ
1475 4412 1692 4466 ταυτόν.

342 4488 401 4542 B.
443 4489 770 4544 Acutissime
794 4505 944 4547 saue.

341 4576 408 4634 A.
451 4576 586 4634 Vide
614 4594 778 4650 porro
805 4593 1064 4652 quautam
1111 4584 1165 4639 in
1210 4586 1604 4644 absurditatem
1642 4589 1857 4648 labatur

270 4685 456 4725 eorum
488 4673 682 4739 oratio,
719 4672 811 4742 qui
846 4675 928 4729 sic
966 4676 1262 4732 sentientes
1309 4678 1708 4748 reprehendere
1737 4692 1821 4738 sta

273 4773 450 4817 tnunt.
486 4761 621 4818 Nam
656 4766 700 4819 si
731 4765 873 4822 Deus
902 4773 987 4822 est
1008 4767 1154 4822 solus
1184 4783 1250 4823 ac
1282 4783 1443 4824 verus
1466 4769 1647 4838 Pater,
1682 4783 1845 4843 atque

273 4855 345 4907 ita
368 4869 487 4909 esse
517 4871 626 4925 prae
665 4859 916 4913 vecordia
954 4869 1222 4924 asserent,
1261 4859 1543 4931 colligetur
1581 4862 1705 4918 inde
1751 4879 1847 4919 ne-

270 4946 510 5001 cessario
551 4945 746 5002 Filium
795 4949 966 5005 henr*
1009 4965 1117 5005 non
1170 4964 1291 5007 esse
1338 4954 1633 5008 secuudum
1686 4967 1842 5012 natu-

272 5053 411 5093 ram.
1128 5049 1132 5052 ’

346 5236 403 5290 B.
447 5235 676 5292 Prorsus
711 5235 944 5306 quidem.

346 5327 410 5378 Α.
452 5325 517 5379 At
563 5326 667 5380 erit
721 5326 907 5393 utique
959 5325 1245 5385 deterioris
1305 5330 1463 5401 plane
1520 5332 1844 5387 conditionis

275 5427 436 5482 quam
474 5415 653 5482 Pater,
691 5416 1123 5486 quandoquidem
1159 5419 1212 5472 id
1240 5421 1384 5489 quod
1418 5436 1728 5494 supremum
1761 5433 1846 5478 est

275 5503 539 5565 omnium,
572 5516 759 5562 natura
790 5516 846 5563 et
869 5521 995 5563 vere
1019 5505 1160 5563 Deus
1190 5517 1292 5566 est.

1878 4510 1925 4565 1)
2024 4502 2085 4555 Β.
2141 4501 2531 4574 Ἀκριὸέστατα
2570 4503 2723 4576 ἔφης.

2023 4595 2088 4646 Α.
2134 4591 2241 4645 Θέα
2271 4590 2379 4664 γάρ
2422 4593 2485 4666 δὴ
2515 4594 2649 4665 πρὸς
2691 4597 2824 4666 ὅσην
2869 4595 3052 4662 αὐτοῖς
3091 4599 3329 4657 ἀτοπίαν
3359 4596 3517 4669 ἐξολι-

1954 4683 2205 4753 σθήσειεν
2255 4683 2320 4737 ἂν
2358 4685 2387 4737 ό
2424 4685 2601 4753 λόγος,
2635 4687 2895 4760 ἐπιτιμᾷν
2940 4691 3208 4759 ἐγνωκόσι
3250 4700 3368 4762 τοῖς
3399 4697 3516 4769 τῇδε

1949 4771 2227 4836 δοξάζουσι
2275 4772 2372 4827 καὶ
2414 4777 2631 4846 φρονεῖν
2680 4776 2974 4848 ἑλομένοις.
3029 4777 3164 4844 Θεὸς
3215 4784 3330 4856 γὰρ
3370 4786 3517 4858 εἰπερ

1952 4863 2069 4916 ἐστὶ
2098 4863 2256 4933 μόνος
2285 4882 2345 4917 τε
2380 4865 2472 4918 καὶ
2496 4865 2748 4937 ἀληθινὸς
2777 4869 2806 4920 ό
2836 4869 3046 4941 Πατὴρ,
3077 4865 3181 4927 ὧδέ
3202 4892 3265 4928 τε
3292 4877 3440 4948 ἔχειν
3462 4874 3516 4941 ἐξ

1951 4955 2293 5027 ἀποπληξίας
2338 4956 2583 5027 ἐροῦσιν,
2613 4959 2873 5032 ἐξωσθείη
2900 4961 2984 5026 ἂν,
3016 4958 3174 5036 οἶμαί
3199 4982 3329 5036 που,
3356 4969 3514 5024 καθά·

1950 5063 2057 5118 περ
2091 5047 2151 5110 ἐξ
2179 5048 2477 5116 ἀναγκαίου
2518 5050 2711 5118 λόγου,
2762 5051 2857 5104 τοῦ
2909 5055 3048 5109 κατὰ
3086 5054 3353 5128 ἀλήθειαν
3387 5053 3514 5113 εἶναι

1950 5139 2083 5203 Θεὸς
2113 5143 2141 5193 ὀ
2167 5140 2315 5204 Υἱός.

2020 5233 2080 5286 B.
2134 5235 2389 5306 Ἀνάγκη.

2020 5328 2086 5384 Α.
2142 5326 2278 5379 Ἀλλ’
2308 5328 2460 5383 ἔσται
2493 5345 2595 5382 που
2625 5327 2846 5393 πάντως
2883 5331 2943 5383 ἐν
2986 5332 3198 5400 μείοσιν
3224 5331 3261 5404 ἢ
3289 5335 3350 5389 ἐν
3381 5324 3458 5395 οἷς
3483 5325 3512 5382 ὗ

1948 5418 2158 5489 Πατὴρ,
2175 5419 2382 5474 ἐπείτοι
2404 5420 2466 5474 τὸ
2493 5422 2709 5478 πάντων
2733 5422 3012 5490 ἐπέκεινα,
3038 5422 3174 5489 Θεὸς
3193 5424 3225 5480 δ
3243 5423 3409 5497 φύσει
3426 5417 3515 5480 καὶ

1949 5508 2183 5578 άληθῶς.

349 5683 394 5717 ⁸⁸
431 5681 606 5739 Galat.
643 5699 719 5752 tv,
751 5683 838 5741 ¹9.
912 5684 961 5719 ⁸⁸
995 5683 1156 5744 Rom.
1189 5701 1307 5755 vlu,
1335 5687 1423 5744 29.
1507 5691 1551 5724 ⁸⁸
1583 5689 1724 5747 Psal.
1756 5705 1846 5757 cn,
1890 5691 1945 5746 5.
2017 5689 2061 5722 ”
2091 5688 2252 5747 llebr.
2284 5707 2324 5757 t,
2359 5689 2417 5747 3.
