3809 6125
261 275 368 333 {12¹1

1281 264 1343 322 S.
1381 260 1659 320 emtam
1698 248 2169 314 ALssxANnmm
2205 242 2526 302 attentae.

263 390 421 446 cendi
453 404 622 461 genus
644 384 990 444 attollentes?
1016 383 1235 440 Utiliter
1259 382 1405 439 enim
1431 396 1495 437 ac
1527 377 1835 435 necessario
1864 386 1912 443 Α
1939 369 2123 423 ἐκεινα
2149 364 2245 419 τοῦ
2278 361 2421 417 κατὰ
2466 358 2605 458 eq&
2638 348 2896 408 ταπεινοῦ
2928 362 2991 452 τε
3034 342 3130 397 καὶ
3175 336 3536 411 menfica-q-

265 482 585 549 productum
624 493 746 536 esse
793 477 1046 531 dicebant
1083 472 1300 536 Filium,
1349 480 1409 527 ut
1449 470 1704 543 quoniam
1745 482 1835 523 res
1938 459 2098 532 μένου
2126 454 2219 510 τὸν
2244 453 2372 523 περὶ
2400 451 2565 504 αὐτου
2595 445 2791 514 λόγονί
2819 434 3111 512 Παρηχθαῑ
3139 434 3254 504 st?
3282 432 3538 502 ΨΜ

264 585 456 626 omnes
505 585 600 640 per
648 584 709 624 se
760 568 937 622 facere
985 576 1039 621 et
1091 564 1350 620 creationi
1405 565 1669 619 intentum
1717 573 1839 616 esse

269 660 482 715 Patrem
531 674 638 715 non
667 657 841 721 decet,
874 654 1044 710 Filius
1082 655 1200 724 ipso
1247 653 1427 708 minor
1455 660 1649 707 caetera
1683 647 1846 720 perti·

270 757 441 804 ceret.

345 1011 405 1069 Β.
443 1012 626 1069 Audit.

346 1101 412 1161 A.
452 1103 697 1170 Quonam
733 1101 899 1172 igitur
937 1101 1104 1157 abibit
1132 1100 1221 1156 illa
1267 1101 1486 1171 sapiens
1528 1114 1707 1156 rerum
1734 1098 1847 1154 lor-

276 1195 465 1264 matio,
517 1194 784 1264 siquidem
842 1194 1064 1250 omnino
1106 1192 1266 1249 Pater
1306 1192 1597 1248 creationis
1643 1192 1847 1262 peregit

277 1301 413 1354 opus
446 1300 543 1356 per
576 1283 810 1341 Filium?
832 1282 1059 1353 operari
1105 1283 1250 1338 enim
1287 1281 1516 1351 alicuius
1543 1281 1846 1338 interventu

278 1378 422 1444 quod
458 1386 604 1433 motu
641 1386 824 1431 careat
857 1375 1074 1446 proprio
1105 1384 1160 1432 et
1183 1385 1483 1444 spontaneo
1524 1371 1593 1428 ad
1623 1374 1674 1428 id
1702 1373 1845 1442 quod

280 1484 340 1525 se
378 1468 557 1533 offert.
598 1468 692 1523 aed
723 1466 1074 1523 instrumenti
1107 1464 1228 1521 loco
1268 1465 1361 1531 sit,
1400 1479 1501 1534 ego
1530 1473 1679 1520 certe
1707 1465 1852 1519 dixe-

281 1560 386 1616 rim
418 1573 541 1615 esae
565 1557 751 1629 procul
777 1556 939 1612 dubio
966 1570 1062 1627 per
1083 1570 1210 1612 sese
1230 1557 1468 1627 operari.
1494 1555 1658 1629 544
1683 1555 1852 1614 Porro

281 1651 504 1706 stultum
531 1660 615 1706 est
642 1651 823 1706 dicere
854 1650 995 1720 quod
1025 1649 1302 1719 indignum
1342 1648 1415 1705 sit
1437 1650 1546 1705 Deo
1579 1665 1643 1705 ac
1667 1647 1849 1715 Patre.

1934 546 2206 623 χρειωδῶς
2245 561 2306 598 τε
2353 542 2451 596 καὶ
2491 536 2804 605 ἀναγκαίως
2829 534 2912 596 είς
2942 525 3181 597 ὓπαρξιν
3223 525 3323 578 τὸν
3375 522 3538 592 nov,

1937 642 2006 696 ἵν’
2036 639 2268 710 ἐπείπερ
2298 635 2417 689 ἐστὶ
2441 632 2504 686 τὸ
2532 629 2617 698 ἐφ’
2656 626 2860 681 ἅπασιν
2888 617 3259 692 αὒτουργικον
3291 615 3543 679 ἀκαλλὲς

1935 732 2017 804 τῷ
2043 730 2242 800 Πατρὶ,
2281 728 2376 780 καὶ
2404 725 2465 778 τὸ
2493 718 2636 776 εἶναι
2660 720 2728 789 τῇ
2756 714 2933 770 κτίσει
2978 709 3245 784 προσεχῆ,
3281 707 3348 761 τὸ
3382 706 3543 779 μεῖόν

1939 842 2059 888 πως
2091 823 2126 895 ἢ
2159 821 2279 875 κατ’
2306 817 2490 882 αὐτὸν,
2536 810 2838 873 τουτέστιν,
2878 807 2908 860 ὁ
2933 803 3084 871 Υἱὸς,
3120 801 3435 874 ἐργάσαιτο
3473 799 3546 855 τὰ

1942 918 2123 974 λοιπά.

2013 1012 2078 1068 Β.
2132 1008 2467 1079 Ἐπυθόμην.
2571 1021 2576 1025 ·

2016 1100 2081 1154 Δ.
2122 1101 2226 1155 Ποῖ
2241 1097 2307 1171 δὴ
2334 1095 2428 1152 οῦν
2445 1096 2559 1168 ἄρα
2588 1093 2649 1148 τὸ
2683 1090 2845 1161 σοφὸν
2880 1088 3067 1151 αὺτοῖς
3090 1083 3363 1157 διοίχεται
3399 1083 3544 1141 πλά-

1947 1209 2083 1263 σμα,
2125 1190 2285 1262 εἰπερ
2328 1187 2466 1252 ὅλως
2497 1186 2805 1257 ἐνήργηκεν
2848 1181 2879 1234 ὁ
2930 1176 3124 1249 Πατὴρ
3163 1174 3237 1229 δι’
3280 1173 3423 1229 Υίοῦ
3475 1174 3543 1229 τὰ

1948 1281 2075 1352 περὶ
2102 1280 2203 1351 τὴν
2243 1275 2457 1343 κτίσιν;
2502 1275 2577 1330 Τὸ
2610 1275 2722 1346 γὰρ
2754 1272 2995 1344 ἐνεργεῖν
3029 1268 3121 1323 διὰ
3157 1267 3335 1339 μέσου
3373 1266 3542 1332 τινος,

1948 1371 2160 1443 κίνησιν
2195 1371 2293 1440 μὲν
2328 1368 2432 1424 οὐκ
2471 1366 2685 1439 ἔχοντος
2714 1364 2815 1436 τὴν
2858 1362 2950 1416 ἐπὶ
2992 1360 3055 1414 τὸ
3095 1357 3266 1429 τυχὸν
3311 1356 3544 1412 αὐτού,

1948 1460 2173 1515 λευστόν
2195 1477 2256 1514 τε
2297 1459 2392 1514 καὶ
2429 1457 2624 1527 ἰδικὴν,
2656 1455 2820 1509 οἱονεὶ
2846 1452 2905 1506 δέ
2950 1466 3068 1511 πως
3102 1448 3206 1519 τὴν
3233 1448 3546 1519 ὀργανικὴν

1952 1546 2531 1622 ύπομένοντοςνφαίην
2569 1544 2636 1599 ἂν
2662 1544 2840 1612 ἔγωγε
2870 1540 2935 1595 τὸ
2970 1539 3306 1609 αὐτουργεῖν
3333 1538 3424 1592 ὃτι
3449 1537 3546 1592 καὶ

1954 1638 2343 1711 ἀναμφιλόγοις
2385 1636 2553 1692 ἐστίν.
2597 1633 2807 1705 Εῦηθες
2836 1633 2896 1687 δὲ
2931 1633 3035 1705 ἤδη
3072 1631 3173 1685 καὶ
3207 1630 3274 1684 τὸ
3312 1628 3545 1692 ἀκαλλὲς

282 1743 496 1799 caeteria
521 1741 736 1811 quidem
768 1749 1034 1796 attentum
1075 1754 1196 1796 esse
1223 1738 1370 1796 velut
1396 1740 1628 1810 exiguis,
1670 1741 1736 1795 de
1761 1740 1852 1797 Fi·
1883 1725 1926 1783 Β
1954 1728 2094 1786 εἶναι
2131 1730 2316 1800 λέγει*
2335 1728 2415 1801 τῷ
2442 1726 2563 1798 Θεῷ
2593 1727 2691 1780 καὶ
2733 1725 2930 1796 Πατρῑν
2966 1723 3030 1777 τὸ
3058 1725 3312 1796 'tm
3340 1721 3441 1794 μὶν
3459 1715 3541 1776 ⁶¹·

283 1834 356 1888 lio
386 1847 513 1888 vero
557 1848 664 1887 non
714 1836 863 1887 item.
914 1831 1058 1900 Quid
1101 1832 1246 1887 enim
1290 1841 1374 1887 est
1417 1843 1682 1897 creatum,
1710 1832 1852 1901 quod

283 1938 390 1979 non
432 1922 683 1993 exiguum
717 1922 809 1988 sit,
845 1923 891 1978 si
918 1922 1017 1977 Dei
1053 1930 1258 1977 naturae
1288 1921 1671 1992 comparetur?
1707 1922 1855 1976 Alio·

283 2014 374 2085 qui
402 2013 579 2070 sciant
610 2028 671 2069 ae
700 2014 1017 2069 immensam
1054 2022 1300 2069 naturam
1327 2013 1526 2077 metiri,
1555 2012 1682 2067 dum
1708 2027 1856 2081 quae-

283 2106 406 2159 dam
453 2119 618 2175 parva
656 2119 782 2162 esse
815 2113 1080 2169 statuunt,
1107 2105 1154 2160 si
1185 2105 1251 2159 ud
1304 2106 1475 2175 ipsam
1527 2103 1853 2171 reserantur,

283 2196 389 2251 hoc
415 2204 594 2252 autem
627 2211 881 2267 magnum
908 2205 962 2251 et
981 2197 1393 2267 supernaturale
1430 2211 1572 2261 esse,
1598 2210 1698 2252 nec
1722 2195 1858 2251 mul-

282 2294 395 2342 tum
423 2288 669 2343 dissitum
696 2298 981 2358 nugantur.

357 2484 416 2539 Β.
457 2484 671 2556 Optime
697 2487 902 2543 dixisti.

364 2599 430 2653 A.
480 2595 708 2655 Relictis
762 2614 925 2671 ergo,
982 2599 1238 2667 Hermia,
1278 2600 1533 2659 inanibus
1591 2602 1858 2675 argutiis,

286 2688 549 2758 nugisque
599 2691 922 2763 magnificis,
979 2692 1047 2747 ad
1092 2692 1263 2764 ipsam
1315 2691 1533 2749 demunt
1582 2708 1649 2750 ac
1688 2694 1861 2750 solam

287 2777 571 2836 veritatem
625 2796 932 2852 pergamus,
975 2780 1354 2853 lateamurque
1400 2783 1570 2840 Deum
1613 2800 1758 2851 esse.
1807 2794 1865 2842 et

288 2885 353 2926 ex
402 2870 509 2925 Deo
546 2869 705 2925 Patre
744 2868 1011 2928 effulsisse
1040 2873 1335 2929 secundum
1379 2884 1628 2931 naturam
1665 2873 1866 2948 Unige-

289 2960 482 3015 nitum.
526 2959 613 3026 Et,
654 2961 700 3016 si
743 2977 932 3019 revera
973 2974 1055 3019 est
1082 2965 1333 3036 principii
1377 2980 1572 3037 expers
1599 2964 1871 3038 antiquis-'

1955 1825 2044 1877 ναὶ
2068 1824 2180 1885 τοῖς
2206 1820 2409 1884 ἄλλοις,
2434 1817 2513 1883 ὡς
2549 1819 2786 1890 μικροῖς,
2815 1816 2899 1885 ἐφ’
2927 1812 3043 1882 Υἱῷ
3068 1829 3140 1882 γε
3169 1813 3283 1884 μὴν
3306 1813 3407 1867 οὐκ
3430 1811 3535 1866 ἔτι.

1954 1914 2020 1967 Τί
2066 1912 2175 1984 γὰρ
2222 1912 2286 1966 οὐ
2321 1909 2497 1980 βραχὺ
2541 1908 2681 1980 πρὸς
2728 1906 2863 1961 Θεοῦ
2907 1905 3092 1975 φύσιν,
3141 1903 3252 1958 τιῖιν
3292 1919 3357 1973 γε
3386 1902 3530 1968 ἅπαξ

1955 2006 2252 2061 τελούντων
2294 2005 2356 2060 ἐν
2386 2003 2671 2073 γενητοῖς;
2707 2000 2778 2053 Ἥ
2830 1996 3068 2052 ἴστωσαν
3108 1993 3524 2067 ἀναμετροῦντες

1956 2100 2053 2171 τὴν
2084 2098 2391 2169 ἀμέτρητον
2440 2094 2623 2165 φύσιν,
2674 2091 2884 2163 σμικρὰ
2920 2089 3027 2161 μὲν
3058 2088 3138 2153 ὡς
3175 2088 3309 2160 πρὸς
3357 2086 3536 2159 αῦτὴν

1958 2187 2365 2261 ἀναγράφοντες
2407 2204 2549 2251 τινα,
2584 2185 2646 2239 τὸ
2690 2184 2750 2239 δέ
2790 2184 2871 2237 δτι
2922 2182 3065 2253 μέγα
3105 2179 3206 2257 καὶ
3243 2179 3544 2251 ῦπερφυδς,

1959 2283 2053 2337 καὶ
2104 2280 2166 2336 ού
2205 2278 2327 2336 λίαν
2374 2276 2707 2349 ἀφεστηκὸς,
2757 2274 2859 2329 οῦκ
2900 2269 2996 2327 οἷδ’
3034 2274 3195 2337 ὅπως
3235 2270 3547 2345 πεφλυαρηο

1960 2374 2134 2438 κότες.

2031 2488 2095 2542 Β.
2140 2486 2376 2559 ’Δριστα
2404 2484 2563 2555 ἔφης.

2029 2603 2103 2661 A.
2138 2598 2411 2663 Μεθέντες
2453 2597 2540 2669 δὴ,
2585 2589 2631 2651 ὧ
2674 2594 2923 2667 Ἑρμεία,
2963 2593 3029 2647 τὸ
3076 2592 3419 2663 σοφίζεσθαι
3466 2608 3547 2649 τι·

1964 2689 2143 2764 ριττὰ,
2174 2689 2273 2742 καὶ
2315 2689 2480 2742 οίονεὶ
2512 2688 2574 2741 τὸ
2620 2684 2993 2758 σεμνοληρεῖν,
3042 2684 3136 2738 ἐπ’
3171 2686 3314 2740 αὐτὸ
3364 2685 3432 2758 δὴ
3470 2685 3549 2741 καὶ

1967 2782 2127 2854 μόνον
2176 2781 2346 2853 ίωμεν
2391 2779 2494 2852 ἥδη
2528 2778 2588 2831 τὸ
2630 2777 2851 2850 ἀληθὲς,
2895 2775 3191 2849 ὁμολογεῖν
3238 2779 3541 2849 emme.

1964 2876 2042 2940 ὡς
2073 2874 2191 2930 ἐστι
2220 2853 2374 2938 Θεὸς,
2406 2871 2618 2944 πέφηνέ
2656 2889 2717 2926 τε
2759 2869 2902 2926 κατὰ
2944 2868 3110 2940 φύσιν
3148 2871 3223 2924 ἐκ
3265 2867 3398 2925 Θεοῦ
3433 2869 3536 2923 Πα-

1964 2966 2092 3039 τρδς
2124 2968 2151 3019 ὁ
2184 2965 2517 3035 Μονογενής.
2555 2964 2666 3017 Καὶ
2692 2964 2853 3036 εῖπερ
2892 2961 3012 3016 ἐστὶ
3053 2960 3120 3015 τὸ
3156 2960 3225 3016 δν
3257 2958 3461 3031 ἀληθῶς,
3490 2959 3521 3028 ἡ

290 3051 428 3107 sima
467 3064 522 3109 et
563 3053 803 3109 increata
842 3065 1061 3121 natura,
1095 3055 1276 3111 valeat
1301 3055 1572 3113 calumnia
1616 3069 1671 3114 et
1701 3058 1865 3130 impo-
1890 3060 1933 3120 C
1966 3058 2203 3130 ἀναρχός
2249 3072 2309 3115 τε
2353 3057 2448 3112 καὶ
2494 3056 2869 3129 πρεσύυτάτη,
2908 3054 3004 3110 καὶ
3052 3054 3334 3128 ἀγένητος
3362 3050 3514 3122 9¹5⁸ss-

291 3152 460 3200 stura.
520 3144 728 3199 Revera
786 3145 927 3200 enim
988 3147 1256 3203 exsistens
1304 3147 1400 3203 Dei
1453 3145 1713 3215 Verbum,
1758 3163 1867 3219 quo

291 3240 452 3300 pacto
494 3231 707 3287 demum
750 3235 900 3289 tarde
942 3235 1183 3305 genitum
1228 3251 1292 3293 ac
1336 3237 1538 3293 sactum
1584 3238 1871 3294 admiseri-

294 3336 434 3389 mus,
490 3337 665 3392 neque
717 3341 815 3381 nos
872 3327 1133 3382 continuo
1184 3327 1382 3398 quivis,
1437 3329 1652 3398 opinor,
1704 3344 1869 3386 sanus

294 3412 534 3470 insanire
565 3417 801 3472 dixerit?
824 3416 1078 3488 Alioquin
1107 3418 1213 3487 dic,
1246 3434 1450 3489 quaeso.
1491 3419 1733 3491 nunquid
1773 3434 1868 3475 ve-

294 3520 412 3561 rum
452 3521 572 3562 esse
601 3507 744 3578 quod
775 3509 953 3565 dicam
990 3510 1341 3567 consessurus
1366 3511 1460 3568 es?
1486 3509 1679 3567 Filium
1719 3513 1866 3568 enim

293 3596 340 3653 si
371 3598 494 3668 quis
529 3598 891 3655 nominaverit
922 3600 1040 3669 Dei,
1068 3617 1174 3657 non
1204 3602 1390 3667 alium,
1420 3611 1478 3658 ut.
1518 3616 1665 3668 reor,
1707 3601 1865 3657 intel-

293 3688 509 3756 lexerit,
540 3693 789 3761 quamvis
820 3692 1088 3748 innumeri
1118 3693 1228 3747 sint
1254 3692 1488 3762 adoptivi
1528 3701 1583 3749 et
1613 3693 1858 3761 ascititii,

293 3780 388 3836 sed
409 3781 476 3837 ad
501 3781 648 3837 illum
675 3781 848 3853 ipsum
872 3798 1035 3837 unum
1061 3783 1358 3839 naturalem
1383 3799 1448 3839 ac
1466 3799 1656 3840 verum
1683 3785 1852 3840 celeri

290 3881 349 3929 et
393 3882 542 3930 certo
596 3889 758 3929 cursu
810 3873 982 3929 fertur
1026 3873 1332 3932 auditorum
1379 3875 1614 3933 animus.
1663 3877 1858 3933 Annon

293 3978 478 4019 verum
508 3963 651 4021 istud
682 3963 777 4020 tibi
804 3964 1047 4021 videtur?

363 4252 421 4308 B.
462 4252 658 4308 Etiam.

362 4347 426 4399 Α.
463 4344 617 4401 Sicut
642 4359 777 4415 ergo
809 4360 931 4401 cum
962 4362 1102 4404 unus
1135 4349 1206 4404 sit
1235 4349 1287 4406 in
1319 4350 1476 4408 nobis
1504 4349 1770 4406 naturalis
1798 4363 1864 4405 ac

293 4452 453 4493 verua
477 4437 640 4505 Deus,
678 4439 723 4494 si
753 4439 875 4509 quis
907 4450 1150 4495 nostrum
1188 4443 1354 4498 Deum
1382 4442 1623 4499 nominet
1654 4442 1862 4512 simpli-

293 4528 453 4590 citer.
499 4545 606 4585 nun
650 4530 900 4602 equidem
933 4529 1154 4591 alteri'us
1191 4534 1648 4606 significationem
1679 4535 1863 4591 animo

291 4619 737 4692 complectemur,
781 4623 909 4680 licet
956 4634 1063 4703 tam
1109 4625 1262 4682 multi
1308 4626 1402 4682 Dei
1444 4642 1638 4683 nomen
1680 4627 1860 4699 adepti

294 4709 402 4764 siut
435 4719 489 4766 et
526 4709 579 4765 in
625 4711 764 4767 coelo
800 4722 856 4768 et
897 4712 949 4767 in
995 4723 1163 4779 terra.
1211 4723 1271 4770 ut
1320 4716 1580 4786 scriptum
1630 4727 1755 4773 est:
1788 4718 1864 4773 ita

293 4817 461 4858 unum
498 4804 643 4859 illum
666 4820 728 4861 ac
754 4821 883 4862 vere
912 4807 1100 4862 Filium
1140 4807 1349 4877 piorum
1380 4824 1535 4863 meus
1556 4819 1712 4864 acute
1741 4824 1864 4878 per·

295 4895 506 4962 epictet,
539 4896 585 4952 si
617 4899 737 4968 quis
762 4899 919 4969 plane
955 4897 1148 4954 Filium
1191 4899 1284 4954 Dei
1318 4899 1578 4966 nominet,
1608 4915 1673 4958 ac
1703 4901 1862 4957 dictis

294 4996 557 5058 praeterea
585 4986 730 5043 istud
758 4989 1037 5058 adjecerit.

366 5259 424 5316 Β.
467 5260 748 5330 Quodnam
780 5260 921 5318 istud
948 5262 1062 5319 ais?

364 5376 438 5433 A.
478 5373 769 5446 Numquid,
799 5391 834 5434 ο
863 5377 1021 5442 boue,
1040 5377 1305 5432 concedes
1332 5377 1384 5433 id
1414 5376 1556 5448 quod
1595 5392 1720 5434 vere
1753 5386 1855 5443 est,

297 5481 464 5522 uuum
489 5466 744 5535 quiddam
772 5483 897 5525 esse
938 5483 1000 5523 ac
1033 5483 1139 5524 nott
1169 5467 1381 5523 multu?
1410 5467 1522 5526 lioc
1559 5478 1742 5527 autem
1775 5479 1863 5529 est

299 5553 465 5619 Deus.
496 5553 611 5608 aive
640 5551 731 5610 Dei
768 5567 984 5610 natura.

272 5640 293 5657 ⁸
368 5645 428 5702 Β.
469 5646 841 5705 Concessctim
869 5647 1138 5717 cquidcm.

1971 3153 2183 3225 ἐρρέτω
2212 3150 2546 3219 συκοφαντία
2583 3147 2679 3203 καὶ
2717 3145 3069 3217 φενακισμός.
3105 3145 3223 3200 Τὸν
3252 3144 3363 3218 γὰρ
3385 3143 3523 3206 Bra-ts

1969 3244 2099 3297 ὄντα
2124 3243 2218 3297 τοῦ
2260 3241 2398 3297 Θεοῦ
2424 3242 2596 3312 ,Λόγον
2621 3240 2846 3311 ὀψιγενῆ
2881 3237 2975 3293 καὶ
3015 3223 3397 3309 πεποιημένω
3438 3232 3533 3298 πῶς

1971 3333 2038 3389 ἂν
2068 3333 2147 3388 ἔτι
2181 3331 2648 3404 παραδεξαίμεθα,
2694 3332 2787 3385 καὶ
2832 3330 2953 3400 οὐχὶ
2983 3329 3092 3383 τῶν
3124 3329 3379 3399 ἀρίστων
3414 3326 3539 3398 ἡμᾶς

1969 3422 2283 3479 ἀπολισθεῖν
2314 3421 2721 3495 βουλευμάτων,
2756 3423 2866 3499 πᾶς
2898 3419 3174 3487 ὁστισοῦν,
3224 3416 3408 3491 οἶμαι,
3450 3416 3543 3471 τῶν

1969 3512 2028 3571 εὖ
2090 3515 2431 3592 φρονούντων
2474 3516 2620 3587 ἐρεῖ;
2660 3513 2731 3567 Ἦ
2782 3514 2956 3567 ἐκεῖνο
3008 3511 3224 3584 φράσον
3263 3511 3546 3586 (ἐρήσομαι

1967 3606 2119 3679 γὰρ),
2153 3602 2243 3678 ἆρ’
2272 3608 2373 3661 οὐκ
2402 3604 2597 3676 ἀληθὲς
2621 3604 2983 3674 ὀμολογήσαις
3018 3602 3084 3656 ἂν
3132 3603 3165 3656 ὅ
3208 3619 3395 3674 φημι;
3433 3598 3548 3656 m

1967 3698 2076 3771 γὰρ
2106 3698 2263 3768 είπερ
2293 3714 2378 3760 τις
2424 3694 2685 3762 ὀνομάσαι
2730 3694 2887 3760 Θεοῦ,
2918 3693 3016 3763 οὐχ
3041 3693 3255 3764 ἕτερον,
3292 3689 3472 3764 οἶμαι,
3502 3687 3549 3744 τὶ

1968 3792 2271 3862 ἐννοήσειεν
2296 3789 2384 3853 ἂν,
2405 3788 2582 3843 καίτοι
2607 3787 2874 3840 πλείστων
2900 3786 3041 3839 ὅσων
3071 3785 3546 3857 είσπεποιημίνυν

1967 3884 2049 3945 είς
2096 3880 2392 3945 υἱοθεσίαν,
2444 3879 2559 3934 ἀλλ’
2587 3880 2675 3933 ἐπ’
2709 3879 2915 3932 ἐκεῖνον
2965 3876 3127 3929 αὐτὸν
3176 3876 3272 3930 τὸν
3313 3877 3417 3931 ἕνα
3461 3875 3538 3929 καί

1966 3973 2130 4044 φύσει
2172 3973 2267 4028 καὶ
2304 3970 2521 4043 ἀληθῶς
2544 3969 2655 4024 τῶν
2681 3968 3046 4041 ἀκροωμένων
3078 3969 3107 4021 ὁ
3144 3968 3272 4032 νοῦς
3302 3968 3424 4033 ὀξεῖ
3457 3963 3534 4022 καὶ

1966 4065 2319 4139 ἁναμφιλόγῳ
2344 4064 2568 4134 φέρεται
2590 4061 2800 4134 δρόμῳ.
2831 4056 2910 4115 'n
2935 4061 3037 4113 οὐκ
3066 4059 3268 4132 ἀληθὲς
3298 4058 3445 4115 εἷναί
3471 4073 3538 4112 σοι

1965 4155 2029 4209 τὸ
2055 4155 2245 4226 χρῆμα
2275 4154 2455 4220 δοκεῖς

2034 4267 2098 4322 Β.
2139 4263 2269 4321 Ναί.

2036 4358 2100 4411 Α.
2143 4356 2355 4426 ’Ὥσπερ
2382 4349 2476 4410 οὖν
2509 4354 2626 4418 ἐνὸς
2658 4353 2810 4418 ὄντος
2841 4355 2899 4407 ἐν
2924 4354 3055 4424 ἡμῖν
3084 4350 3178 4405 τοῦ
3210 4350 3361 4407 κατὰ
3391 4351 3540 4423 φύσιν

1966 4467 2025 4504 τε
2065 4449 2158 4504 καὶ
2190 4447 2442 4520 ἀληθινοῦ
2470 4447 2629 4512 Θεοῦ,
2667 4448 2825 4518 εἴπερ
2848 4463 2924 4516 τῳ
2953 4445 3045 4498 τὸν
3070 4443 3195 4498 καθ’
3227 4446 3381 4516 ἡμᾶς
3420 4443 3541 4499 Θεὸν

1965 4540 2228 4612 ὀνομάσαι
2258 4539 2443 4610 δοκοίη
2476 4539 2764 4611 προσθέντι
2803 4538 2987 4609 μηδὲν,
3011 4536 3121 4590 οὐδ’
3154 4536 3282 4592 ὅσον
3307 4537 3394 4601 είς
3427 4534 3541 4590 νοῦν

1966 4629 2341 4700 είσδεξαίμεθα
2371 4629 2437 4683 ἂν
2462 4630 2561 4701 τὴν
2593 4629 2780 4701 ἑτέρου
2820 4627 3071 4698 δήλωσιν,
3099 4624 3281 4680 καίτοι
3310 4623 3541 4697 πληθύος

1964 4718 2109 4773 οῦτω
2147 4718 2346 4788 πολλῆς
2376 4719 2457 4782 είς
2481 4717 2577 4788 τὴν
2602 4716 2699 4771 τοῦ
2731 4715 2868 4770 Θεοῦ
2899 4715 3089 4786 κλῆσιν
3130 4714 3542 4784 είσδεδεγμένης

1963 4809 2022 4861 ἐν
2061 4823 2120 4860 τε
2155 4805 2370 4878 οὐρανῷ
2422 4806 2519 4861 καὶ
2550 4805 2643 4859 ἐπὶ
2690 4805 2787 4875 τῆς
2835 4806 2959 4876 γῆς,
3011 4803 3157 4856 καθὰ
3204 4803 3540 4875 γέγραπται·

1963 4897 2107 4951 οῦτω
2138 4897 2228 4950 τὸν
2258 4897 2355 4951 ἕνα
2387 4897 2483 4950 καὶ
2526 4895 2742 4966 ἀληθῶς
2770 4894 2899 4949 Υίδν
2938 4892 3171 4958 ὀξύτατα
3200 4892 3544 4964 διασκέψαιτ*

1962 4990 2029 5045 ἂν
2055 4992 2163 5044 τῶν
2191 4989 2448 5061 φιλοθέων
2472 4991 2501 5043 ὁ
2524 4987 2668 5051 νοῦς,
2703 4987 2863 5059 εἴπερ
2887 5004 2971 5050 τις
3004 4987 3140 5049 ὅλως
3177 4985 3313 5041 Υίὸν
3344 4986 3540 5060 ὄνομά·

1966 5097 2057 5135 σαι
2084 5078 2242 5143 Θεοῦ,
2275 5077 2558 5150 προσθεῖεν
2604 5077 2651 5131 δ’
2695 5078 2762 5133 ἂν
2805 5078 2886 5131 ἐτι
2929 5077 3041 5140 τοῖς
3084 5077 3402 5147 εἰρημένοις
3452 5077 3544 5132 καὶ

1961 5171 2102 5227 τόδε.

2032 5264 2094 5316 Β.
2135 5261 2209 5316 Τὸ
2243 5261 2394 5316 ποῖόν
2422 5278 2474 5315 τι
2502 5262 2643 5332 φής;

2032 5374 2096 5427 Α.
2139 5374 2213 5427 Ού
2244 5371 2374 5444 γὰρ,
2403 5366 2449 5426 ὧ
2483 5371 2749 5443 βέλτιστε,
2791 5372 2955 5442 φαίης
2989 5372 3055 5427 ἂν
3097 5371 3158 5425 τὸ
3202 5370 3424 5443 ἀληθῶς
3457 5371 3538 5435 ἂν.

1963 5466 2020 5519 ἓν
2062 5462 2199 5518 εἷναί
2242 5482 2294 5519 τι
2323 5466 2417 5520 καὶ
2446 5467 2506 5520 ού
2541 5465 2743 5531 πολλάς
2783 5464 2952 5520 Τοῦτο
2980 5465 3037 5519 δέ
3083 5465 3202 5518 ἐστι
3231 5465 3388 5530 Θεὸς,
3415 5466 3541 5538 ἦτοι

1962 5554 2097 5608 Θεοῦ
2129 5553 2309 5624 φύσις.

2034 5647 2091 5699 Β.
2132 5646 2299 5716 Φαίην
2334 5646 2415 5704 iv.
