3809 6125
263 348 377 406 ⁹199

275 568 445 625 ctum,
468 560 559 629 qui
594 573 690 614 nos
725 556 923 611 divinis
948 555 1138 624 gratiis
1160 569 1255 624 per
1274 553 1510 621 seipsum
1546 548 1750 619 implet,
1792 556 1847 602 et

279 650 565 706 ineffabilis
596 658 802 703 naturae
828 646 1006 702 reddit
1034 642 1361 716 participes?
1387 644 1487 700 Sic
1536 642 1680 698 enim
1747 639 1849 695 ali·

280 742 406 797 cubi
446 738 743 795 salvatoris
767 738 1063 808 discipulus
1085 736 1205 793 iniit
1239 754 1253 791 :
1291 752 1312 787 r
1347 731 1408 789 ln
1433 734 1536 790 boo
1567 731 1850 803 cognosci-

281 852 404 891 mus
437 837 575 906 quod
608 834 658 889 in
699 834 853 889 nobis
873 843 976 898 est,
1005 832 1130 898 quia
1163 832 1232 888 de
1291 829 1500 898 Spiritu
1560 843 1660 886 suo
1706 826 1850 882 dedit

283 926 438 982 nobis
475 925 541 980 ’⁸.
575 944 592 977 ι

351 1096 414 1153 Β.
433 1096 537 1153 Per
553 1111 718 1151 unum
739 1096 905 1166 igitur
938 1089 1200 1165 Spiritum
1224 1104 1474 1149 sanctum
1505 1090 1594 1147 illa
1608 1090 1678 1147 ab
1700 1074 1851 1145 utro-

280 1204 388 1262 que
416 1189 689 1259 plenitudo
708 1187 1007 1256 perlicitur,
1037 1202 1146 1241 non
1175 1183 1443 1242 seorsim?

349 1282 415 1335 Α.
439 1280 581 1335 Sane
609 1277 1103 1350 quidem,llermia.
1148 1276 1304 1345 Quod
1341 1284 1522 1333 autem
1574 1275 1720 1348 cogit
1755 1290 1852 1332 nos

283 1382 344 1429 ut
371 1381 422 1426 te
445 1381 847 1440 percontemur,
885 1376 940 1425 et
972 1382 1262 1440 urgeamus
1287 1381 1394 1438 quo
1428 1375 1588 1437 pacto
1611 1366 1704 1421 ssat
1755 1382 1853 1439 per

282 1476 447 1515 uuum
479 1458 739 1527 Spiritum
765 1458 851 1512 illa
883 1457 1164 1527 utriusque
1186 1457 1432 1526 operatio
1480 1470 1600 1527 quae
1618 1458 1690 1513 ad
1744 1457 1851 1528 ple·

283 1544 582 1601 nitudinem
613 1545 864 1621 pertinet,
895 1543 1024 1598 illud
1047 1552 1153 1610 est,
1187 1543 1397 1613 opinor.

353 1723 413 1777 B.
438 1720 744 1789 Quodnam,
778 1721 970 1776 amabo
990 1720 1079 1776 te?

1291 343 1350 397 S.
1391 337 1667 397 CYthLl
1708 330 2171 394 ALExaNomNt
2216 324 2531 386 anctttsst‘.

141 503 149 510 -
263 472 527 524 arduum.
577 468 677 536 Qui
721 466 865 521 enim
893 464 1050 521 aliter
1078 480 1238 535 qnam
1264 478 1360 534 per
1405 459 1665 532 Spiritum
1707 472 1834 509 san·
1868 459 1916 515 Α
1941 447 2198 522 χαλεπὸν,
2227 448 2261 517 ἢ
2311 446 2654 514 δυσέφικτον.
2692 443 2817 509 Πῶς
2850 442 2962 514 γὰρ
2999 440 3066 495 ἂν
3114 441 3321 515 ἑτέρως
3374 443 3408 515 ἢ
3449 442 3537 499 διὰ

1953 542 2050 597 τοῦ
2079 540 2234 610 ἀγίου
2269 536 2604 607 Πνεύματος,
2630 537 2790 591 θείων
2830 535 2979 607 ἡμᾶς
3010 534 3369 605 χαρισμάτων
3407 538 3538 590 ἀνα-

1956 630 2295 703 πιμπλάντος
2316 628 2383 682 δι’
2412 623 2632 689 ἑαυτοῦ,
2658 625 2756 679 καὶ
2773 625 2874 695 τῆς
2896 624 3141 695 ἀρρήτου
3172 623 3392 693 φύσεως
3419 641 3535 679 χοι-

1956 720 2158 783 νωνοὺς
2190 717 2622 788 ἀποφαίνοντος;
2664 708 2796 768 Ὧδε
2825 712 2936 786 γάρ
2980 714 3083 767 πού
3120 730 3255 785 φησι
3288 714 3387 768 τοῦ
3426 715 3542 770 Συ·

1954 810 2120 882 τῆρος
2147 810 2177 862 ὀ
2210 806 2487 879 μαθητής·
2533 823 2553 857 ι
2600 802 2692 858 Ἐν
2720 801 2894 872 τούτῳ
2950 800 3295 875 γινώσκομεν
3360 804 3452 858 δτι
3483 805 3541 858 ὲν

1956 901 2087 972 ἡμῖν
2122 900 2307 965 ἐστιν,
2351 898 2435 951 ὅτι
2486 895 2553 949 ἐκ
2592 893 2690 950 τοῦ
2750 892 3071 965 Πνεῦματος
3117 895 3283 951 αὐτοῦ
3335 895 3541 953 ἔδωκεν

1958 992 2110 1063 ἡμῖν.
2142 1010 2161 1043 r
2654 1011 2658 1015 ·

2028 1082 2092 1135 Β.
2130 1081 2211 1135 Δι’
2253 1078 2387 1147 &vop
2404 1071 2500 1135 οῦν
2530 1077 2626 1134 τοῦ
2670 1078 2827 1149 ἁγίου
2855 1074 3172 1147 Πνεῦματος
3197 1076 3234 1147 η
3267 1077 3403 1150 παρ’
3431 1077 3543 1151 ἅμ-

1958 1173 2079 1243 φοῖν
2104 1172 2410 1242 ἐνεργεῖται
2437 1170 2739 1242 πλήρωσις,
2768 1168 2830 1223 οὗ
2857 1167 3313 1240 μεμερισμένως;

2024 1259 2090 1316 Α.
2130 1260 2281 1315 Πάνυ
2312 1259 2412 1333 μὶν
2444 1255 2559 1327 οὗν,
2589 1254 2635 1315 ὦ
2669 1259 2931 1332 Ἐρμεῖα·
2953 1257 3016 1311 τὸ
3041 1256 3098 1311 δὲ
3129 1257 3195 1329 δὴ
3221 1258 3426 1330 χρῆναι
3456 1274 3542 1327 φι-

1957 1354 2275 1409 λοπευστεῖν
2306 1352 2626 1419 ἀναπεῖθον,
2660 1353 2756 1405 καὶ
2785 1351 2891 1405 ἀνα
2899 1348 3189 1422 μανθάνειν
3219 1349 3542 1419 ὲπείγεσθαί

1960 1463 2042 1512 σε,
2069 1446 2149 1509 τὸ,
2184 1433 2346 1512 ὅπωςι
2378 1443 2445 1499 ἂν
2473 1443 2685 1515 γένοιτο
2712 1443 2782 1497 δι’
2830 1441 2953 1506 ἐνὸς
2995 1440 3093 1496 τοῦ
3139 1440 3472 1514 Πνεῦματος·
3505 1443 3541 1513 ἠ

1960 1537 2091 1608 παρ’
2136 1536 2338 1609 ἀμφοῖν
2393 1533 2645 1608 ἐνέργεια
2666 1574 2682 1601 ,
2735 1532 2970 1588 τελοῦσα
3033 1532 3171 1604 πρὸς
3225 1534 3541 1607 πλήρωσιν,

1960 1628 2157 1691 ἐκεῖνο,
2192 1621 2370 1699 οἶμαι,
2406 1626 2575 1682 ἔστιν.

2029 1717 2091 1772 Β.
2133 1716 2250 1771 Οἴει
2281 1716 2339 1770 δὲ
2370 1718 2436 1787 δὴ
2458 1717 2549 1785 τί;

340 1814 404 1870 Α.
441 1811 701 1882 intelligis
746 1812 963 1883 qnippe,
1003 1820 1062 1866 ut
1093 1825 1348 1884 auguror,
1397 1812 1540 1883 quod
1596 1827 1720 1869 eum
1745 1828 1851 1869 non
1882 1800 1926 1859 Β
2023 1808 2088 1862 Α.
2128 1808 2321 1877 Διανοῇ
2348 1804 2457 1877 γάρ
2492 1822 2617 1869 που.
2638 1803 2779 1865 κατὰ
2798 1803 2859 1858 τὸ
2889 1802 3057 1870 εἰκὸς,
3085 1802 3164 1866 ὡς
3189 1799 3354 1874 εἴπερ
3375 1800 3544 1873 mst-

282 1905 512 1962 similem
544 1904 689 1960 nacti
717 1903 826 1960 sint
852 1903 1082 1958 invicem
1119 1912 1367 1959 naturam
1390 1902 1648 1969 (maxime
1691 1902 1858 1977 469

283 2010 408 2051 cum
438 1994 610 2050 Filius
633 1993 1072 2049 substantialiter
1100 1993 1279 2049 minor
1308 1994 1403 2063 sit,
1430 2002 1488 2049 ut
1520 1995 1707 2051 nescio
1749 2010 1858 2065 quo

283 2086 444 2143 modo
475 2085 548 2140 illi
583 2082 898 2156 somniant),
924 2085 968 2141 si
993 2085 1202 2156 operati
1228 2084 1428 2141 luerint
1454 2085 1659 2157 aliquid
1685 2087 1738 2142 ln
1757 2100 1855 2143 no-

282 2172 512 2238 bis‚non
539 2171 733 2243 aequali
766 2180 821 2228 et
843 2172 1033 2228 eodem
1073 2187 1170 2243 per
1227 2173 1410 2229 omnia
1428 2176 1588 2231 modo
1619 2177 1856 2247 perfecta

282 2280 404 2323 esse
431 2264 611 2319 forsan
676 2263 1043 2320 censebuntur
1081 2278 1203 2334 qum
1241 2263 1317 2320 illi
1368 2268 1578 2337 operati
1626 2267 1848 2325 fuerint.

282 2355 552 2410 Praeterea
605 2352 877 2421 quomodo
926 2368 1025 2424 per
1073 2369 1234 2408 unum
1285 2364 1534 2412 sanctum
1592 2356 1854 2429 Spiritum

281 2444 372 2499 illa
394 2444 674 2513 utriusque
695 2444 747 2498 in
770 2443 926 2499 nobis
939 2444 1040 2499 erit
1068 2445 1365 2515 plenitudo,
1392 2448 1484 2518 qui
1511 2463 1853 2521 nequaquam

283 2519 675 2582 ministratot‘io
690 2526 848 2581 modo
863 2542 982 2597 quae
1011 2527 1238 2583 alterins
1270 2538 1397 2584 sunt
1423 2531 1645 2600 propria
1670 2531 1726 2587 in
1755 2532 1855 2589 no'-

282 2618 368 2674 bis
389 2618 589 2688 signat,
623 2626 678 2671 et
703 2617 941 2674 ministri
981 2618 1130 2675 vices
1184 2618 1239 2673 in
1279 2619 1434 2676 nobis
1497 2621 1702 2692 implet,
1759 2624 1853 2679 sed

283 2718 536 2777 tanquam
561 2709 615 2762 in
653 2708 870 2779 propria
903 2717 1095 2764 natura
1113 2710 1276 2765 etiam
1310 2710 1593 2783 utriusque
1628 2712 1855 2783 plenitu-

284 2801 464 2876 dinem
504 2800 704 2855 habet?
750 2862 755 2865 ,

355 2890 414 2944 Β.
447 2889 862 2948 consultissime
891 2892 1150 2964 loqueris.
1184 2892 1298 2951 Hoc
1323 2895 1468 2951 enim
1499 2896 1630 2952 milii
1660 2898 1851 2968 utique

281 2983 607 3037 obversatur
640 2983 844 3037 animo.

355 3071 419 3126 A.
449 3070 527 3126 Eo
550 3072 732 3139 itaque
759 3073 1136 3142 disputationis
1163 3075 1386 3144 hujusce
1407 3087 1637 3135 conatus
1667 3081 1850 3136 omnis

1876 3126 1923 3190 C

1955 1896 2069 1950 λοιν
2114 1897 2213 1967 οὐχ
2243 1894 2434 1967 ὁμοίαν
2483 1894 2760 1967 λαχόντοιν
2820 1893 3001 1965 φύσιν,
3056 1892 3155 1948 &ts
3192 1889 3263 1963 δὴ
3289 1892 3354 1945 τὸ
3391 1893 3544 1963 μεῖω

1955 1988 2234 2054 οὐσιωδῶς
2254 1987 2470 2060 ἔχοντος
2492 1986 2589 2042 τοῦ
2618 1985 2777 2053 Υἱοῦ,
2810 1986 2954 2041 κατὰ
2982 1984 3047 2039 τὸ
3068 1984 3305 2049 ἐκείνοις
3328 1982 3540 2050 δοκοῦν,

1956 2081 2057 2135 οὑκ
2095 2075 2191 2133 οἵδ’
2218 2079 2387 2146 ὅπως,
2417 2077 2772 2153 ὲνεργήσειάν
2802 2095 2856 2132 τι
2879 2077 2991 2133 τῶν
3028 2077 3114 2141 εἰς
3140 2076 3316 2149 ἡμᾶς,
3351 2076 3455 2131 οὐκ
3483 2078 3543 2130 ἐν

1960 2172 2061 2243 ῑσῳ
2112 2172 2301 2245 τρόπῳ
2358 2173 2454 2227 καὶ
2499 2172 2957 2251 ἀπαραλλάκτως(
3005 2169 3187 2241 ἔχοντι
3242 2170 3387 2225 κατά
3431 2170 3540 2224 πᾶν

1956 2262 2155 2331 ὁτιοῦν,
2188 2261 2598 2334 ὲκπεπεράνθαι
2615 2260 2779 2332 τυχδν
2804 2259 2874 2315 τὰ
2898 2259 3001 2330 τῆς
3036 2259 3325 2331 ἐνεργείας
3358 2258 3540 2323 αὐτοῖς

1956 2354 2174 2427 νοηθείη
2203 2356 2295 2412 ἄν.
2312 2352 2446 2410 Εἶτα
2478 2355 2598 2421 πῶς
2620 2356 2687 2410 ἂν
2706 2353 2788 2408 ἔτι
2816 2353 2883 2406 δι’
2916 2352 3038 2417 ἐνὸς
3055 2351 3159 2408 τοῦ
3183 2352 3345 2423 ἁγίου
3369 2349 3538 2406 11νεῦ-

1960 2461 2128 2515 ματος
2159 2446 2194 2516 ὴ
2225 2449 2359 2517 παρ’
2390 2446 2595 2516 ἀμφοῖν
2633 2445 2691 2497 ἰν
2721 2444 2856 2516 ἡμῖν
2888 2439 3045 2495 ἔσται
3084 2441 3390 2513 amptum,
3435 2440 3534 2509 οὐχ

1958 2534 2306 2606 ῦπουργικῶς
2349 2534 2773 2605 ὲνσημαίνοντος
2809 2533 2879 2586 τὰ
2910 2529 3181 2602 ἑκατέρου
3207 2529 3385 2599 τυχὸν,
3431 2527 3521 2580 καὶ

1954 2620 2053 2693 τὴν
2080 2621 2393 2690 διακονικὴν
2422 2623 2482 2675 ὲν
2513 2624 2646 2694 ἡμῖν
2684 2618 3139 2694 ἀποπληροῦντος
3162 2618 3360 2702 χρείαν,
3399 2615 3512 2671 ἀλλ’

1955 2712 2032 2777 ὥς
2058 2714 2116 2769 ἰν
2151 2711 2260 2785 ἰδίᾳ
2282 2711 2463 2782 φύσει,
2488 2714 2584 2767 καὶ
2611 2712 2710 2785 τὴν
2736 2714 2938 2785 ἀμφοῖν
2967 2699 3388 2782 εἰσκομίζοντοςς

2026 2894 2087 2949 Β.
2131 2890 2563 2966 Προμηθέστατα
2604 2891 2759 2964 ἔφης.
2796 2894 2959 2948 Τουτὶ
2993 2892 3105 2963 γὰρ
3150 2890 3217 2963 δὴ
3247 2906 3340 2964 μοι
3372 2889 3530 2962 στρέ-

1954 3003 2117 3056 φεται
2139 2979 2282 3042 κατὰ
2304 2985 2454 3041 νοῦν.

2026 3080 2090 3133 Α.
2133 3072 2437 3151 Τετράφθω
2459 3079 2524 3150 δὴ
2554 3075 2647 3134 οὖν
2677 3079 2765 3133 ἐπ’
2794 3079 2928 3135 αὐτὸ
2961 3078 3029 3151 δὴ
3058 3078 3219 3134 τουτὶ
3254 3077 3352 3134 τοῦ
3377 3077 3540 3149 λόγου

283 3171 659 3216 convertatur.
710 3161 894 3219 Dicam
940 3179 1074 3220 vero
1102 3167 1327 3236 quodid
1372 3183 1536 3224 omne
1569 3172 1713 3240 quod
1752 3186 1850 3243 per
1951 3167 2014 3222 τὸ
2048 3167 2402 3240 σπούδασμα·
2435 3170 2603 3242 φαίην
2641 3170 2686 3224 δ’
2717 3169 2784 3225 ἂν
2811 3171 2894 3225 ὅτι
2932 3169 2995 3224 τό
3022 3187 3173 3236 τινος
3204 3169 3420 3242 ἐτέρας
3437 3170 3536 3242 ἐβ-

282 3253 519 3320 seipsum
565 3252 791 3320 alicujus
834 3255 1271 3312 communionem
1310 3259 1433 3316 aliis
1469 3259 1633 3314 iul'ert
1659 3300 1675 3326 ,
1719 3277 1851 3317 neu·

286 3342 492 3410 tiquam
525 3356 555 3397 a
606 3344 839 3400 naturali
879 3359 1001 3400 cuin
1046 3346 1140 3402 illo
1182 3348 1564 3420 coitiunctione
1590 3352 1847 3421 recedet,

284 3435 378 3487 scd
420 3434 492 3487 ita
524 3436 834 3502 operabitur
879 3441 1033 3506 qnasi
1075 3438 1256 3495 sor-sau
1288 3451 1431 3499 esset
1489 3443 1653 3498 etiam
1696 3445 1849 3502 illud.

285 3522 600 3582 Necessaria
628 3528 795 3592 enim,
825 3529 1018 3598 opinor
1044 3571 1061 3599 ,
1095 3531 1162 3586 ad
1203 3534 1613 3592 substantialem
1648 3539 1849 3595 identi-

285 3625 448 3670 tatem
479 3616 566 3671 illa
599 3620 898 3688 composita
951 3630 1076 3675 sunt
1122 3620 1239 3692 lege
1264 3663 1280 3689 ,
1333 3639 1667 3696 quaecunque
1707 3629 1852 3700 ejus-

284 3709 406 3763 dem
438 3709 653 3764 virtutis
683 3711 1052 3779 operationem
1095 3722 1281 3770 mutuo
1313 3727 1471 3773 nacta
1503 3719 1775 3778 videntur.

354 3799 416 3856 Β.
442 3798 717 3870 Exemplis
751 3811 902 3857 utere
949 3815 1129 3872 quaeso
1155 3821 1169 3857 :
1203 3820 1306 3862 nou
1333 3808 1477 3864 enim
1502 3821 1785 3883 assequor.

353 3977 418 4031 A.
456 3976 628 4048 Pergo
654 3977 855 4047 itaque,
882 3989 937 4035 et
957 3981 1069 4048 jam
1102 3985 1408 4053 aggredior.
1457 3985 1552 4041 Sol
1589 3987 1704 4057 ipse
1749 3990 1849 4046 ali-

284 4068 411 4134 quid
444 4084 538 4138 per
564 4085 621 4124 se
657 4070 974 4142 intelligitur
1020 4083 1074 4127 et
1096 4084 1200 4139 est,
1231 4084 1287 4130 et
1325 4077 1557 4132 sublime
1582 4083 1852 4146 percurrit

288 4159 428 4224 iter,
461 4159 681 4214 factoris
725 4169 858 4215 nutu
889 4177 1007 4216 eam
1038 4156 1251 4217 sortem
1286 4177 1499 4222 nactus.
1550 4167 1850 4229 Demittens

283 4261 463 4306 autem
516 4252 728 4317 radios,
783 4261 1064 4322 terrasque
1105 4253 1368 4322 lambens,
1403 4273 1619 4315 sensum
1647 4263 1847 4321 caloris

289 4340 548 4396 infundit.
578 4339 733 4408 Quod
769 4342 812 4396 si
841 4343 1001 4398 anxie
1033 4346 1359 4416 perscrutari
1402 4347 1653 4418 velimttS,
1685 4367 1845 4421 quam

1954 3256 2142 3311 ποιοῦν
2177 3257 2245 3311 δι’
2272 3257 2467 3313 ἑαυτοῦ
2505 3259 2606 3332 τὴν
2639 3260 2878 3332 μέθεξιν,
2904 3261 3008 3332 τῆς
3036 3261 3138 3332 μὲν
3186 3261 3331 3333 πρὸς
3367 3262 3542 3317 ἐκεῖνο

1953 3353 2228 3422 συμφυΐας
2270 3351 2692 3422 ἀποφοιτήσειεν
2731 3352 2802 3406 ἂν
2826 3351 3105 3422 οὐδαμῶς,
3149 3351 3441 3424 ἐνεργήσει
3480 3347 3539 3407 ἃ

1951 3440 2143 3505 οὕτως,
2171 3440 2247 3505 ώς
2279 3444 2438 3511 εἰπερ
2467 3436 2535 3512 ἦν
2564 3442 2695 3506 ἴσως
2734 3441 2958 3497 κάκεῖνο
2982 3430 3194 3512 ’τυχὸι
3233 3432 3538 3517 Ἀναγιαῖῃ

1951 3534 2081 3608 γὰρ,
2121 3529 2297 3606 οἶμαι,
2344 3535 2478 3604 πρὸς
2525 3534 2757 3605 οὐσιώδη
2792 3535 3105 3606 ταυτότητα
3140 3535 3534 3607 συντετάχαται

1953 3624 2123 3696 νόμῳ,
2146 3625 2236 3687 τὰ,
2274 3625 2483 3694 ὅσαπερ
2512 3622 2580 3677 ἂν
2608 3622 2858 3694 ἀλλήλοις
2885 3623 3220 3696 ταυτοσθενῆ
3254 3625 3355 3696 τὴν
3384 3625 3533 3696 ὲνὲρ-

1952 3730 2107 3784 γειαν
2130 3714 2455 3784 διαλαχόντα
2482 3713 2755 3783 φαίνοιτο.

2021 3804 2086 3860 Β.
2130 3803 2232 3857 Ἴθι
2281 3820 2374 3875 μοι
2415 3803 2506 3858 διὰ
2545 3804 3029 3885 παραδειγμάτων,
3076 3802 3286 3876 ἕπομαι
3316 3804 3429 3877 γὰρ
3471 3806 3528 3863 οὐ

1952 3892 2094 3948 λίαν.

2022 3981 2086 4034 Α.
2127 3979 2337 4033 Οὐκοῦν
2380 3974 2497 4052 εἶμί
2541 3997 2647 4047 τοι,
2675 3980 2770 4034 καὶ
2810 3980 2875 4052 δὴ
2913 3983 3010 4036 καὶ
3045 3982 3175 4054 ἐρῶ.
3203 3982 3400 4048 Ἥλιος
3437 3985 3529 4056 μὶν

1950 4071 2057 4141 γὰρ
2089 4071 2219 4125 αὐτό
2246 4088 2300 4124 τι
2333 4069 2453 4124 καθ’
2480 4072 2643 4126 ἑαυτὸ
2680 4071 2879 4128 νοεῖταί
2908 4090 2970 4127 τε
3006 4075 3101 4131 καὶ
3144 4073 3287 4141 ἔστι,
3316 4077 3415 4130 καὶ
3443 4078 3528 4131 ἀν-

1950 4160 2262 4232 ῳκισμένην
2293 4161 2393 4232 μέν
2419 4179 2542 4216 τινα
2565 4162 2775 4235 διέρπει
2808 4163 3015 4236 τρίδον,
3035 4166 3147 4228 τοῖς
3173 4165 3273 4219 τοῦ
3301 4183 3528 4237 πεποιη-

1950 4253 2105 4315 κότος
2134 4251 2363 4324 νεύμασι
2409 4253 2471 4306 rb
2514 4253 2640 4325 τῇδε
2685 4253 2830 4330 ἔχειν
2857 4254 3147 4328 διαλαχὼν.
3193 4255 3425 4323 Καθιεὶς
3471 4256 3523 4310 δὲ

1949 4341 2049 4413 τὴν
2099 4342 2322 4403 ἀκτῖνα,
2368 4341 2460 4394 καὶ
2500 4339 2610 4394 τῶν
2646 4342 2739 4395 ἐπὶ
2776 4342 2880 4413 γῆς
2924 4342 3310 4414 ἐπαφώμενος,
3351 4345 3523 4416 ἐνίησι

285 4442 340 4486 et
365 4432 577 4502 qualem
613 4443 862 4488 naturam
906 4434 1130 4489 sortitus
1184 4435 1254 4490 sit
1278 4475 1294 4500 ‚
1331 4437 1467 4493 citra
1508 4438 1745 4497 laborem
1791 4443 1843 4500 id
1879 4447 1922 4503 D
1952 4432 2052 4504 μὲν
2077 4433 2180 4503 τῆς
2217 4431 2552 4505 θερμότητος
2572 4433 2671 4504 τὴν
2698 4433 2971 4505 αἴσθησιν·
3002 4436 3065 4489 Εἰ
3097 4435 3159 4489 δὲ
3198 4436 3266 4510 δὴ
3306 4436 3436 4492 τίνα
3468 4452 3522 4491 τε

284 4524 680 4592 praestabimus.
707 4524 954 4582 Calidum
983 4526 1127 4582 euim
1144 4536 1199 4583 et
1217 4527 1439 4599 ignitum
1459 4546 1578 4588 esse
1598 4536 1773 4604 quivis
1792 4537 1846 4593 in

283 4613 522 4669 animum
553 4615 709 4672 facile
741 4616 1014 4673 induxerit
1042 4618 1132 4688 qui
1171 4619 1335 4677 semel
1382 4635 1449 4678 eo
1477 4622 1547 4678 sit
1593 4638 1742 4693 usus,
1778 4628 1846 4682 ad

285 4704 337 4759 ld
378 4706 848 4763 demonstrandum
888 4718 1169 4782 assumpto
1204 4712 1356 4767 radio
1388 4713 1564 4771 calido
1588 4757 1604 4782 ‚
1653 4719 1742 4787 qui
1777 4733 1845 4774 ex

278 4793 401 4865 ipso
448 4800 693 4868 procedit
721 4814 786 4856 ac
823 4800 1189 4872 profunditur.

353 5053 414 5108 B.
446 5054 613 5110 Recte
641 5056 798 5112 dicis.
856 5057 1119 5132 intelliget
1163 5063 1381 5133 quippe,
1426 5079 1547 5121 eum
1598 5083 1686 5125 res
1733 5067 1847 5138 ipsa

285 5145 597 5202 difficultate
617 5158 821 5204 careat.

355 5236 421 5290 A.
463 5234 582 5291 lam
606 5238 698 5307 qui
731 5239 789 5293 lit
821 5246 880 5293 ut
925 5239 1055 5297 illud
1094 5242 1309 5301 demum
1345 5248 1584 5305 cordatis
1617 5250 1850 5307 homini-

285 5320 385 5379 bus
413 5327 755 5386 manifestum
782 5346 886 5387 non
913 5331 1022 5388 sit?

357 5412 418 5465 B.
459 5412 725 5480 Quidnam
757 5421 888 5477 illud
917 5419 1052 5481 ais?

359 5503 423 5557 Α.
457 5502 697 5564 Alterius
726 5522 934 5570 naturae
963 5528 1071 5572 non
1101 5530 1221 5575 csse
1248 5531 1278 5573 a
1303 5517 1434 5579 solis
1460 5529 1673 5592 natura,
1707 5539 1848 5597 quae·

361 5685 406 5718 ¹⁸
433 5683 452 5738 Ι
489 5685 642 5743 Joau.
669 5706 740 5761 ιν,
778 5694 860 5749 15.

1500 5822 1538 5835 Ο.

1954 4525 2049 4582 καὶ
2078 4524 2325 4596 ποδαπὴν
2352 4525 2451 4596 τὴν
2480 4524 2644 4595 φύσιν
2670 4525 3095 4597 διεκληρώσατο,
3129 4526 3522 4600 πολυπραγμο·

1951 4619 2062 4671 νεῖν
2107 4616 2406 4689 ἐθέλοιμεν,
2456 4617 2709 4689 ἀνιδρωτὶ
2750 4615 3192 4691 κατορθώσομεν.
3238 4618 3367 4673 Ὀτι
3422 4617 3524 4693 γὰρ

1953 4706 2154 4778 θερμὸς
2177 4708 2271 4762 καὶ
2297 4705 2569 4778 πυρώδης,
2596 4706 2743 4772 ἀπας
2762 4706 3012 4762 ὁστισοῦν
3047 4707 3291 4773 εὐκόλως
3325 4709 3438 4763 τῶν
3459 4723 3518 4782 γε

1953 4799 2103 4868 ἅπαξ
2149 4801 2559 4873 μετεσχηκότων
2615 4801 2990 4872 περινοήσειεν
3028 4798 3096 4855 ἂν
3126 4801 3228 4872 τὴν
3271 4799 3334 4866 ἐξ
3358 4797 3519 4855 αὐτοῦ

1954 4888 2436 4960 προεκκύπτουσαν
2476 4886 2572 4940 καὶ
2609 4886 2989 4959 προχεομένην.
3036 4888 3232 4943 ἀκτῖνα
3278 4888 3522 4961 θερμὴν.

1956 4977 2285 5049 παραλαὸὼν
2313 4979 2390 5043 είς
2416 4976 2713 5043 ἀπόδειξιν.

2028 5069 2089 5122 Β.
2129 5065 2203 5125 Εὖ
2231 5066 2429 5137 λέγεις.
2454 5068 2685 5138 Συνήσει
2711 5065 2818 5139 γάρ
2865 5059 2980 5134 οὖν,
3021 5065 3230 5123 imitor.
3264 5069 3360 5124 καὶ
3393 5071 3522 5130 ἀτα-

1950 5159 2224 5229 λαίπωρον
2240 5158 2302 5212 τὸ
2337 5159 2527 5230 χρῆμά
2559 5159 2733 5211 ἐστιν.

2021 5252 2087 5304 Δ.
2127 5245 2258 5303 Εἶτα
2298 5249 2416 5312 πῶς
2444 5250 2619 5303 ἐκεῖνο
2671 5247 2856 5301 λοιπὸν
2895 5249 3007 5311 τοῖς
3034 5263 3098 5317 γε
3141 5246 3268 5302 νοῦν
3308 5248 3522 5321 ἔχουσιν

1954 5341 2055 5395 οὐκ
2090 5339 2364 5410 ὲμφανέςς

2026 5432 2087 5486 Β.
2123 5431 2198 5485 Τὸ
2223 5431 2278 5484 τί
2308 5430 2375 5501 δὴ
2404 5431 2540 5501 φής;

2026 5526 2090 5580 Α.
2133 5526 2254 5578 ’Ότι
2281 5523 2383 5595 τῆς
2407 5521 2561 5591 ἡλίου
2586 5522 2818 5591 φύσεως,
2840 5522 2958 5591 ἥτις
2985 5520 3115 5574 ποτέ
3136 5521 3307 5587 ἔστιν,
3341 5522 3516 5592 ἑτερο·
