3809 6125
309 274 412 332 783

1290 273 1348 330 S.
1387 270 1664 329 CYRlLLl
1700 268 2173 325 ALEXANDRINI
2210 268 2532 325 ARcfflEP.

3456 261 3570 319 78⁴

305 384 509 456 aliquid
558 385 810 455 genuisse
851 387 1071 456 dicitur,
1117 396 1172 445 et
1222 406 1292 446 ex
1339 405 1405 447 eo
1435 390 1581 461 quod
1619 399 1740 445 erat
1786 402 1882 458 po-
1914 393 1961 450 Α
1988 404 2101 457 γον.
2132 388 2206 439 Τὸ
2249 387 2347 457 μὲν
2372 386 2478 458 γὰρ
2507 385 2567 449 ἐξ
2594 384 2788 438 ἑαυτοῦ
2815 402 2866 438 τι
2906 383 3087 437 τεκεῖν
3120 379 3436 451 λεγόμενον,
3471 382 3573 437 καὶ

303 477 474 532 tentia
503 478 770 547 processit
808 479 875 534 ad
908 487 1112 545 actum,
1132 480 1348 537 velutin
1373 495 1470 536 sua
1518 488 1714 535 natura
1742 492 1884 533 com·

1988 480 2054 533 ἐκ
2097 477 2192 532 τοῦ
2219 477 2359 531 κατὰ
2384 475 2613 548 δύναμιν
2659 474 3001 549 προθεδηκδς
3044 473 3125 537 είς
3154 471 3468 542 ἐνέργειαν,
3494 472 3575 538 ὡς

302 577 508 624 motum
544 580 650 627 est.
685 570 802 625 Non
830 572 976 627 enim
1022 574 1076 628 in
1119 572 1261 640 aliis,
1297 575 1392 630 sed
1435 575 1491 629 in
1536 573 1655 644 ipso
1681 570 1886 642 patitur
1987 570 2046 621 ἐν
2076 568 2182 640 ίδίᾳ
2209 567 2372 636 φύσει
2407 566 2747 621 σεσάλευται.
2782 565 2955 622 Πάθοι
2985 562 3099 635 γάρ
3125 561 3191 616 ἂν
3220 562 3320 617 οὐκ
3346 562 3434 633 ἐφ’
3456 562 3578 617 ἐτέ-

301 668 505 716 motum
539 660 688 715 illum
734 670 910 719 actus.
937 661 1095 729 Quod
1133 672 1312 721 antem
1338 666 1408 721 ab
1450 665 1633 735 aliquo
1688 678 1793 719 non
1823 679 1885 719 a·

299 751 476 820 gendo
511 750 577 806 ad
597 751 930 821 operandum
951 754 1166 823 transit,
1199 769 1306 811 non
1337 756 1393 810 in
1439 755 1622 826 seipso
1650 761 1882 821 motum,

298 841 393 896 sed
433 842 488 896 in
533 842 657 900 aliis
686 857 811 900 cum
859 845 1064 902 babere
1142 855 1258 905 tum
1285 846 1449 904 etlam
1506 846 1689 902 facere
1731 859 1883 902 com·

300 932 600 1001 periemus.

371 1022 431 1078 B.
464 1024 692 1082 Gratum
736 1026 873 1082 mihi
916 1041 1023 1083 non
1055 1028 1237 1085 minus
1269 1043 1432 1100 quam
1468 1036 1628 1085 antea
1662 1025 1878 1094 seceris,

300 1119 351 1176 si
378 1134 496 1176 rem
529 1122 690 1179 nobis
719 1120 923 1177 clarius
953 1137 1221 1194 exponas.

370 1212 438 1267 A.
471 1212 715 1283 Agedum
742 1226 872 1282 ergo
899 1212 1244 1284 proteramus
1272 1215 1510 1272 hominis
1542 1212 1875 1284 exemplum.

297 1302 610 1360 Generandi
633 1302 780 1358 enim
805 1303 857 1358 vi
881 1304 1141 1374 proeditus
1163 1313 1250 1361 est
1269 1303 1565 1361 secundum
1607 1310 1876 1368 naturam,

298 1408 536 1465 cumque
564 1395 810 1466 potentia
845 1394 901 1451 id
939 1395 1138 1453 babeat
1173 1395 1350 1461 initio,
1391 1395 1444 1450 in
1475 1404 1718 1465 tempore
1747 1407 1880 1463 quo·

298 1498 407 1555 qne
435 1484 502 1540 ad
531 1493 710 1540 actum
745 1485 1017 1555 procedit.
1045 1484 1268 1542 liabens
1315 1495 1500 1541 autem
1534 1500 1640 1541 non
1671 1486 1879 1554 absque

296 1584 415 1632 arte
451 1576 759 1642 scientiam,
798 1576 894 1632 sed
925 1578 1107 1646 potius
1150 1578 1394 1632 innatam
1443 1576 1878 1634 substantialiter

296 1666 608 1723 artificiosas
641 1667 882 1736 cuiusvis
920 1669 1000 1724 rei
1044 1667 1304 1725 saciendae
1335 1670 1657 1741 potentiam,
1681 1684 1874 1725 navem

1990 680 2103 734 ροις
2144 662 2305 727 τισὶν,
2337 661 2454 714 ἀλλ’
2502 659 2588 728 ἐφ’
2624 656 2822 728 ἐαυτῷ,
2861 656 2960 726 τήν
3011 656 3132 709 κατ’
3166 654 3449 725 ἐνέργειαν
3483 653 3575 709 κί-

1985 766 2161 823 νησιν.
2204 749 2278 805 Te
2318 751 2375 803 δὲ
2407 749 2517 804 ἀπὸ
2537 748 2631 803 τοῦ
2664 765 2718 802 τι
2753 744 2831 820 μή
2862 743 3017 817 δρᾷν,
3055 745 3150 798 ἐπὶ
3174 743 3241 797 τὸ
3264 744 3375 798 δεῖν
3409 744 3578 816 ἐργά-

1986 840 2175 905 ζεσθαι
2202 838 2495 912 παρελθὸν,
2541 838 2643 892 οὑκ
2680 836 2767 909 ἐφ’
2809 833 2989 905 ἐαυτῷ
3024 835 3126 908 τήν
3158 834 3397 905 κίνησιν,
3452 834 3576 889 ἀλλ’

1984 932 2071 1002 ἐφ’
2100 932 2311 1004 ἑτέροις
2344 930 2466 1002 ἔχον
2490 946 2550 983 τε
2583 928 2679 984 καὶ
2710 926 2902 984 ποιοῦν
2933 925 3272 999 εὑρήσομεν.

2046 1014 2115 1078 B.
2160 1017 2390 1092 Ὀνήσῃς
2434 1021 2501 1074 ἂν
2541 1019 2642 1094 οὐχ
2667 1012 2834 1091 ἧττον
2881 1018 2916 1090 ἢ
2967 1016 3138 1071 πάλαι
3157 1059 3172 1082 ,
3222 1018 3575 1090 σαφεστέραν

1981 1116 2115 1186 ἡμῖν
2146 1113 2470 1185 ποιούμενος
2492 1110 2601 1185 τὴν
2624 1111 2925 1183 ἀφήγησιν.

2051 1207 2115 1259 A.
2149 1200 2360 1259 Οὐκοῦν
2391 1202 2538 1284 ,φέρε
2557 1189 2809 1276 λέγωμεν
2833 1202 2911 1267 ὡς
2952 1202 3039 1255 ἐπ’
3060 1200 3351 1275 ἀνθρώπω
3388 1201 3575 1273 τυχόν.

1979 1297 2299 1370 Γεννητικὸς
2345 1298 2446 1371 μὲν
2470 1293 2583 1370 γὰρ
2622 1295 2764 1351 κατὰ
2796 1291 2982 1366 φύσιν,
3023 1294 3119 1350 καὶ
3147 1294 3378 1367 δυνάμει
3416 1294 3580 1350 τοῦτο

1978 1389 2054 1443 ὢν
2082 1391 2140 1444 ἐν
2168 1389 2387 1462 ἀρχαῖς,
2420 1388 2680 1462 ἰἐᾴρεισιν
2707 1389 2767 1441 ἐν
2807 1386 2986 1459 χρόνῳ
3013 1386 3109 1441 καὶ
3150 1387 3232 1453 είς
3260 1384 3574 1458 ἐνέργειαν.

1980 1482 2095 1536 Οὐκ
2117 1469 2539 1553 ἀνεπιτήδευρον
2564 1478 2623 1534 δέ
2648 1479 2748 1550 τήν
2772 1478 2963 1548 σοφίαν
2988 1476 3151 1549 ἔχων,
3169 1477 3496 1549 ἐμπεφυκὸς
3516 1476 3577 1531 δὲ

1982 1571 2181 1644 μᾶλλον
2222 1562 2534 1638 οὐσιωδῶς,
2576 1564 2638 1624 τδ
2673 1570 2768 1625 καὶ
2815 1567 3075 1625 δῦνασθαί
3110 1586 3165 1624 τι
3194 1568 3329 1642 δρᾷν
3356 1569 3469 1625 τῶν
3515 1568 3577 1636 ἐξ

1978 1665 2289 1735 ἐπιστήμης
2312 1662 2407 1718 κά
2429 1662 2627 1734 τέχνης
2652 1660 3178 1735 ἀνθρωποπρεποῦς,
3203 1664 3576 1735 ναυπηγεῖται

295 1755 516 1825 quidem
570 1753 874 1812 fabricatur
921 1759 1268 1825 onerariam,
1311 1767 1368 1815 et
1411 1759 1568 1831 signa
1618 1759 1774 1830 lingit
1807 1774 1875 1816 ex
1909 1747 1951 1803 Β
1978 1756 2079 1828 μὲν
2116 1754 2335 1820 ὁλκάδα,
2369 1743 2593 1826 ,χαλκῶν
2630 1752 2688 1807 δὲ
2734 1752 3148 1827 ἐκτυπωμάτων
3174 1752 3319 1820 ἰδέας
3345 1755 3576 1828 διαμορ-

295 1861 424 1912 aere,
461 1856 554 1901 aut
581 1848 729 1903 aliud
751 1848 931 1904 simile
953 1849 1232 1921 quidpiam
1255 1849 1438 1908 efficit.
1477 1852 1559 1905 An
1588 1851 1752 1923 igitur
1784 1866 1872 1906 ea·

1976 1856 2097 1923 φοί,
2136 1853 2169 1925 ἢ
2209 1851 2341 1922 γοῦν
2376 1841 2568 1924 ’ἕτερόν
2603 1870 2656 1908 τι
2694 1848 2806 1919 τῶν
2846 1851 3051 1924 ὁμοίων
3093 1850 3415 1923 ἐργάζεται.
3439 1847 3574 1925 'Ap’

294 1939 417 1993 dem
452 1938 666 1994 ratione
700 1947 883 1996 motus
922 1939 1018 1996 tibi
1054 1940 1269 1997 videtur
1293 1942 1363 2008 is,
1398 1942 1489 2012 qui
1519 1949 1579 1997 ut
1606 1940 1768 1997 Pater
1790 1956 1878 1998 es-
1975 1939 2069 1998 οὗν
2092 1946 2150 1998 ὲν
2179 1945 2281 2014 ἴσῳ
2305 1942 2494 2015 τρόπῳ
2513 1959 2575 1997 τε
2602 1942 2701 1998 καὶ
2735 1942 2881 2016 λόγῳ
2914 1938 3243 2013 κεκινῆσθαί
3282 1957 3368 1997 σοι
3399 1942 3573 2009 δοκεῖ,

292 2037 378 2086 set
397 2044 465 2085 ex
492 2030 736 2099 potentia
766 2030 1032 2088 deductus
1063 2042 1150 2089 est
1177 2035 1246 2089 ad
1271 2041 1476 2100 actum,
1512 2042 1568 2089 et
1595 2031 1688 2103 qui
1712 2034 1779 2089 ad
1811 2047 1874 2089 ea

290 2125 592 2192 praestanda
619 2136 740 2192 quae
768 2133 897 2180 sunt
919 2124 1055 2181 artis
1081 2124 1276 2182 eodem
1301 2128 1498 2183 venit?

362 2302 421 2356 B.
460 2300 782 2372 Neutiquam
836 2303 890 2359 id
940 2318 1042 2375 ego
1097 2307 1432 2364 censuerim.
1480 2308 1580 2365 llic
1625 2313 1772 2367 enim
1812 2312 1872 2367 in

290 2393 472 2462 seipso
497 2401 678 2449 motus
703 2408 814 2449 non
840 2403 964 2463 est,
994 2397 1089 2451 sed
1116 2397 1360 2454 scientim
1386 2408 1441 2455 et
1473 2401 1609 2457 artis
1639 2416 1751 2458 suae
1772 2416 1874 2473 po-

293 2484 400 2540 tius
419 2498 548 2556 erga
583 2499 671 2540 res
706 2494 964 2542 externas
987 2486 1269 2557 specimen
1296 2486 1432 2544 edit.
1464 2486 1558 2545 lile
1581 2503 1711 2547 vero
1743 2492 1872 2547 sub·

289 2574 624 2631 stantialiter
652 2574 710 2631 in
734 2572 918 2647 seipso
948 2577 1352 2647 quodammodo
1370 2589 1640 2647 movetur,
1667 2589 1725 2637 et
1753 2598 1872 2638 mu-

291 2664 553 2721 tationem
600 2665 892 2735 quamdam
933 2675 989 2722 et
1037 2669 1452 2725 conversionem
1497 2671 1641 2726 circa
1695 2672 1868 2741 ipsam

288 2767 533 2813 nostram
571 2766 826 2813 naturam
869 2756 1058 2828 efficit,
1092 2768 1188 2815 aut
1217 2769 1368 2817 certe
1408 2769 1619 2818 naturae
1660 2758 1782 2834 qua}
1813 2763 1866 2818 in

288 2849 483 2918 quovis
513 2858 600 2905 est
628 2861 810 2906 actum
842 2859 898 2906 et
922 2852 1246 2921 potentiam.

357 2938 423 2992 A.
451 2938 748 2994 Enimvero
776 2940 924 2995 istud
962 2941 1216 3010 estquod
1247 2941 1494 2998 dicebam
1525 2946 1709 3012 modo,
1744 2962 1866 3001 mu-

293 3030 519 3087 tationis
558 3031 853 3088 discrimen
903 3032 957 3087 in
989 3040 1220 3101 utroque
1249 3046 1380 3090 sane
1403 3020 1705 3106 ⁸diligenter
1727 3052 1863 3092 cmi·

1976 2034 2072 2090 καὶ
2115 2035 2194 2098 είς
2231 2032 2294 2089 τὸ
2318 2027 2460 2100 εἶναι
2505 2034 2698 2107 Πατὴρ
2729 2032 2851 2090 κατ’
2889 2031 3176 2107 ἐνέργειαν
3204 2034 3271 2090 ἐκ
3296 2034 3396 2089 τοῦ
3427 2036 3577 2092 κατὰΙ

1972 2125 2200 2198 δύναμιν
2224 2125 2719 2198 παρενηνεγμένος,
2748 2126 2846 2181 καὶ
2874 2127 2956 2191 είς
2978 2125 3039 2180 τὸ
3063 2120 3207 2181 εἶναι
3231 2123 3575 2200 δημιουργὸς

1972 2218 2103 2286 τῶν,
2137 2220 2237 2273 ὅσα
2269 2219 2417 2290 ἐστὶν
2450 2220 2763 2291 ὲκτέχνης,
2789 2219 3129 2291 ἀναφοιτῶῦς

2042 2314 2105 2368 Β.
2139 2313 2255 2367 υύκ
2285 2312 2353 2367 ἂν
2383 2312 2625 2385 οίηθείην
2658 2313 2901 2367 πώποτε.
2937 2313 2995 2367 Ὀ
3032 2313 3132 2385 μὲν
3168 2314 3303 2387 γὰρ,
3346 2314 3449 2369 οῦκ
3481 2314 3575 2386 ἐφ’

1972 2406 2152 2478 ἐαυτῷ
2195 2405 2510 2477 κεκίνηται,
2546 2404 2649 2476 τῆς
2674 2405 2902 2478 ἐνούσης
2934 2406 2992 2461 δέ
3025 2405 3229 2478 μᾶλλον
3254 2407 3574 2480 ἐπιστήμης

1972 2496 2123 2568 αὐτῷ
2148 2496 2248 2569 τήν
2267 2496 2531 2569 ἐκφανσιν
2554 2496 2685 2568 περὶ
2710 2497 2781 2553 τά
2803 2496 2910 2563 ἐξω
2939 2498 3196 2555 ποιεῖται.
3232 2497 3292 2553 '0
3311 2493 3371 2553 δέ
3395 2499 3566 2566 ἐστιν,

1970 2589 2243 2652 οὐσιωδῶς
2261 2590 2348 2658 ἐφ’
2368 2586 2548 2658 ἐαυτῷ
2566 2588 2731 2643 οἱονεὶ
2752 2590 2903 2644 κινού
2912 2604 3091 2662 μενος,
3112 2588 3213 2644 καὶ
3233 2588 3560 2661 μετάστασίν

1969 2700 2091 2737 τινα
2130 2682 2227 2736 καὶ
2272 2680 2480 2754 τροπήν
2514 2682 2645 2753 περὶ
2687 2681 2859 2756 αὐτήν
2912 2683 3071 2755 ήμῶν
3119 2682 3398 2755 ἐργάζεται
3446 2680 3547 2751 τήν

1969 2768 2151 2844 φύσιν,
2184 2774 2303 2845 ἢτοι
2336 2766 2440 2843 τῆς
2471 2771 2688 2840 φύσεως
2718 2775 2817 2845 τὴν
2846 2776 2933 2846 ἐφ’
2955 2773 3166 2847 ὁτῳοῦν
3186 2773 3451 2847 ἐνάργειάν
3482 2789 3544 2827 τε

1970 2867 2067 2920 καὶ
2090 2865 2346 2937 δύναμιν.

2037 2958 2105 3014 Α.
2140 2958 2253 3013 Καὶ
2285 2957 2393 3031 μὴν
2433 2957 2591 3014 τοῦτό
2624 2958 2689 3028 γέ
2736 2959 2884 3012 ἐστιν
2929 2958 3069 3028 ὅπερ
3102 2953 3290 3027 ἔλεγον
3326 2954 3564 3026 ἀρτίως.

1966 3049 2067 3125 τήν
2102 3048 2197 3104 τοῦ
2238 3050 2556 3131 κεκινῆσθαι
2587 3050 2851 3124 διαφορὰν
2902 3048 3339 3106 ἀνασκοπεῖσθαι
3364 3046 3430 3122 δή
3453 3036 3569 3104 ’ἐπ’

287 3121 638 3178 siderandum
669 3136 813 3178 esse.
845 3120 992 3177 Nihil
1029 3122 1196 3194 igitur
1235 3132 1321 3179 est
1362 3125 1506 3194 quod
1551 3128 1866 3184 necessario
1890 3103 1938 3162 c
1967 3142 2172 3214 ἀμφοῖν
2217 3143 2438 3199 ἐθέλων,
2490 3144 2658 3200 οὐδὲν
2693 3139 2787 3199 οὖν
2836 3145 2943 3216 ⁶9²
2985 3140 3048 3197 τὸ
3082 3142 3161 3208 ὡς
3206 3141 3269 3208 ἐξ
3298 3143 3569 3214 ,ἀνάγκης

281 3224 388 3265 nos
418 3211 602 3280 adigat
631 3218 688 3264 ut
715 3207 967 3267 dicamus
997 3209 1093 3266 Dei
1137 3220 1388 3267 naturam
1423 3221 1686 3270 mutatam
1719 3231 1865 3284 esse,

285 3310 381 3356 aut
422 3313 633 3357 motum
661 3315 881 3370 passam
928 3303 985 3357 in
1026 3302 1133 3357 ulla
1185 3318 1243 3360 re
1270 3319 1392 3375 quae
1434 3305 1866 3363 substantialiter

287 3392 341 3446 in
371 3406 433 3446 ea
459 3392 552 3458 sit,
577 3395 721 3463 quod
753 3402 998 3464 tempore
1022 3396 1090 3451 ad
1112 3395 1459 3452 condendum
1491 3401 1860 3467 processerim

284 3485 380 3540 sed
410 3484 463 3539 in
500 3485 804 3540 substantia
836 3493 1042 3542 motum
1084 3486 1263 3559 ipsum
1296 3488 1557 3558 patietur,
1588 3491 1634 3545 si
1662 3493 1732 3546 ab
1764 3505 1863 3561 ge-

284 3577 510 3636 nerandi
543 3578 792 3648 potentia
836 3578 904 3634 ad
941 3581 1240 3650 generandi
1282 3590 1462 3636 actum
1507 3581 1692 3638 nescio
1727 3597 1864 3653 quo-

282 3673 444 3729 modo
476 3670 642 3726 luerit
668 3668 921 3726 adducta.

352 3766 415 3826 B.
447 3767 594 3822 Bene
625 3765 808 3821 habet.

354 3860 422 3915 A.
453 3857 761 3927 Quinetiam
791 3855 900 3911 alio
925 3854 1087 3912 modo
1118 3855 1267 3925 (nam
1299 3872 1523 3928 sagaces
1542 3873 1707 3918 canes
1731 3863 1858 3919 imi·

281 3950 473 4006 tandos
508 3948 612 4006 illis
634 3946 876 4004 arbitror
899 3948 991 4019 qui
1021 3948 1306 4004 veritatem
1335 3950 1592 4022 indagare
1651 3954 1857 4028 volunt)

281 4043 470 4097 videre
516 4039 643 4095 licet
692 4039 965 4103 infirmam
1003 4049 1059 4095 et
1107 4040 1373 4096 insulsam
1416 4042 1855 4101 adversariorum

278 4148 402 4191 esse
433 4132 728 4189 rationem.
765 4132 1015 4190 Divinum
1055 4134 1257 4204 quippe
1296 4144 1353 4189 et
1390 4134 1719 4193 altissimum
1760 4154 1855 4210 ge-

276 4226 458 4282 nimen
524 4224 670 4280 nulla
731 4225 889 4295 plane
949 4223 1090 4280 ratio
1143 4224 1308 4296 460
1361 4228 1594 4281 vetuerit
1640 4230 1851 4298 quomi-

276 4334 381 4375 nus
433 4317 681 4375 Genitori
739 4330 838 4372 suo
895 4318 1211 4381 coexsistat,
1258 4330 1382 4371 cum
1435 4331 1650 4388 semper
1689 4329 1745 4375 et
1785 4323 1854 4378 ab

273 4420 480 4466 aetcrno
529 4407 695 4464 Pater
727 4407 1063 4478 intelligatur
1094 4415 1150 4462 et
1183 4407 1263 4462 sit
1295 4407 1457 4465 Deus.
1499 4409 1631 4465 Cum
1669 4421 1850 4470 autem

275 4509 522 4558 creatura
555 4501 629 4555 sit
651 4498 876 4554 virtutis
899 4497 1224 4553 conditricis
1253 4508 1430 4566 actus,
1457 4501 1728 4571 quomodo
1758 4514 1853 4559 aut

274 4592 418 4647 unde
449 4590 814 4647 coexsistendi
844 4589 956 4646 Deo
978 4599 1035 4644 et
1058 4589 1125 4644 ab
1149 4599 1357 4647 aeterno
1385 4593 1687 4649 exsistendi
1731 4594 1848 4666 glo-

273 4685 410 4739 riam
435 4681 692 4737 babebit?
722 4696 846 4736 nam
876 4695 975 4736 nec
1000 4680 1206 4749 absque
1226 4681 1494 4753 principio
1516 4692 1600 4738 est
1627 4685 1680 4738 in
1708 4693 1845 4740 tem-

270 4790 428 4846 pore,
456 4781 510 4828 et
537 4789 601 4829 ex
629 4773 798 4828 nihilo
826 4776 892 4828 ad
919 4787 1043 4827 esse
1073 4781 1338 4827 movetur.
1365 4773 1559 4828 Annon
1588 4789 1844 4830 necessa·

265 4869 411 4925 rium
450 4882 570 4922 esse
593 4867 727 4921 dieis
761 4866 1085 4921 creatricem
1138 4876 1390 4919 naturam
1439 4866 1592 4936 prius
1622 4868 1847 4923 omnino

267 4958 494 5030 intelligi
537 4972 600 5012 ac
637 4957 788 5027 prius
825 4957 1098 5012 exsistere
1130 4956 1385 5012 omnibus
1413 4956 1576 5012 rebus
1605 4960 1846 5016 creatis?

1969 3232 2167 3301 ὠθοῦν,
2191 3234 2293 3307 τήν
2334 3232 2430 3290 τοῦ
2469 3234 2605 3290 Θεοῦ
2655 3235 2817 3306 φύσιν
2861 3233 3187 3305 κεκινῆσθαι
3231 3234 3443 3304 λέγειν,
3472 3232 3574 3288 καὶ

1964 3327 2057 3380 τὸν
2083 3326 2269 3379 κλόνον
2296 3329 2589 3400 ὑπομεῖναι
2617 3328 2744 3400 περί
2773 3346 2823 3383 τι
2849 3329 2957 3382 τῶν
2984 3326 3155 3382 ὄντων
3181 3325 3489 3391 οὐσιωδῶς,
3518 3327 3571 3380 εἰ

1966 3421 2197 3491 προήκοι
2243 3420 2385 3473 κατὰ
2431 3420 2661 3491 χρόνους
2698 3420 2794 3477 ἐπὶ
2834 3419 2898 3474 τὸ
2933 3419 3133 3491 χρῆναι
3177 3419 3566 3501 δημιαιρχείν,

1964 3507 2126 3562 πάθοι
2154 3507 2198 3562 δ’
2225 3507 2290 3564 ἂν
2318 3510 2397 3572 είς
2418 3510 2605 3562 οὐσίαν
2627 3509 2796 3580 αὐτὴν
2820 3507 2917 3580 τήν
2948 3508 3182 3580 κίνησιν,
3206 3507 3280 3564 ἐκ
3296 3506 3397 3563 τοῦ
3419 3508 3568 3566 κατὰ

1960 3597 2191 3671 δύναμιν
2215 3601 2295 3664 εἰς
2325 3600 2601 3671 ἐνέργειαν
2629 3598 2723 3653 τοῦ
2755 3600 2951 3670 γεννᾷν
2978 3600 3079 3655 οὐκ
3108 3595 3204 3654 οἷδ’
3231 3600 3385 3665 ὅπως
3417 3617 3564 3672 παρ-

1963 3690 2341 3762 ενηνεγμένος.

2032 3781 2094 3835 Β.
2143 3781 2349 3853 Ὀρθῶς
2382 3782 2516 3853 ἔχει.

2029 3874 2095 3927 A.
2132 3874 2244 3927 Καὶ
2278 3873 2481 3947 ἑτέρως
2523 3874 2583 3928 δέ
2607 3891 2619 3905 ·
2657 3876 2854 3947 χρῆναι
2899 3874 3010 3948 γὰρ
3056 3871 3212 3947 οἶμαι
3259 3877 3359 3940 τὰς
3409 3874 3556 3946 ἄγαν

1960 3963 2309 4036 εὺρινοτάτας
2336 3966 2733 4038 ἀπομιμεῖσθαι
2766 3967 2876 4021 τῶν
2902 3967 3103 4034 κυνῶν,
3141 3968 3270 4033 τοὺς
3294 3968 3457 4041 οἵπερ
3484 3969 3555 4024 ἀν

1957 4053 2164 4132 ἐλοιντο
2192 4054 2262 4109 τά
2309 4059 2373 4110 ἐκ
2411 4059 2508 4128 τῆς
2546 4058 2802 4130 ἀληθείας
2858 4058 3168 4132 φιλοθηρεῖν
3214 4060 3513 4134 εὑρήματα
3535 4078 3551 4094 ·

1958 4147 2164 4201 κατίδοι
2191 4166 2275 4212 τις
2315 4149 2403 4215 ἂν,
2435 4150 2639 4223 ἀδρανῆ
2677 4168 2735 4204 τε
2773 4153 2870 4205 καὶ
2900 4152 3148 4223 ἄκομψον
3177 4154 3289 4207 τῶν
3334 4153 3555 4210 διεναν·

1957 4240 2080 4302 τίας
2110 4240 2200 4294 τὸν
2224 4241 2399 4310 λόγον.
2427 4243 2499 4296 Τὸ
2528 4245 2627 4314 μὲν
2652 4243 2762 4314 γὰρ
2786 4244 2927 4299 θεῖόν
2954 4263 3011 4298 τε
3038 4245 3134 4299 καὶ
3170 4246 3551 4318 ὑπερκόσμιον

1957 4330 2224 4404 γέννημα,
2243 4333 2555 4404 ἀπείρξειεν
2577 4335 2643 4390 ἂν
2674 4332 2827 4407 οἶμαι
2850 4336 3128 4401 παντελῶς
3146 4336 3299 4390 οὐδὲν
3325 4337 3440 4390 τῶν
3468 4339 3551 4402 είς

1956 4423 2288 4492 ἀναγκαίους
2326 4426 2566 4497 ήκόντων
2598 4427 2819 4497 λόγους,
2867 4429 2946 4500 τῷ
2995 4427 3111 4500 ίδίῳ
3144 4429 3545 4499 συνυφεστάναι

1962 4513 2266 4584 γεννήτορι,
2296 4516 2383 4568 ἀεὶ
2414 4517 2505 4570 καὶ
2533 4517 2784 4589 ἀνάρχως
2810 4519 3023 4590 Πατρὸς
3041 4517 3335 4589 νοουμένου
3363 4535 3425 4572 τε
3452 4521 3545 4573 καὶ

1961 4603 2111 4668 ὄντος
2165 4604 2322 4660 Θεοῦ.
2381 4609 2596 4682 Ἐπειδὴ
2644 4610 2701 4663 δέ
2749 4613 2895 4664 ἐστιν
2937 4611 2971 4682 ή
3010 4609 3185 4676 κτίσις
3225 4609 3541 4676 εὐσθενείας

1950 4694 2230 4766 ἐνέργημα
2261 4697 2679 4770 δημιουργικῆς,
2717 4701 2833 4765 πῶς
2873 4701 2969 4756 καὶ
3014 4701 3178 4756 πόθεν
3224 4701 3291 4756 ἂν
3324 4701 3442 4771 ἔχοι
3481 4701 3541 4754 τὸ

1952 4788 2347 4856 συνυφεστάναι
2375 4789 2515 4860 θεῷ,
2560 4792 2656 4845 καὶ
2684 4792 2779 4846 τοῦ
2825 4793 3011 4856 ἀϊδίως
3035 4789 3174 4846 εἶναι
3207 4790 3322 4864 τῆν’
3344 4793 3538 4859 δόξαν;

1949 4876 2089 4944 ἐπεὶ,
2129 4883 2264 4952 μήτε
2300 4882 2533 4954 ἄναρχος
2571 4885 2629 4939 ἐν
2666 4887 2861 4957 χρόνῳ.
2906 4889 3002 4942 καὶ
3046 4888 3147 4958 τήν
3186 4890 3267 4950 είς
3295 4888 3359 4941 τὸ
3398 4885 3537 4943 εἶναι

1946 4970 2162 5042 κίνησιν
2201 4974 2259 5041 ἐξ
2297 4977 2399 5029 οὐκ
2431 4977 2599 5032 ὄντων
2653 4979 2786 5049 ἔχει.
2818 4980 2889 5033 ’Ἡ
2922 4980 3021 5034 οὐκ
3059 4981 3361 5051 ἀναγκαῖον
3397 4978 3538 5036 εἶναι

267 5054 396 5124 φὴς,
442 5047 880 5124 προεπινοεῖσθαί
907 5066 965 5102 τε
1010 5051 1102 5103 καὶ
1147 5051 1552 5120 προϋφεστάναι
1619 5050 1796 5122 πάντη
1829 5072 1888 5108 τε
1928 5065 2020 5117 καὶ
2068 5067 2285 5134 πάντως
2325 5071 2424 5142 τὴν
2464 5073 2900 5146 δημιουργοῦσαν
2955 5075 3137 5146 φύσιν,
3188 5077 3393 5140 παντὸς
3442 5075 3535 5131 τοῦ

266 5147 598 5217 καλουμένου
628 5142 765 5214 πρὸς
793 5141 1025 5213 ὓπαρξιν
1053 5144 1492 5217 δημιουργικῶς;

338 5237 399 5291 B.
430 5234 737 5291 Assentior.

336 5328 403 5381 A.
442 5328 637 5396 igitur,
661 5331 894 5382 nondum
943 5322 1158 5394 quidem
1197 5335 1444 5383 creatura
1479 5328 1673 5386 educta
1720 5331 1837 5389 sue-

261 5424 348 5471 rat
378 5417 430 5468 in
462 5425 678 5469 ortum:
710 5424 829 5470 erat
863 5425 1041 5469 tamen
1071 5413 1236 5496 etiarn
1274 5425 1385 5470 tum
1416 5429 1631 5475 creator
1671 5422 1835 5489 Deus,

2022 5243 2084 5299 Β.
2118 5246 2246 5308 Ναὶ,
2272 5248 2432 5316 φημί.

2013 5337 2076 5386 A.
2110 5335 2340 5400 Οὐκοῦν,
2377 5336 2528 5391 obruo
2570 5339 2669 5408 μὲν
2703 5340 2737 5410 ή
2769 5340 2943 5403 κτίσις
2972 5342 3225 5412 παρῆκτο
3252 5347 3396 5417 πρὸς
3434 5351 3530 5417 γέ-

1942 5442 2108 5488 νεσιν,
2142 5422 2209 5498 ἦν
2234 5427 2289 5481 δὲ
2323 5429 2413 5482 καὶ
2445 5430 2562 5483 τότε
2593 5431 2920 5505 δημιουργὸς
2942 5438 2970 5488 ό
2996 5435 3148 5501 Θεὸς,
3179 5441 3275 5491 καὶ
3307 5443 3409 5511 οὐχ
3447 5443 3532 5496 ὅτι

262 5521 439 5577 neque
481 5505 623 5574 quod
656 5514 801 5561 esset
844 5505 1048 5575 opifex,
1099 5504 1305 5561 idcirco
1352 5517 1470 5561 erat
1517 5507 1699 5578 Pater,
1739 5515 1833 5570 sed
1938 5515 2295 5588 δημιουργὸς,
2320 5520 2493 5594 ταύτῃ
2531 5539 2612 5575 τοι
2649 5524 2861 5597 Πατὴρ,
2903 5527 3017 5581 ἀλλ’
3041 5529 3124 5582 ὅτι
3161 5532 3524 5603 γεγέννηκεν.

262 5599 518 5670 quoniam
563 5596 749 5665 genuit
795 5619 807 5652 ε
851 5597 1025 5652 Filius
1065 5604 1270 5662 aulem,
1317 5599 1570 5666 quoniam
1622 5605 1835 5672 genitus
1940 5608 2066 5671 Υἱὸς
2091 5608 2169 5673 δὲ,
2198 5611 2279 5663 ὅτι
2312 5613 2655 5683 γεγέννηται.
2680 5615 2808 5670 Ὅτε
2840 5618 3042 5684 τοίνυν,
3068 5621 3153 5684 είς
3198 5621 3302 5692 μὲν
3326 5624 3392 5676 τὸ
3428 5623 3524 5693 δη-

259 5703 362 5749 est.
426 5691 559 5749 Cum
610 5703 738 5760 ergo
790 5688 1163 5745 necessarium
1211 5702 1320 5745 non
1371 5689 1445 5745 sit
1500 5695 1834 5784 coexsistere
1940 5701 2197 5772 μιουργός
2235 5719 2292 5755 τε
2324 5704 2417 5756 καὶ
2463 5704 2659 5775 κτίσις,
2703 5707 2762 5762 τὸ
2812 5711 3178 5783 συνυπάρχειν
3206 5714 3308 5768 οὐκ
3341 5715 3523 5785 αναγ-
