3809 6125
282 356 427 417 tus

1337 373 1424 428 DE
1464 375 1564 431 SS.
1607 376 1981 437 TntNt‘rATr:
2019 383 2357 449 otALOGtJS
2398 390 2508 450 Vtt.

2791 329 2867 341 ο*

3391 394 3534 451 ΗΜ

284 498 348 550 ΥΕ
369 482 470 553 τῆς
492 480 707 551 φύσεως
737 484 971 558 ὅλῑσθθν,
1003 491 1097 544 καὶ
1124 493 1215 547 τὸν
1237 496 1316 559 εἰς
1341 495 1400 548 τὺ
1424 493 1486 551 Εὖ
1514 493 1654 552 εἶναι
1693 516 1858 571 μετα·
1886 505 1930 562 Α
1961 524 2139 580 psum,
2164 523 2218 566 et
2251 515 2303 569 in
2331 525 2547 582 rectum,
2577 522 2776 571 statum
2814 513 3256 571 reformationem
3298 514 3442 585 apud
3467 529 3531 571 se

284 570 537 642 πλασμὸν
589 574 923 647 διενθυμοῖτό
971 596 1075 645 τις.
1126 584 1545 652 Διανενευκότος
1601 590 1712 660 γὰρ
1760 591 1854 645 τοῦ

284 661 429 727 ζὼου
453 663 591 733 πρὸς
611 664 670 718 τὸ
693 667 1032 739 πλημμελὲς,
1055 673 1151 727 καὶ
1183 675 1281 747 τὴν
1327 679 1638 750 είσποίητον
1676 682 1858 753 ἀμαρ-

282 753 408 806 τίαν
439 755 517 835 ἐκ,
529 754 631 825 τῆς
655 757 886 818 είσάπαν
911 761 1268 833 φιλοσαρκίας
1304 770 1743 840 ὴρρωστηκότος,
1794 772 1857 826 τὸ

285 844 422 917 πρὸς
446 844 596 901 θείαν
619 850 803 905 εἰκόνα
840 852 1175 927 διαμορφοῦν,
1200 859 1332 913 αὐτὸ
1358 899 1372 922 ,
1411 861 1508 915 καὶ
1541 864 1855 936 σημάντρου

282 937 442 1009 δίκην
468 938 798 1013 ἀπορρήτως
828 946 1225 1019 ἐντεθειμένον,
1247 952 1642 1024 ἀπενοσφίζετο
1680 956 1855 1011 Πνεῦ-

287 1047 385 1100 μα,
413 1030 651 1103 φθαρτόν
681 1052 741 1089 τε
783 1036 926 1092 οὕτω
953 1041 1050 1095 καὶ
1084 1042 1318 1109 ἀκαλλές
1369 1044 1486 1117 (καὶ
1512 1047 1568 1100 τί
1598 1047 1705 1119 γὰρ
1735 1048 1854 1119 οὐχὶ

279 1121 391 1176 τῶν
408 1124 701 1195 ἐκτόπων;)
730 1129 1052 1202 συνειληφὸς
1072 1134 1447 1209 ἀναπέφανται
1471 1157 1486 1206 ;
1521 1139 1735 1211 Ἐπειδὴ
1754 1139 1810 1193 δὲ
1826 1142 1855 1193 ὀ

280 1215 388 1271 τῶν
411 1215 548 1271 ὅλων
566 1223 944 1295 γενεσιουργδς
958 1225 1311 1297 ἀνακομίζειν
1330 1228 1519 1299 ἢθελεν
1539 1232 1619 1293 είς
1647 1231 1855 1301 ἑδραιό-

279 1307 419 1377 τητα
433 1325 492 1361 τε
514 1310 611 1363 καὶ
637 1312 934 1384 εὐκοσμίαν
969 1316 1068 1386 τὴν
1103 1318 1164 1372 ἐν
1190 1319 1388 1389 ἀρχαῖς
1423 1319 1485 1374 τὸ
1510 1321 1853 1393 διολισθῆσαν

279 1399 362 1463 είς
386 1399 613 1470 φθορὰν,
647 1404 977 1477 παράσημον
1007 1425 1066 1461 τε
1093 1408 1190 1462 καὶ
1225 1409 1458 1475 ἀκαλλὲς
1492 1412 1583 1466 διὰ
1612 1413 1712 1485 τὴν
1738 1416 1851 1469 είσ-

282 1489 505 1562 ποίητον
553 1494 773 1561 γεγονὸς
819 1496 1094 1568 ἁμαρτίαν
1116 1538 1132 1562 ,
1162 1499 1360 1571 ἐνῆκεν
1397 1497 1556 1566 αὖθις
1606 1503 1751 1574 αὐτῷ
1791 1503 1854 1557 τὸ

278 1583 652 1656 ἀποφοιτῆσάν
681 1603 809 1641 ποτε
837 1588 982 1642 θεῖόν
1008 1606 1069 1643 τε
1096 1590 1193 1644 καὶ
1217 1592 1372 1660 ἅγιον
1403 1592 1648 1665 Πνεῦμα,
1685 1613 1853 1667 μετα·-

283 1677 583 1747 στοιχειοῦν
615 1674 675 1733 εὖ
699 1680 843 1750 μάλα
871 1681 1005 1752 πρὸς
1024 1681 1124 1752 τὴν
1140 1683 1510 1755 ὑπερκόσμιον
1533 1686 1738 1751 εἰκόνα,
1760 1688 1852 1741 καὶ

278 1768 525 1837 πεφυκὸς
552 1772 648 1824 καὶ
671 1770 966 1841 δυνάμενον
987 1772 1074 1826 διὰ
1112 1773 1206 1828 τοῦ
1229 1773 1368 1846 πρὸς
1398 1774 1532 1831 ἰδίαν
1572 1778 1722 1848 ἡμᾶς
1751 1795 1848 1848 με·

277 1858 670 1931 ταρῤυθμίζειν
692 1862 1014 1934 ἐμφέρειαν.
1043 1864 1116 1919 Τὸ
1143 1865 1321 1919 τοίνυν
1351 1866 1571 1939 συνέχον
1599 1870 1682 1933 είς
1708 1869 1768 1923 τὸ
1790 1865 1848 1924 εὗ
1882 1837 1927 1897 B

277 1950 503 2008 εἶναιτὸ
538 1954 782 2026 ποιηθὲν,
818 1956 910 2010 καὶ
938 1956 1532 2023 κατακαλλύνεινείδὸς
1569 1960 1750 2031 σχέσει
1783 1963 1849 2032 τῇ

277 2045 416 2116 πρὸς
438 2045 588 2108 αὐτὸ,
615 2047 708 2100 καὶ
723 2046 1062 2119 διαμορφοῦν
1087 2048 1148 2102 τὸ
1165 2047 1302 2113 ζῶον
1317 2051 1398 2113 είς
1415 2049 1675 2122 ὁμοίωσιν
1692 2051 1849 2120 Θεοῦ,

277 2137 507 2191 κατόπιν
535 2136 1075 2209 ίέναιδιακεισόμεθα
1101 2138 1197 2192 τοῦ
1229 2140 1601 2212 Δημιουργοῦ,
1638 2144 1730 2196 καὶ
1761 2140 1852 2196 διὰ

274 2230 374 2302 τῆς
394 2230 474 2293 είς
497 2228 728 2300 ἔκφυλον
748 2230 1041 2302 ἑτερότητα
1058 2230 1341 2308 διακοπῆς,
1358 2231 1668 2305 διοικοῦμεν
1688 2232 1852 2288 αὑτοῦ

274 2322 335 2377 τὸ
371 2321 693 2393 διαπρέπειν
732 2323 790 2375 ἐν
813 2322 1108 2393 τελειότητι
1127 2326 1194 2394 τῇ
1229 2324 1443 2395 ἑκάστῳ
1462 2326 1854 2396 πρεπωδεστάρ

274 2431 363 2490 τῃ,
394 2418 508 2479 τοῖς
534 2415 663 2487 παρ’
692 2413 858 2468 αὐτοῦ
881 2412 1142 2483 κτίσμασι
1170 2412 1546 2484 δωρούμενον;
1576 2416 1616 2485 ἢ·
1637 2416 1853 2483 ίσοφυές

275 2525 332 2562 τε
366 2508 461 2562 καὶ
505 2506 792 2579 ὁμοούσιον
839 2500 978 2559 εἶναι
1007 2504 1257 2572 λέγοντες
1287 2504 1455 2575 αὐτῷ,
1483 2505 1546 2559 τὸ
1595 2504 1656 2571 ἐξ
1688 2505 1852 2559 αὑτοῦ

277 2616 334 2653 τε
367 2599 462 2653 καὶ
483 2599 542 2651 ἐν
574 2596 724 2668 αὐτῷ
753 2596 896 2652 κατὰ
920 2596 1105 2664 φύσιν,
1129 2593 1409 2665 ὁλοκλήρῳ
1437 2595 1503 2666 τῇ
1524 2594 1855 2667 δημιουργίᾳ

275 2689 599 2760 τιμήσομεν,
634 2687 730 2741 καὶ
758 2686 886 2757 ὃλην
908 2684 1097 2757 ὥσπερ
1126 2683 1276 2756 αὐτῷ
1303 2684 1403 2757 τὴν
1435 2683 1529 2755 ἐπὶ
1559 2687 1669 2749 τοῖς
1693 2703 1852 2754 γεγο-

277 2778 420 2832 νόσιν
447 2777 723 2849 ἐνέργειαν
752 2776 1121 2848 ἀναθήσομεν,
1150 2774 1612 2847 ἐκτετελεσμένην
1637 2777 1701 2829 δι’
1721 2775 1852 2831 Υἰοῦ

276 2872 335 2926 ἐν
367 2870 680 2941 Πνεὺματι;

347 2962 410 3018 Β.
445 2962 652 3031 Ὀρθῶς
677 2961 1102 3031 εἰρῆσθαιταυτὶ
1128 2962 1293 3033 φαίην
1314 2960 1380 3015 ἂν
1411 2962 1494 3018 δτι
1513 2960 1747 3033 μάλιστά
1767 2979 1848 3032 γε.

346 3054 413 3105 Α.
432 3052 557 3103 Ὅτι
587 3051 644 3102 δὲ
674 3052 738 3103 δι’
760 3051 890 3104 Υἱοῦ
916 3051 975 3103 ἐν
997 3051 1137 3103 [1νεύ
1147 3070 1274 3120 ματι
1295 3054 1469 3107 πάντα
1494 3053 1583 3108 διὰ
1612 3054 1850 3119 πάντων,

280 3138 375 3193 καὶ
404 3136 511 3208 μὴν
540 3138 633 3190 καὶ
663 3138 722 3190 ἐν
750 3139 886 3190 πᾶσι
904 3137 967 3189 τὸ
987 3138 1208 3207 ἐνεργὲς
1240 3139 1334 3190 τοῦ
1369 3141 1578 3211 Πατρὸς
1605 3144 1852 3213 ἐκφαίνε-

281 3247 393 3294 ται,
418 3227 536 3292 πῶς
558 3229 658 3281 οὐκ
678 3227 1064 3298 ἀταλαίπωρον
1085 3228 1380 3283 κάντεῦθεν
1413 3229 1575 3297 lost-13
1609 3234 1848 3307 Ἀπόχρη

284 3321 507 3392 μὲνγὰρ
546 3322 628 3384 είς
661 3318 938 3386 ἀπόδειξιν
967 3318 1028 3371 τὸ
1064 3316 1418 3389 στερεοῦσθαι
1449 3321 1550 3390 μὲν
1592 3322 1852 3394 οὐρανοὺς

278 3416 337 3471 ἐν
370 3414 528 3486 Λόγῳ
554 3413 785 3485 Κυρίου,
819 3406 961 3489 εἶναι
984 3411 1053 3466 ’δὲ
1083 3410 1268 3475 αὐτοῖς
1313 3409 1413 3483 τὴν
1445 3411 1574 3484 ὅλην
1616 3414 1769 3484 ἰσχὺν
1794 3417 1852 3468 ἐν

279 3504 583 3577 Πνεῦματι,
599 3500 743 3560 κατὰ
759 3501 820 3557 τὸ
834 3500 1004 3557 πάλαι
1020 3501 1201 3566 καλῶς
1223 3503 1577 3574 ὑμνούμενον.
1598 3505 1854 3576 Παροίσω

278 3597 325 3654 δ’
351 3593 445 3653 οῦν
473 3598 622 3668 ὅμως
648 3596 734 3650 διὰ
750 3596 849 3664 τῆς
881 3594 976 3649 τοῦ
1003 3594 1317 3665 Πνεῦματος
1369 3596 1645 3666 ἐνεργείας
1691 3613 1853 3669 τερα-

277 3688 616 3759 τουργοῦντα
647 3687 907 3759 Χριστόν·
935 3686 1241 3756 γέγραπται
1267 3685 1395 3757 γὰρ,
1415 3686 1495 3739 ὅτι
1529 3705 1547 3738 ι
1580 3688 1782 3756 Ἥγετο
1819 3690 1849 3743 ὁ

293 3781 497 3853 Ἰησοῦς
527 3783 587 3836 ἐν
619 3782 684 3852 τῇ
714 3780 941 3850 δυνάμει
967 3777 1062 3831 τοῦ
1094 3777 1409 3847 Πνεύματος
1439 3779 1518 3842 είς
1556 3777 1655 3850 τὴν
1686 3779 1848 3834 Γαλι-

279 3872 439 3926 λαίαν
459 3888 473 3902 ·
505 3889 525 3923 ι
560 3870 654 3925 καί
699 3886 801 3922 που
829 3869 926 3922 καὶ
950 3868 1064 3931 τοῖς
1092 3866 1365 3930 Ἰουδαίοις
1393 3866 1584 3920 ἀνόσια
1616 3868 1850 3937 πεφλυα-

283 3964 499 4036 ρηκόσι,
524 3961 620 4017 καὶ
647 3960 745 4032 τὴν
777 3961 1031 4031 ἀγροῖκον
1052 3958 1138 4012 ἐπ’
1160 3957 1309 4029 αὐτῷ
1340 3958 1658 4029 διαθήγουσι
1676 3959 1849 4029 γλῶτ-

280 4074 400 4121 ταν,
421 4054 646 4118 εἰκότως
683 4052 1052 4123 ἐπιτιμῶντα·
1096 4051 1335 4121 ἔφασκον
1364 4051 1494 4122 γὰρ,
1523 4053 1606 4106 ὅτι
1641 4072 1660 4103 ι
1681 4047 1848 4117 Οὗτος

280 4148 381 4201 οὐκ
432 4144 681 4199 ἐκὸἀλλει
726 4145 795 4199 τὰ
833 4145 1104 4215 δαιμόνια,
1132 4144 1182 4196 εί
1214 4143 1288 4214 μὴ
1312 4143 1370 4196 ἐν
1400 4142 1474 4214 τῷ
1498 4143 1844 4212 Βεελζεόοὺλ,

280 4238 502 4310 ἄρχοντι
532 4235 644 4291 τῶν
672 4235 960 4307 δαιμονίων
980 4252 994 4265 ·
1030 4253 1051 4287 ι
1087 4234 1183 4288 καὶ
1235 4234 1354 4305 μεθ’
1382 4234 1565 4306 ἔτερα·
1599 4253 1617 4286 ι
1658 4236 1768 4288 Καὶ
1797 4236 1846 4289 εί

282 4330 413 4400 ἐγὼ,
447 4331 631 4399 φησὶν,
658 4329 717 4382 ἐν
749 4327 1075 4393 usamenta
1095 4326 1341 4382 ὲκόἀλλω
1373 4327 1441 4380 τὰ
1463 4327 1716 4398 δαιμόνια
1735 4366 1752 4392 ,
1796 4328 1846 4380 οί

280 4422 385 4477 υἱοὶ
416 4423 568 4493 ὑμῶν
590 4424 647 4475 ἐν
665 4421 776 4474 τίνι
802 4419 1155 4484 &mennam
1175 4416 1273 4472 Διά
1301 4419 1460 4472 τοῦτο
1483 4418 1639 4472 αὐτοὶ
1662 4420 1847 4488 κριταὶ

1957 598 2080 666 quis
2104 603 2416 669 perpendat.
2446 602 2579 656 Nam
2614 618 2735 657 cum
2759 602 2961 657 animal
2998 603 3053 656 in
3084 602 3271 657 vitium
3303 617 3363 657 se
3389 617 3528 659 con-

1956 692 2230 758 vertisset,
2266 704 2317 749 et
2348 710 2457 763 prae
2485 693 2654 750 nimio
2687 694 2869 749 earnis
2901 694 3080 749 studio
3135 694 3359 749 admissi
3396 709 3527 764 pec·

1956 784 2059 837 cati
2098 786 2287 840 morbo
2312 785 2599 854 laboraret,
2644 786 2902 857 Spiritus,
2962 786 3032 839 ad
3064 786 3299 839 divinam
3348 785 3526 854 ipsum

1955 870 2211 942 effingens
2239 875 2551 945 imaginem,
2576 884 2627 930 et
2657 875 2748 945 qni
2778 874 3041 945 signaculi
3075 875 3246 930 instar
3277 873 3525 929 ineffabi-

1955 958 2079 1015 liter
2100 960 2393 1032 impressus
2409 972 2548 1028 erat,
2582 963 2824 1027 recessit,
2842 963 3091 1032 atqueita
3117 964 3525 1033 corruptionem

1954 1059 2011 1105 et
2029 1050 2243 1117 vitium,
2275 1060 2330 1107 ει
2348 1052 2548 1107 nullutn
2577 1068 2684 1106 non
2707 1052 2931 1108 sceleris
2957 1067 3127 1123 genus
3156 1053 3209 1107 in
3243 1068 3304 1108 se
3341 1067 3528 1108 snsce-

1954 1140 2056 1210 pit.
2090 1140 2226 1195 (inm
2258 1152 2440 1199 autem
2475 1145 2845 1201 universitatis
2872 1145 3079 1200 Auctor
3126 1145 3180 1200 in
3239 1144 3527 1214 pristinum

1954 1241 2156 1289 statum
2192 1249 2256 1290 ac
2290 1236 2453 1292 decus
2505 1251 2762 1293 revocare
2789 1237 2951 1293 vellet
2987 1238 3038 1292 id
3074 1237 3217 1307 qnod
3248 1238 3301 1291 in
3333 1252 3524 1292 corru-

1953 1326 2193 1395 ptionem
2229 1327 2518 1392 ceciderat,
2549 1336 2605 1381 et
2639 1343 2749 1397 prae
2778 1329 3017 1384 admisso
3048 1334 3271 1397 peceato
3310 1327 3521 1382 adulte·

1953 1421 2128 1469 ratum
2159 1414 2598 1470 acdesormatnm
2619 1425 2756 1481 erat,
2779 1432 2968 1472 rursus
2993 1418 3043 1472 ei
3074 1416 3333 1487 Spiritum
3370 1415 3525 1471 illum

1953 1506 2195 1561 divinum
2238 1521 2303 1561 ac
2328 1516 2576 1564 sanctum
2596 1508 2840 1576 immisit,
2860 1510 2953 1578 qui
2984 1510 3254 1579 quondam
3285 1522 3527 1564 recesse-

1952 1611 2062 1664 rat,
2091 1600 2183 1670 qni
2216 1602 2283 1654 ad
2302 1615 2591 1667 supernam
2622 1598 2850 1672 effigiem
2885 1616 2984 1656 nos
3042 1602 3227 1671 utique
3262 1600 3526 1655 transfor·

1954 1707 2102 1746 mare
2156 1707 2220 1747 ex
2255 1693 2303 1746 vi
2345 1701 2398 1747 et
2451 1702 2643 1748 natura
2696 1707 2790 1748 sna
2824 1701 3024 1760 potest,
3051 1708 3164 1748 snae
3188 1707 3285 1747 nos
3306 1691 3527 1748 eonfor-

1954 1784 2150 1838 mando
2172 1783 2532 1838 similitudini.
2568 1782 2668 1849 Qui
2702 1797 2833 1852 ergo
2863 1784 3004 1839 bono
3038 1783 3091 1837 in
3115 1789 3258 1837 statu
3308 1792 3524 1837 creatu-

1958 1874 2352 1938 ramcontinet,
2378 1888 2441 1928 ac
2475 1883 2659 1928 mutua
2691 1888 2872 1928 secum
2926 1872 3248 1927 habitudine
3283 1872 3526 1927 cohone-

1952 1974 2080 2031 stat,
2111 1966 2455 2022 etanimalin
2479 1965 2575 2020 Dei
2608 1965 3016 2022 similitudinem
3050 1964 3421 2028 transformat,
3441 1963 3526 2015 tn:-

1953 2058 2207 2113 l'eriorem
2226 2043 2346 2114 esse
2367 2056 2629 2114 Creatore
2650 2057 2807 2112 nobis
2830 2056 3292 2125 persuadebimus,
3316 2064 3521 2119 et,enm

1954 2146 2224 2202 diversum
2250 2156 2304 2201 et
2327 2146 2563 2201 alienum
2602 2153 2922 2207 statuentes,
2962 2144 3355 2215 perfectionem
3406 2143 3528 2196 uni-

1954 2238 2149 2309 cuique
2180 2238 2589 2293 convenientem
2633 2237 2681 2291 ei
2714 2235 3081 2299 detrahemus,
3120 2248 3241 2304 qnae
3288 2233 3360 2288 al)
3408 2232 3526 2301 ipso

1952 2329 2221 2384 creaturis
2247 2328 2517 2382 traditur?
2559 2338 2651 2382 ant
2703 2326 2926 2397 :equalis
2952 2335 3161 2380 natnroe
3198 2333 3253 2379 et
3284 2323 3526 2378 consul)-

1953 2418 2261 2475 stantialem
2281 2418 2379 2487 ipsi
2423 2421 2661 2474 dicentes
2682 2432 2802 2473 esse
2823 2433 2946 2473 eum
2977 2418 3160 2487 quiex
3208 2415 3326 2483 ipso
3379 2422 3434 2468 et.
3472 2413 3527 2467 in

1951 2510 2069 2580 ipso
2100 2518 2183 2566 est
2202 2511 2497 2567 secundum
2532 2518 2808 2575 naturam,
2835 2507 3009 2564 solido
3049 2506 3270 2562 creandi
3299 2517 3528 2559 munere

1953 2601 2380 2668 ltonestabimuS,
2440 2611 2495 2657 et
2532 2601 2798 2671 integram
2847 2598 2896 2654 ei
2955 2597 3356 2669 quodammodo
3395 2606 3526 2661 erga

1952 2702 2237 2751 creaturas
2258 2692 2630 2763 operationem
2661 2692 2961 2748 tribuemus
2997 2702 3095 2759 per
3117 2686 3311 2743 Filium
3334 2686 3387 2741 in
3405 2683 3527 2755 Spi-

1953 2786 2059 2841 ritu
2087 2784 2384 2857 perl'ectam
2402 2784 2431 2837 ‘t

2016 2963 2079 3020 B.
2121 2961 2443 3019 Rectissime
2475 2961 2592 3017 baec
2621 2961 2720 3017 abs
2747 2970 2798 3015 te
2831 2960 2972 3016 dieta
3005 2958 3201 3015 fatcor.

2025 3057 2089 3113 A.
2129 3056 2279 3125 Qnod
2309 3066 2485 3111 autem
2520 3069 2615 3124 per
2632 3052 2822 3109 Filium
2853 3052 2907 3108 in
2970 3051 3175 3120 Spiritu
3211 3046 3391 3106 omnia
3432 3059 3529 3116 per

1954 3149 2160 3215 omnia,
2191 3157 2245 3204 et
2273 3149 2326 3202 in
2361 3146 2613 3203 omnibus
2638 3144 2721 3200 vis
2745 3153 2799 3200 et
2827 3143 3061 3198 efficacia
3085 3141 3269 3197 Patris
3302 3154 3424 3195 esse
3447 3136 3530 3192 vi-

1954 3242 2166 3306 deatur,
2208 3254 2389 3294 nonne
2423 3237 2508 3293 vel
2545 3238 2673 3293 ltine
2707 3236 2849 3290 sacili
2895 3234 3111 3304 negotio
3150 3233 3335 3289 videre
3367 3229 3529 3286 licet?

1955 3328 2162 3385 Sufficit
2187 3331 2334 3383 enim
2365 3329 2431 3382 ad
2457 3328 2507 3383 id
2533 3325 3015 3383 demonstrandum
3050 3324 3191 3393 qnod
3240 3323 3529 3376 firmentur

1954 3419 2074 3472 eoeli
2109 3417 2161 3472 in
2181 3416 2362 3472 Verbo
2389 3418 2625 3483 Domini,
2645 3428 2697 3473 et
2724 3416 2902 3474 omnis
2931 3415 3100 3470 virtus
3129 3428 3315 3468 eornm
3353 3412 3423 3466 sit
3469 3411 3526 3463 in

1954 3506 2183 3577 Spiritu,
2207 3516 2266 3563 ut
2299 3516 2454 3562 vetus
2485 3505 2691 3563 Psaltes
2713 3514 2857 3562 recte
2885 3506 3104 3561 cecinit.
3138 3501 3525 3558 Verumtamen
3620 3507 3625 3510 ·

1952 3599 2224 3656 Christum
2248 3598 2520 3670 proferam
2552 3597 2807 3653 miracula
2841 3613 2939 3668 per
2999 3597 3259 3651 virtutem
3289 3592 3526 3662 Spiritus

1950 3690 2222 3746 edentem.
2269 3686 2546 3760 Scriptum
2590 3696 2674 3743 est
2729 3688 2874 3743 enim
2932 3685 3361 3742 Jesnmdnctnm
3404 3693 3528 3735 csse
3616 3754 3621 3759 ⁶

1952 3784 2006 3837 in
2043 3781 2246 3837 virtute
2274 3779 2506 3851 Spiritus
2532 3778 2585 3836 in
2621 3777 2898 3833 Galiloeatn
2930 3778 2998 3832 ²³.
3053 3775 3119 3830 Et
3169 3771 3364 3828 alieubi
3388 3785 3525 3840 qno·

1948 3886 2054 3942 qne
2075 3868 2289 3927 Judoeos
2314 3870 2476 3939 impia
2511 3869 2564 3923 in
2588 3868 2736 3923 illum
2762 3867 2926 3923 verba
2973 3865 3258 3920 inludentes
3307 3871 3363 3916 ει
3393 3857 3524 3916 css'e·

1951 3977 2065 4018 ram
2087 3962 2140 4016 in
2168 3976 2292 4016 eum
2324 3960 2562 4030 linguam
2585 3967 2845 4015 acuentes
2866 3957 2990 4025 jure
3015 3957 3408 4024 increpantem.
3435 3950 3527 4006 Di·

1948 4053 2144 4110 cebant
2181 4052 2327 4107 enim
2356 4069 2370 4105 ι
2406 4068 2425 4103 ι
2467 4048 2567 4106 llic
2597 4066 2706 4106 non
2746 4047 2893 4117 ejicit
2924 4046 3089 4120 654
3125 4045 3402 4100 ὼνιιιοιιεε
3449 4043 3529 4097 ni-

1948 4149 1994 4202 si
2029 4147 2082 4202 in
2128 4143 2408 4200 Beelzebul
2439 4143 2681 4213 principe
2709 4138 3096 4196 ‹laetttoniorutn
3121 4137 3187 4190 ¹⁸.
3220 4155 3240 4189 ι
3279 4135 3345 4190 Ει
3380 4144 3529 4207 post-

1948 4256 2010 4297 ea
2044 4253 2059 4294 ι
2101 4257 2118 4291 ι
2162 4238 2226 4292 Et
2270 4237 2316 4292 si
2339 4250 2458 4304 ego,
2500 4233 2696 4305 inquit,
2738 4232 2793 4286 in
2822 4230 3107 4285 Beelzebul
3144 4228 3305 4299 ejicio
3335 4229 3530 4282 daetuo·

1947 4350 2065 4398 nes,
2094 4332 2187 4388 tuit
2220 4331 2384 4387 vestri
2416 4330 2470 4385 in
2499 4342 2605 4397 quo
2634 4325 2901 4396 ejiciunt?
2926 4327 3046 4380 ideo
3071 4324 3169 4393 ipsi
3190 4322 3400 4393 judices
3429 4333 3528 4375 ve-

1947 4425 2046 4482 stri
2074 4431 2253 4478 erunt.
2285 4421 2340 4476 Si
2366 4429 2544 4474 autem
2580 4433 2681 4488 ego
2709 4419 2762 4471 in
2788 4415 2992 4486 Spiritn
3021 4414 3114 4470 Dei
3134 4412 3296 4481 ejicio
3320 4411 3526 4466 daemo-

280 4516 494 4569 ἔσονται
519 4513 690 4585 ὑμῶν.
720 4513 783 4568 Et
815 4513 872 4567 δὲ
904 4512 962 4564 ἐν
992 4508 1270 4581 Πνεύματι
1299 4509 1434 4563 Θεοῦ
1456 4510 1568 4578 ἐγὼ
1604 4510 1850 4565 ἐκὸάλλω
1882 4522 1931 4578 n
1959 4529 2073 4578 nes,
2097 4512 2260 4581 igitur
2281 4507 2526 4579 pervenit
2550 4507 2605 4561 in
2627 4522 2723 4561 vos
2752 4519 2978 4574 regnum
3023 4502 3116 4557 Dei
3161 4501 3231 4556 ⁷⁸.
3273 4519 3295 4554 ι
3328 4499 3529 4555 Faten-

280 4607 349 4658 τὰ
382 4603 652 4670 δαιμόνια,
693 4603 800 4674 ἄρα
838 4600 1070 4672 ἔφθασεν
1109 4598 1194 4668 ἐφ’
1236 4599 1378 4668 ὑμᾶς
1408 4599 1442 4669 ὴ
1479 4597 1723 4668 βασιλεία
1751 4598 1846 4652 τοῦ

281 4696 439 4751 Θεοῦ.
470 4713 490 4747 ι
514 4695 624 4749 Not]
655 4693 754 4766 μὲν
783 4693 892 4763 γὰρ
928 4690 1185 4746 ἐπέκεινα
1213 4688 1434 4757 παντὸς,
1456 4688 1552 4742 καὶ
1588 4689 1731 4760 πέρα
1757 4688 1845 4743 λό-

283 4806 380 4859 γου·
410 4785 504 4841 τοῦ
537 4786 656 4841 καθ’
683 4785 852 4856 ἡμᾶς,
898 4782 998 4854 τὴν
1043 4783 1108 4836 ἐκ
1156 4779 1292 4834 Θεοῦ
1340 4779 1551 4852 Πατρδς
1600 4779 1851 4851 γέννησιν

284 4879 640 4951 ὁμολογητέον
666 4877 760 4931 τοῦ
787 4872 1144 4944 Μονογενοῦς.
1193 4871 1408 4944 Ἐπειδὴ
1427 4872 1483 4925 δὲ
1502 4872 1691 4942 γέγονε
1714 4871 1852 4945 σάρξ

285 4974 376 5028 καὶ
406 4972 715 5042 ἐσκήνωσεν
740 4970 798 5022 ἐν
827 4969 978 5038 ἡμῖν,
998 4967 1095 5037 τῆς
1118 4961 1455 5038 θεοπρεποῦς
1471 4962 1717 5028 ἐξουσίας
1746 4962 1846 5036 τὴν

282 5067 582 5136 ἐνέργειαν.
614 5062 710 5116 καὶ
739 5059 1020 5132 ἄνθρωπος
1048 5058 1145 5122 ὢν,
1170 5056 1533 5112 ἐπεδείκνυτο.
1559 5055 1847 5128 Τοιγάρτοι

283 5151 470 5222 φησὶν,
505 5150 578 5213 ὡς
610 5152 722 5212 τοῖς
748 5147 870 5202 καθ’
906 5147 1051 5219 ἡμᾶς
1083 5146 1300 5218 μέτροις
1329 5143 1654 5216 ἐμόεδηκῴς
1678 5161 1692 5177 ·
1726 5164 1745 5198 ι
1784 5147 1848 5201 Et

282 5241 338 5294 δὲ
366 5243 424 5295 ἐν
446 5240 723 5312 Πνεῦματι
759 5238 894 5292 Θεοῦ
926 5238 1036 5307 ἐγὼ
1065 5237 1313 5292 ἐκόἀλὶω
1340 5236 1412 5291 τὰ
1444 5235 1714 5308 δαιμόνια,
1740 5235 1850 5309 ἄρα

283 5333 521 5401 ἔφθασεν
573 5333 658 5401 ἐφ’
708 5331 907 5403 ὐμᾶςὴ
942 5325 1188 5400 βασιλεία
1215 5326 1309 5381 τοῦ
1363 5327 1520 5382 Θεοῦ.
1550 5345 1570 5379 ι
1601 5325 1770 5382 Τοῦτο
1791 5326 1849 5382 δέ

283 5427 432 5478 ἐστιν
455 5424 640 5492 ἔτερον
684 5423 836 5476 οὐδὲν
881 5422 914 5492 ῆ
948 5422 1126 5475 ἐκεῖνο
1150 5419 1355 5489 λέγειν,
1382 5419 1464 5473 ὅτι
1488 5419 1850 5492 Καταδέόηκε

283 5517 375 5571 καὶ
397 5517 476 5579 είς
504 5513 819 5585 ἀνθρώπους
848 5510 1203 5584 ἠθεοπρεπὴς
1232 5510 1448 5575 ἐξουσία
1476 5511 1567 5566 καὶ
1599 5510 1849 5582 δύναμις,

282 5610 440 5679 εἴπερ
475 5609 584 5677 ἐγὼ
611 5608 728 5661 καθ’
757 5609 896 5679 ὑμᾶς
927 5607 992 5661 δι’
1022 5606 1165 5676 ὑμᾶς
1189 5604 1452 5675 γεγονὼς,
1498 5605 1850 5677 τερατουργῶ

353 5782 400 5817 ’⁸
436 5781 568 5839 Luc.
595 5798 669 5847 tv,
703 5779 790 5838 Η.
865 5782 908 5816 ⁷⁸
947 5776 1130 5842 nanti.
1167 5797 1264 5848 xtt,
1291 5781 1381 5838 22.
1458 5780 1507 5816 ἵ·
1543 5781 1697 5849 thid„
1727 5781 1816 5850 27,
1847 5782 1932 5838 28.

1955 4607 2080 4662 dnm
2101 4603 2245 4658 enim
2272 4610 2355 4657 est
2383 4598 2658 4672 Unigeniti
2684 4613 2751 4654 ex
2778 4599 2887 4653 Deo
2915 4597 3075 4653 Patre
3121 4596 3528 4667 generationem

1955 4703 2191 4752 mentem
2248 4700 2303 4750 et
2352 4691 2617 4747 rationein
2678 4699 2917 4744 nostram
2981 4702 3199 4745 omnem
3244 4699 3526 4758 superare.

1943 4791 2238 4859 Postquam
2272 4792 2451 4840 autem
2480 4798 2609 4839 caro
2637 4782 2810 4837 faetus
2839 4787 2942 4845 est,
2971 4787 3028 4834 et
3050 4778 3315 4834 habitavit
3341 4779 3397 4831 in
3426 4792 3529 4832 no-

1946 4880 2052 4945 bis,
2081 4877 2274 4933 divinae
2303 4875 2585 4945 potestatis
2614 4874 2893 4935 virtutem,
2922 4871 3085 4926 ctiam
3109 4871 3273 4926 bomo
3297 4883 3418 4924 cum
3439 4880 3531 4923 es-

1951 4978 2053 5034 set,
2079 4965 2394 5023 declaravit.
2438 4963 2670 5030 ‚Idcirco
2735 4962 2934 5032 inquit,
2967 4971 3092 5033 puta
3155 4961 3248 5032 qui
3289 4971 3531 5015 nostram

1953 5057 2314 5116 conditionem
2332 5057 2561 5112 inierat:
2595 5071 2614 5106 ι
2650 5054 2705 5111 Si
2752 5055 2805 5110 in
2855 5055 3059 5126 Spiritu
3128 5052 3221 5109 Dei
3244 5068 3344 5123 ego
3375 5049 3533 5120 ejicio

1953 5149 2243 5211 daemones,
2272 5146 2435 5217 igitur
2468 5145 2712 5216 pervenit
2740 5145 2791 5199 in
2814 5160 2907 5200 vos
2939 5159 3168 5216 regnum
3207 5143 3299 5196 Dei
3356 5159 3376 5193 ι
3407 5141 3532 5211 (hoc

1954 5251 2135 5295 autem
2166 5238 2298 5294 nibil
2326 5236 2472 5291 aliud
2500 5245 2583 5290 est
2614 5251 2779 5307 qnam
2808 5236 2853 5291 si
2899 5235 3131 5299 diceret,
3182 5231 3531 5287 descendisse

1951 5333 2117 5389 etiam
2137 5332 2191 5386 iu
2223 5331 2471 5387 homines
2498 5329 2737 5384 divinam
2768 5333 3084 5397 potestatem
3127 5338 3190 5379 ac
3220 5323 3530 5394 virtutem);

1953 5424 2217 5494 siqnidem
2239 5437 2339 5495 ego
2385 5422 2585 5478 similis
2611 5419 2777 5475 vestri
2811 5427 3033 5488 propter
3074 5430 3169 5474 vos
3201 5415 3400 5481 sactus,
3431 5416 3503 5470 mi

1957 5516 2136 5572 racnla
2165 5517 2266 5572 edo
2290 5531 2385 5588 per
2412 5512 2693 5587 Spiritum.
2718 5512 2960 5584 Regnum
2978 5509 3144 5575 enim,
3164 5510 3379 5582 opinor.
3407 5509 3530 5573 Dei,

1957 5607 2099 5664 illam
2132 5607 2184 5664 in
2214 5616 2400 5664 sancto
2435 5605 2639 5678 Spiritu
2670 5604 3060 5662 divinissimam
3097 5604 3202 5659 vim
3230 5613 3282 5661 et
3334 5615 3527 5668 onera-
