3809 6125
319 323 424 382 ⁷95

384 434 447 490 Β.
490 428 735 501 'Atinate

385 527 450 579 A.
485 522 616 575 Ὅτε
661 519 840 574 τοίνυν
882 518 1040 590 μόνος
1086 523 1216 594 ἡμῖν
1243 525 1338 577 καὶ
1368 525 1620 595 ἀληθινὸς
1652 531 1898 584 εἰσκεκό-

314 631 507 688 μισται
546 609 680 676 Θεὸς
707 610 738 663 ὁ
773 610 983 681 Πατὴρ,
1014 611 1316 686 ίσοτρόπως
1343 616 1399 669 δὲ
1429 614 1519 684 αὖ,
1531 618 1628 671 καὶ
1658 619 1902 692 ἀπαραλ-

1384 321 1473 377 DE
1512 323 1613 381 SS.
1658 326 2032 385 intutum
2066 331 2411 394 mammis
2449 337 2537 396 tlt.

3474 298 3578 403 τοὶ

1936 453 1981 507 Α
2082 444 2142 500 Β.
2177 445 2378 504 Verum
2406 460 2512 506 est.

2074 537 2137 591 Α.
2166 537 2298 592 Cum
2325 554 2456 611 ergo
2483 543 2629 599 solus
2668 543 2824 600 uobis
2852 553 2907 601 et
2958 559 3121 601 verus
3174 543 3387 603 dic'atur
3430 547 3573 606 Deus

2001 626 2182 693 Pater,
2212 645 2275 685 ac
2303 633 2538 688 vicissim
2562 634 2732 690 Filius
2757 636 2899 693 idem
2931 651 3057 692 cunt
3097 638 3216 708 ipso
3256 647 3314 695 et
3363 640 3574 697 incom-

309 706 529 768 λάκτως
561 700 699 773 ἔχων
742 702 772 753 ὁ
800 700 958 764 Υἱός·
1008 702 1424 775 καταλοῖῑσθεῑη
1462 705 1570 778 γὰρ
1600 706 1666 762 ἂν
1711 708 1898 778 ἕτερος
1999 721 2276 777 mutabilis
2304 723 2506 795 (nullus
2524 727 2667 781 enim
2701 727 2924 783 omnino
2958 737 3155 797 praeter
3202 731 3375 799 ipsum
3430 731 3573 787 alius

308 800 402 854 ἐπ’
424 792 578 864 αὐτῷ
609 792 672 847 τὸ
698 790 921 862 σύμπαν
948 792 1154 858 οὐδείς·
1185 798 1278 849 ποῖ
1309 814 1438 852 ποτε
1472 797 1583 868 ἄρα
1607 798 1895 870 δραμεῖται

305 889 422 946 τῶν
455 884 824 941 πιστευόντων
848 884 877 936 ὁ
902 883 1049 949 νοῦς,
1083 885 1243 966 εἰπερ
1279 888 1447 959 ἄμφω
1478 889 1565 942 διὰ
1605 890 1754 959 σφῶν
1793 891 1894 945 αύ-

306 982 417 1037 τῶν
442 978 696 1044 ἐξωθεῖεν
720 973 810 1040 ἂν,
833 976 929 1029 καὶ
952 977 1055 1032 οὐκ
1087 977 1146 1031 ὲν
1180 975 1382 1051 βτδαίψ
1414 981 1515 1051 τῆς
1553 982 1894 1054 θεοπρεποῦς

305 1073 526 1128 ἔσονται
565 1068 754 1137 δόξης,
795 1068 1218 1125 εὐκατάσειστόν
1253 1088 1313 1125 τε
1363 1073 1459 1128 καὶ
1489 1073 1892 1146 εύανάτρεπτον

307 1163 505 1235 κομιδῇ
557 1160 782 1230 λαχόντε
821 1160 919 1233 τὴν
942 1160 1138 1228 φύσιν;
1177 1158 1253 1215 Ἥ
1310 1155 1413 1217 οῦκ
1446 1163 1646 1234 ἀληθὲς
1692 1166 1885 1229 εἰπεῖν,

305 1253 384 1316 ὡς
413 1251 577 1321 εἴπερ
607 1242 749 1301 εἶναι
792 1246 1239 1318 παραδεξαίμεθα
1284 1248 1459 1318 μόνον.
1491 1249 1587 1303 καὶ
1635 1249 1888 1321 ἀληθινὸν

303 1342 441 1398 Θεὸν
464 1340 559 1396 τὸν
587 1337 827 1409 Πατέρα,
867 1337 1388 1410 κατασφραγιοῦμεν
1420 1337 1582 1417 sisois<
1609 1339 1671 1393 τὸ
1706 1340 1887 1411 ἑτερο-

304 1436 440 1508 φυὶς
465 1432 546 1505 τῷ
571 1431 720 1503 Υίῷ,
764 1430 862 1485 καὶ
892 1428 1000 1483 τῶν
1038 1430 1137 1499 τῆς
1182 1428 1417 1500 ἀληθοῦς
1449 1425 1702 1500 θεότητος
1743 1430 1887 1502 ὅρων

299 1524 702 1589 ἀποσοδοῦντες
731 1523 917 1587 αὐτὸν,
961 1523 1018 1577 ὲν
1067 1521 1230 1593 ἑτέρα
1277 1538 1380 1575 που
1429 1520 1592 1591 φύσει
1627 1522 1887 1591 γεγονότα

298 1615 628 1689 δεοψόμεθω
666 1615 728 1668 Et
755 1612 813 1667 δὲ
842 1613 907 1684 δὴ
957 1613 1104 1683 μόνῳ
1146 1612 1226 1683 τῷ
1264 1610 1380 1683 Υίῷ
1418 1612 1479 1665 τὸ
1513 1611 1611 1686 τῆς
1650 1613 1885 1683 ἀληθοῦς

299 1709 557 1780 θεότητος
586 1705 760 1777 ὄνομά
787 1722 844 1759 τε
879 1704 976 1759 καὶ
1013 1704 1203 1776 χρῆμα
1241 1704 1658 1774 προσνέμοντες,
1696 1704 1888 1758 οὐδένα

295 1800 359 1855 τὸ
384 1798 613 1870 σύμπαν
637 1800 724 1859 ὲπῗ
746 1796 896 1868 αὐτῷ
927 1794 1448 1867 καταλογισαίμεθα,
1486 1791 1574 1866 ἆρ’
1595 1797 1719 1867 ούχὶ
1747 1797 1884 1852 καθ-

295 1890 559 1963 οριοῦμεν
613 1888 712 1960 τῆς
751 1887 845 1941 τοῦ
888 1888 1100 1960 Πατρὸς
1155 1885 1341 1955 δόξης,
1383 1886 1422 1940 ἃ
1469 1886 1554 1958 μὴ.
1596 1885 1754 1958 θέμις
1808 1890 1885 1943 εἰ-

296 1984 459 2048 min

368 2074 434 2129 Β.
466 2071 667 2145 Ἔρπει
702 2070 801 2142 μὲν
839 2072 922 2134 είς
952 2070 1109 2125 τοῦτο
1149 2072 1258 2126 τῶν
1302 2071 1522 2126 ιννοιῶν
1558 2072 1592 2143 ἡ
1621 2070 1879 2142 δύναμις·

299 2163 446 2237 πλὴν
476 2163 617 2234 τάχα
648 2178 751 2214 που
780 2162 1002 2214 κάκεῖνο
1030 2163 1176 2225 εἰκὸς
1203 2165 1327 2225 τοὺς
1354 2161 1661 2225 διεναντίας
1686 2164 1881 2228 εἰπεῖν,

305 2250 386 2314 ὣς
424 2248 761 2321 περιεστήξει
805 2249 1019 2313 παντως
1061 2252 1191 2321 ἡμῖν
1219 2251 1373 2321 εἴπερ
1416 2250 1533 2304 ἔστι
1574 2250 1708 2315 Θεὸς
1748 2253 1881 2322 ἅλη-

314 2338 463 2405 θινὸς
485 2342 516 2396 ὁ
540 2340 677 2406 Υἱὸς,
694 2340 794 2411 οὐχ
815 2340 912 2393 ἕνα
940 2340 1003 2411 δὴ
1034 2340 1230 2409 λέγειν,
1263 2341 1400 2396 ἀλλὰ
1423 2340 1517 2396 δύο
1547 2342 1674 2406 τοὺς
1704 2342 1878 2407 θεούς.

389 2432 455 2486 Δ.
496 2431 925 2503 Ἆνεπιτήδευτον
958 2432 1056 2501 μὲν
1087 2431 1195 2485 τῶν
1216 2431 1356 2501 ἄγαν
1381 2431 1627 2488 ἐκτόπων
1652 2431 1881 2497 ἐκείνοις

312 2523 480 2589 ούδὶν,
513 2522 820 2595 δυσφημίας
851 2524 908 2578 δὲ
934 2524 1133 2594 τρόπος
1181 2523 1520 2577 ἁπαστισοῦν
1558 2519 1791 2594 βάσιμός
1820 2541 1880 2577 τε

304 2614 401 2678 ,καὶ
439 2614 759 2687 ἱππήλατος.
815 2616 1023 2677 Σκοπὸς
1053 2614 1110 2668 δὲ
1155 2618 1310 2685 ἡμῖν,
1350 2615 1471 2685 οὐχὶ
1510 2613 1672 2670 τοῦτο
1716 2614 1880 2684 φάναι

301 2703 485 2772 ποθὲν,
512 2707 744 2762 συνωθεῖ
768 2708 825 2761 δὲ
866 2708 1064 2779 μᾶλλον
1091 2710 1172 2772 είς
1203 2708 1496 2780 ὁμολογίαν
1521 2709 1557 2763 ό
1579 2708 1756 2777 λόγος,
1785 2710 1880 2763 τοῦ

297 2796 491 2869 χρῆναι
522 2802 684 2864 νοεῖν,
710 2801 774 2853 ἐκ
802 2800 900 2871 τῆς
923 2800 1016 2854 τοῦ
1043 2801 1177 2855 Θεοῦ
1211 2802 1304 2856 καὶ
1336 2803 1553 2875 Πατρὸς
1583 2801 1772 2865 οὐσίας
1793 2802 1882 2854 διὰ

292 2891 399 2963 τῆς
432 2890 666 2964 ἀληθοῦς
720 2896 1056 2963 γεννήσεως,
1100 2897 1367 2967 ἀναφῦναι
1414 2898 1505 2951 τὸν
1550 2895 1700 2966 rev,
1746 2895 1883 2950 Θεὸν

291 2984 546 3055 ἀληθινὸν
574 2986 638 3038 ὲκ
678 2985 815 3038 Θεοῦ
845 2987 1124 3055 ἀληθινοῦ,
1149 2990 1250 3043 οὐκ
1285 2992 1364 3055 εἰς
1392 2977 1613 3046 cavete&
1629 2988 1753 3043 τινὰ
1785 2988 1880 3042 καὶ

1999 813 2376 886 reputabitur),
2410 831 2644 887 quonam
2675 820 2891 874 demum
2931 819 3121 876 evadet
3153 835 3306 876 mens
3345 823 3571 876 creden-

1997 900 2151 967 tium,
2184 905 2229 959 si
2259 906 2420 961 ambo
2444 920 2542 977 per
2568 908 2776 979 seipsos
2794 908 3163 980 expellantur,
3202 926 3304 967 nec
3330 913 3567 986 divinam

1991 990 2220 1062 gloriam
2249 1005 2563 1053 constanter
2627 1007 2901 1067 tueantur,
2958 1009 3208 1056 naturam
3260 1004 3403 1057 nacti
3448 1018 3569 1072 qnae

1990 1078 2152 1137 facile
2184 1085 2399 1141 concuti
2433 1094 2489 1142 et
2519 1086 2691 1142 everti
2728 1086 2934 1157 possit?
2964 1088 3156 1146 Annon
3188 1105 3319 1147 vere
3340 1091 3566 1158 dixeris,

1989 1187 2111 1239 nos,
2151 1176 2196 1231 si
2236 1176 2617 1236 admiserimus
2660 1178 2835 1235 solnm
2888 1193 3011 1236 esse
3048 1194 3111 1236 ac
3161 1195 3349 1238 verum
3393 1181 3564 1238 Deum

1991 1262 2243 1331 Patrem,
2284 1269 2541 1334 continuo
2578 1283 2699 1325 esse
2735 1269 3153 1327 confirmaturos
3192 1272 3563 1331 diversitatem

1988 1363 2194 1411 naturae
2214 1356 2268 1411 in
2294 1355 2452 1427 Filio,
2475 1366 2533 1414 et
2565 1374 2595 1413 a
2626 1372 2775 1415 verae
2826 1360 3047 1417 deitatis
3080 1360 3381 1419 rationibus
3436 1379 3562 1419 eum

1986 1452 2240 1501 arcentes
2270 1446 2323 1504 in
2358 1446 2573 1502 diversa
2606 1448 2797 1518 utique
2848 1456 3044 1505 natura
3072 1461 3195 1505 esse
3221 1451 3568 1509 animadver-

1985 1536 2177 1591 suros?
2206 1534 2301 1592 Sin
2328 1546 2508 1593 autem
2548 1537 2648 1593 soli
2711 1537 2849 1596 Filio
2884 1553 3032 1595 verat
3086 1541 3305 1597 deitatis
3364 1557 3563 1598 nomen

1984 1632 2041 1682 οι
2074 1640 2184 1681 rem
2213 1627 2514 1685 tribuentes
2534 1630 2805 1685 neminem
2863 1642 3089 1700 prorsus
3140 1640 3339 1701 praeter
3388 1632 3563 1701 ipsum

1989 1717 2377 1787 reputabimus,
2406 1734 2585 1777 nonne
2609 1731 2795 1777 contra
2823 1720 3001 1778 Patris
3021 1720 3353 1791 maiestatem
3374 1736 3437 1778 ea
3453 1734 3564 1779 sta-

1916 1780 1960 1836 B
1991 1814 2205 1863 tuemus
2229 1823 2352 1878 qna:
2378 1812 2523 1866 dictu
2555 1812 2744 1868 nefas?

2056 2075 2118 2131 B.
2156 2076 2232 2132 Eo
2261 2076 2477 2147 quidem
2506 2078 2676 2146 vergit
2700 2087 3137 2149 argumentorum
3207 2079 3318 2133 vis:
3351 2092 3560 2132 verum-

1987 2178 2167 2224 tamen
2194 2168 2323 2225 illud
2352 2170 2517 2224 etiam
2546 2169 2728 2226 dicere
2750 2168 3090 2225 adversarios
3140 2168 3431 2223 verisimile
3452 2176 3558 2235 est,

1982 2274 2050 2316 eo
2075 2275 2175 2316 nos
2196 2260 2355 2331 plane
2380 2270 2637 2316 venturos
2661 2270 2743 2326 ut,
2764 2262 2809 2316 si
2832 2260 3005 2316 Filius
3048 2260 3191 2316 Dens
3241 2275 3403 2315 verns
3450 2270 3558 2326 est,

1984 2350 2229 2405 dicamus
2248 2364 2355 2405 non
2386 2366 2574 2413 unum,
2605 2353 2698 2407 sed
2738 2351 2873 2406 duos
2898 2351 3049 2407 deos.
3556 2348 3564 2355 ‘

2055 2441 2120 2494 A.
2150 2439 2293 2496 Nihil
2333 2440 2552 2496 absurdi
2586 2443 2907 2497 intentatum
2936 2442 3011 2496 illi
3036 2442 3370 2510 relinquunt,
3419 2450 3475 2495 et
3504 2442 3558 2497 in

1982 2545 2143 2587 omne
2172 2546 2342 2601 genus
2368 2532 2714 2603 blaspbemiae
2734 2533 2844 2588 late
2869 2532 3138 2588 seruntur.
3171 2532 3335 2588 Nobis
3378 2525 3557 2587 autem

1983 2626 2317 2693 propositum
2364 2634 2468 2691 cst,
2530 2626 2870 2695 nequaquam
2932 2626 3073 2682 istud
3130 2626 3315 2679 dicere
3337 2664 3355 2691 ,
3413 2624 3559 2679 nullo

1985 2714 2147 2768 modo
2173 2730 2197 2787 ,ε
2236 2714 2329 2769 sed
2361 2731 2428 2771 eo
2456 2731 2555 2771 nos
2608 2717 2781 2783 adigit
2846 2717 3141 2789 disputatio
3184 2725 3241 2772 nt
3290 2716 3561 2773 fateantur

1984 2804 2388 2875 intelligendum
2416 2816 2541 2862 esse
2570 2822 2635 2862 ex
2705 2806 2797 2863 Dei
2836 2823 2899 2863 ac
2926 2807 3104 2863 Patris
3134 2809 3435 2863 substantia
3464 2822 3561 2877 per

1983 2908 2165 2949 veram
2187 2896 2586 2966 generationem
2607 2897 2898 2966 procedere
2922 2897 3135 2964 Filium,
3159 2897 3323 2952 Deum
3370 2914 3557 2953 verum

1982 2985 2049 3041 de
2077 2984 2185 3041 Deo
2210 3002 2357 3054 vero,
2377 3001 2483 3042 non
2517 2988 2570 3042 in
2597 2988 2829 3043 alienam
2852 2990 3139 3058 quamdam
3166 3000 3222 3044 et
3254 2990 3449 3045 diversi
3467 3005 3560 3061 ge·

288 3077 530 3147 ειιφυλον
572 3077 920 3144 ἐκπεφυκότα
957 3078 1138 3148 φύσιν,
1181 3080 1294 3134 ἀλλ’
1332 3082 1460 3136 δντα
1496 3070 1655 3143 zeii-eo
1685 3082 1879 3135 οὺσιω·
1909 3123 1957 3184 c
1986 3080 2137 3136 neris
2160 3091 2411 3134 naturam
2440 3088 2786 3152 prognatum,
2818 3081 2914 3138 sed
2950 3082 3385 3138 substantialiter
3415 3085 3559 3140 exsi-

285 3167 420 3232 δῶς,
464 3167 605 3237 ὅπερ
645 3164 712 3219 ἂν
757 3162 896 3221 εἶναι
929 3170 1100 3222 νοοῖτο
1127 3169 1222 3222 καὶ
1266 3169 1295 3221 ὁ
1328 3170 1525 3245 Πατὴρ
1557 3171 1682 3243 δίχα
1717 3170 1880 3241 μόνου

280 3258 389 3314 τοῦ
425 3254 568 3312 εἶναι
599 3259 808 3329 Πατήρ.
839 3258 1345 3329 Συναριθμουμένου
1379 3258 1449 3329 γὰ
1508 3252 1612 3314 ὧδε
1637 3261 1732 3314 καὶ
1763 3277 1884 3314 συν·

284 3349 744 3422 οναθρώσκοντος
775 3352 856 3417 είς
885 3351 1169 3421 θεολογίαν
1182 3334 1317 3411 «τοῦ,
1346 3348 1391 3406 ἃ
1447 3366 1511 3404 ου
1545 3351 1877 3423 Πνεύματος,

293 3442 403 3516 μῖα
429 3443 619 3498 λοιπὸν
655 3446 691 3516 η
723 3424 1081 3517 ἀληθῖύὴ’5ιαὶ
1111 3440 1271 3515 φύσει
1302 3442 1492 3513 θεότης
1520 3445 1580 3498 ἐν
1609 3445 1882 3516 ὀμοουσίῳ

291 3537 686 3608 προσκυνεῖται
712 3535 926 3606 Τριάδι.

372 3625 433 3680 Β.
484 3625 620 3677 Ἀλλ’
646 3627 694 3678 εἰ
725 3628 872 3692 τρεῖς
911 3621 1074 3690 εἶναι,
1104 3627 1256 3695 φασὶ,
1290 3624 1390 3686 τὰς
1422 3625 1757 3690 ὑποστάσεις
1777 3625 1881 3680 δὼ-

295 3734 485 3789 σομεν,
511 3718 604 3770 καὶ
631 3719 665 3789 ἡ
698 3717 886 3788 θεότης
931 3718 987 3771 ὲν
1013 3715 1224 3788 τριπλῷ
1262 3716 1482 3786 νοηθείη
1510 3715 1596 3782 ἂν,
1631 3717 1774 3772 κατά
1815 3734 1880 3786 γε

303 3809 391 3863 τὸν
426 3808 609 3862 είκότα
646 3808 924 3879 λογισμόν.
1782 3842 1789 3848 -

368 3899 436 3955 Δ.
479 3899 617 3953 Ἀλλ’
639 3900 669 3953 ὅ
701 3916 764 3968 γε
792 3900 890 3970 τῆς
918 3897 1151 3970 ἀληθοῦς
1193 3898 1580 3969 μυσταγωγίας
1604 3901 1754 3971 ἡμᾶς
1781 3900 1881 3972 οὐχ

293 3983 404 4045 ὦδε
434 3988 588 4044 ταῦτ’
624 3989 768 4060 ἔχειν
813 3988 1212 4044 ὲκπεπαίδευκε
1249 3988 1425 4059 λόγος.
1463 3990 1881 4062 Βεὸαπτίσμεθα

295 4079 409 4151 γὰρ
443 4081 524 4143 εἰς
561 4081 801 4152 Πατέρα,
840 4081 936 4136 καὶ
973 4081 1124 4144 Υῐὸν,
1172 4083 1265 4134 καὶ
1296 4080 1454 4148 ἆγιον
1494 4079 1750 4150 Πνεῦμα,
1784 4080 1880 4135 καὶ

293 4170 363 4240 οὗ
393 4171 448 4226 τί
484 4170 587 4225 πού
638 4188 818 4242 φαμεν
855 4173 935 4235 τίς
963 4173 1113 4243 τρεῖς
1140 4172 1225 4225 δτι
1250 4170 1406 4234 θεοὺς
1443 4173 1477 4243 ἡ
1517 4172 1720 4236 πίστις,
1763 4171 1878 4225 ἀλλ’

295 4264 382 4326 εἰς
429 4261 558 4332 μίαν
602 4262 863 4335 θεότητα,
906 4263 1005 4335 τὴν
1047 4265 1106 4317 ἰν
1147 4261 1338 4334 Τριάδι
1369 4263 1772 4333 προσκυνητήν.
1813 4262 1880 4315 Τί

292 4348 479 4404 τοίνυν
515 4351 808 4424 ἁποθιάζῃ.
849 4352 942 4407 καὶ
970 4351 1250 4424 λογισμοῖς
1287 4350 1647 4422 ἀνθρωπίνοις
1677 4351 1879 4420 ὑποφέ-

297 4457 417 4510 ρειν
442 4444 607 4514 πειρᾷ
631 4442 700 4496 τὰ
732 4443 873 4515 ὑπὲρ
913 4442 1038 4497 νοῦν
1080 4443 1175 4497 καὶ
1196 4444 1374 4512 λόγον,
1402 4444 1440 4497 ἃ
1468 4442 1562 4497 καὶ
1588 4438 1743 4514 οἶμαι
1768 4443 1880 4497 δεῖν

293 4534 716 4605 ἀπτριεργαστῳ
757 4536 852 4589 καὶ
892 4535 1030 4608 μόνῃ
1065 4534 1326 4606 τιμᾶσθαι
1388 4537 1452 4607 τῇ
1500 4534 1717 4601 πίστεις
1757 4536 1880 4589 'Av-

293 4622 445 4679 όσιον
469 4625 580 4696 γὰρ
615 4626 808 4698 κομιδῇ
845 4626 937 4681 καὶ
967 4625 1284 4692 δυσσεὸείας
1328 4628 1407 4691 εἰς
1433 4626 1585 4697 λῆξιν
1610 4621 1746 4699 ἧκον
1782 4625 1880 4699 τὴν

295 4715 584 4782 ἀνωτάτω,
619 4718 682 4771 τὸ
706 4719 873 4787 φάναι
905 4719 1326 4790 περιεργότατα,
1369 4718 1488 4782 πῶς
1517 4718 1627 4790 ἄρα
1663 4719 1759 4773 καὶ
1797 4720 1883 4784 τίς

297 4804 337 4876 ἠ
367 4805 560 4876 Τριὰς,
597 4805 711 4876 ἔχει
746 4807 804 4861 δὲ
832 4808 980 4871 ὅπως
1009 4808 1130 4862 καθ’
1169 4808 1369 4880 ἑαυτὴν
1410 4809 1445 4879 ὴ
1477 4806 1577 4878 τῆς
1626 4807 1881 4878 θεότητος

293 4894 487 4965 esem
518 4898 751 4963 Εὑσεὸὲς
782 4899 840 4954 δὲ
889 4900 1091 4970 μᾶλλον
1137 4899 1198 4954 τὸ
1232 4902 1503 4972 περινοεῖν
1543 4898 1748 4957 δθέλειν
1783 4901 1879 4972 όρ-

292 4985 431 5051 θῶς,
463 4987 605 5042 κατὰ
638 4989 761 5044 τίνα
783 4991 848 5062 δὴ
876 4991 1077 5063 τρόπον
1105 4992 1166 5045 ἐν
1196 4992 1331 5063 ἁγίᾳ
1364 4990 1556 5064 Τριάδι
1591 4990 1690 5062 μία
1709 5007 1880 5063 προσ·

297 5080 542 5136 κυνεῖται
582 5079 833 5151 θεότητος
888 5083 1070 5151 φύσις.
1111 5082 1249 5138 Φάθι
1290 5083 1356 5153 δὴ
1396 5078 1513 5147 οῦν,
1553 5076 1600 5137 ὦ
1629 5083 1876 5155 Ἑρμεία,

293 5171 453 5226 ταυτὶ
495 5171 595 5242 μὲν
638 5174 821 5243 ἡμᾶς,
873 5172 1080 5227 οἴεσθαί
1129 5190 1188 5229 τε
1218 5174 1328 5243 ,καὶ
1375 5171 1618 5239 δοξάζειν
1665 5172 1876 5244 ὀρθῶς,

293 5265 671 5338 ἁνοσιουργεῖν
706 5266 764 5320 δὲ
795 5269 921 5331 τοὺς
960 5267 1279 5336 διεναντίας,
1311 5268 1382 5323 τὰ
1425 5269 1522 5323 καὶ
1549 5266 1644 5322 νοῦ
1675 5267 1878 5334 παντὸς

295 5358 698 5431 ὑπερφέροντα,
727 5359 1000 5431 λογισμῶν
1024 5360 1223 5416 ἀθλίων
1261 5362 1568 5433 εὑρήμασιν
1600 5360 1876 5425 ἀσυνέτως

291 5450 769 5516 ἐκὸασανίζοντας.

370 5539 431 5592 B.
468 5535 540 5601 Εῦ
582 5541 780 5610 λέγεις.
824 5545 971 5614 Φημὶ
1005 5544 1112 5615 γὰρ
1144 5537 1237 5599 οῦν
1281 5543 1487 5615 ἔγωγε,
1533 5543 1692 5599 τοῦτο
1741 5544 1877 5616 δρᾷν

292 5630 511 5694 αὐτούς.
541 5632 658 5697 Πῶς
685 5631 777 5688 οὖν
807 5636 914 5707 ἄρα
938 5635 1068 5700 Θεὸς
1095 5632 1174 5700 εἷς
1198 5638 1255 5689 ὲν
1280 5637 1435 5708 ἡμῖν,
1459 5635 1615 5709 εἴπερ
1637 5637 1695 5690 ὲν
1720 5634 1875 5699 ἰδίαις

297 5723 621 5799 ύποστᾲσεσι
651 5726 744 5782 καὶ
768 5729 796 5780 ό
833 5726 1021 5800 Πατὴρ
1053 5728 1224 5782 νοοῖτο
1251 5727 1344 5783 καὶ
1370 5726 1399 5782 ὁ
1429 5726 1586 5796 Υἱός;

1989 3180 2219 3228 stentem
2243 3171 2294 3227 id
2321 3173 2464 3241 quod
2481 3172 2799 3242 intelligitur
2812 3187 2935 3229 esse
2954 3173 3115 3229 etiam
3144 3172 3559 3244 Patet-,excepto

1991 3261 2093 3316 ltoc
2122 3261 2412 3331 uno.quod
2455 3259 2621 3316 Pater
2667 3271 2772 3317 est.
2810 3260 2904 3316 Sic
2935 3260 3102 3327 enim,
3130 3259 3334 3332 Spiritu
3367 3271 3560 3318 sancto

1988 3359 2376 3407 connumerato
2402 3349 2523 3406 etin
2543 3348 2797 3405 deitatem
2813 3357 3193 3414 concurrente,
3214 3365 3317 3404 nna
3341 3348 3559 3404 demum

1989 3458 2117 3498 vera
2145 3452 2200 3497 et
2226 3441 2492 3498 naturalis
2515 3441 2691 3498 deitas
2734 3442 2786 3496 in
2811 3440 3256 3499 consubstantiali
3288 3438 3560 3495 Trinitate

1988 3533 2265 3590 adoratur.

2060 3623 2121 3678 B.
2154 3623 2318 3694 Atqui
2349 3623 2394 3679 si
2420 3630 2529 3678 tres
2544 3623 2882 3695 hypostases,
2913 3620 3186 3691 inquiunt,
3214 3634 3334 3677 esse
3365 3635 3560 3677 conce·
3616 3655 3626 3665 „

1990 3717 2205 3783 damus,
2226 3714 2482 3771 divinitas
2498 3714 2663 3770 etiam
2688 3712 2740 3769 in
2767 3711 3084 3784 triplicitate
3114 3711 3466 3782 intelligetur,
3492 3722 3555 3767 nt

1987 3815 2072 3862 est
2110 3806 2409 3874 probabile.

2057 3899 2125 3951 A.
2159 3898 2228 3951 At
2262 3907 2410 3953 certe
2433 3911 2571 3952 verae
2594 3895 2858 3951 doctrinae
2886 3895 3027 3950 ratio
3075 3895 3190 3951 hoec
3220 3893 3292 3948 ita
3344 3908 3403 3949 se
3453 3909 3557 3948 non

1990 3990 2187 4045 babere
2213 4004 2309 4045 nos
2331 3988 2531 4045 docuit.
2563 3985 2826 4058 Baptizati
2849 3987 2992 4041 enim
3016 4000 3202 4042 sumus
3231 3985 3284 4039 in
3315 3983 3553 4049 Patrem,

1987 4092 2043 4140 et
2069 4081 2288 4146 Filium,
2312 4090 2368 4135 et
2387 4078 2646 4149 Spiritum
2700 4088 2944 4132 sanctum
2975 4094 2991 4143 ;
3026 4077 3339 4146 neutiquam
3376 4085 3557 4130 tamen

1988 4173 2391 4232 dicimuslldeun
2416 4185 2539 4226 csse
2568 4171 2750 4225 intres
2780 4171 2930 4234 deos,
2966 4168 3058 4222 scd
3098 4168 3151 4222 in
3191 4181 3350 4222 unam
3385 4168 3559 4221 deita-

1991 4277 2094 4323 tem
2132 4266 2186 4321 in
2228 4262 2494 4319 Trinitate
2515 4263 2871 4318 adorandam.
2901 4260 3041 4328 Quid
3074 4274 3214 4332 ergo
3256 4261 3363 4316 vim
3404 4258 3562 4313 adbi-

1990 4358 2106 4423 bes,
2137 4366 2193 4413 et
2227 4349 2530 4411 rationibus
2576 4353 2833 4410 humanis
2878 4352 3149 4422 subiicere
3204 4351 3418 4407 conaris
3441 4364 3561 4420 quae

1916 4478 1961 4534 D
1987 4459 2221 4504 mentem
2245 4457 2301 4501 et
2324 4447 2625 4501 orationem
2658 4453 2935 4515 superant,
2964 4456 3193 4515 quaeque
3218 4441 3332 4496 sola
3374 4441 3478 4495 {lde
3507 4449 3563 4495 et

1986 4539 2121 4593 citra
2147 4535 2521 4592 curiositatem
2545 4533 2770 4589 colenda
2791 4531 3083 4590 existimo?
3115 4531 3278 4586 Valde
3293 4530 3436 4586 enim
3460 4543 3559 4584 ne·

1985 4627 2179 4681 l'arium
2210 4634 2319 4690 est,
2358 4623 2526 4698 m
2570 4632 2625 4678 et
2655 4638 2880 4678 summae
2935 4621 3227 4692 impietatis
3290 4621 3559 4690 fastigium

1987 4725 2134 4772 tenet
2157 4715 2536 4771 curiosissime
2570 4714 2928 4784 interrogare,
2965 4712 3235 4783 quomodo
3265 4711 3478 4766 demum
3507 4719 3563 4766 et

1985 4823 2234 4880 quaenam
2263 4808 2337 4864 sit
2358 4806 2615 4873 Trinitas,
2641 4815 2696 4861 οι
2726 4819 2835 4875 quo
2860 4813 3020 4874 pacto
3060 4817 3119 4858 sc
3152 4803 3351 4860 habeat
3401 4802 3453 4856 in
3502 4815 3563 4856 se

1983 4901 2282 4959 divinitatis
2342 4910 2557 4955 natura.
2618 4898 2772 4954 Pium
2827 4904 3008 4952 autem
3062 4905 3149 4952 est
3201 4896 3384 4950 animo
3416 4903 3563 4948 recte

1982 4993 2266 5064 complecti
2292 5005 2525 5062 quonam
2554 4990 2714 5048 modo
2738 4989 2790 5043 in
2818 4999 3008 5044 sancta
3036 4987 3303 5042 Trinitate
3321 5001 3427 5042 una
3447 4986 3563 5040 dei·

1983 5083 2111 5140 tatis
2131 5085 2388 5140 adoretur
2415 5079 2846 5137 natura.Fatere
2873 5094 3025 5150 ergo,
3053 5079 3293 5143 llermia,
3318 5090 3418 5131 nos
3445 5075 3559 5131 baec
3633 5122 3640 5129 .

1981 5182 2131 5231 recte
2149 5182 2339 5246 putare
2364 5182 2419 5228 οι
2448 5171 2788 5235 existimare,
2822 5171 2992 5243 impie
3056 5185 3185 5225 vero
3242 5169 3420 5223 l'accre
3462 5167 3561 5221 ad-

1981 5266 2273 5332 senarios,
2291 5265 2382 5335 qui
2408 5263 2836 5320 ratiuncularum
2875 5263 3200 5318 miserarum
3233 5261 3563 5315 commentis

1982 5368 2188 5415 temere
2212 5372 2278 5413 ac
2310 5356 2472 5411 stulte
2500 5355 2784 5426 inquirunt
2811 5370 2873 5411 ea
2909 5369 3031 5423 ηοω
3069 5361 3308 5408 mentem
3332 5365 3564 5422 exsupe—

1980 5457 2123 5506 rani.

2049 5541 2110 5599 B.
2147 5539 2432 5598 Praeclare.
2487 5538 2632 5595 istud
2686 5538 2831 5594 enim
2889 5550 2990 5607 ego
3041 5537 3187 5608 ipsos
3227 5533 3410 5592 faeere
3452 5535 3557 5590 aio.

1980 5632 2256 5701 Quomodo
2282 5645 2411 5702 ergo
2450 5630 2593 5686 Deus
2632 5638 2870 5685 unusest
2899 5628 2953 5682 in
2985 5627 3140 5683 nobis
3166 5627 3212 5683 si
3248 5628 3299 5682 in
3326 5625 3558 5696 propriis

1979 5724 2358 5800 hypostasibus
2392 5731 2447 5780 et
2473 5721 2632 5779 Pater
2660 5720 2995 5793 intelligatur
3027 5736 3148 5777 csse
3196 5729 3251 5775 ct
3279 5717 3483 5773 Filius?
