3809 6125
275 312 394 369 6139

1358 318 1448 375 DE
1491 318 1594 378 SS.
1639 322 2019 383 'rmNtTATE
2060 328 2403 390 DIALOGL'S
2442 333 2481 388 l.

3457 345 3563 400 670

273 429 474 497 ὥσπερ
508 426 607 482 καὶ
655 428 947 501 παῖκᾶ-ὶην
990 430 1208 503 ἀληθῶς
1253 438 1652 508 παρεκῦἑοντες
1679 442 1868 515 νομὴν,
1903 450 1948 505 Δ
1979 449 2130 505 bulos
2173 463 2352 519 nunu,
2387 453 2644 511 salsorum
2675 456 3044 523 quorumdam'
3078 468 3131 511 et
3175 457 3415 513 inanium
3460 461 3559 516 do·

274 523 372 578 ὲπ’
396 521 648 586 ἀκάνθας
673 520 968 578 σπεύδουσι
1000 525 1095 580 καὶ
1126 527 1410 597 τριδόλους
1429 572 1444 596 ,
1480 533 1755 587 ἀσυνέτων
1792 553 1864 589 τι·

271 615 391 669 νῶν
431 613 944 686 ψευδοδιδάσκαλων
987 620 1458 693 καταφερὸόμενοι
1510 626 1700 694 λόγους

269 708 421 778 τάχα
451 723 557 759 που
586 706 680 759 καὶ
706 708 735 759 ὁ
760 708 861 777 τῆς
892 709 1093 776 σοφίας
1120 712 1292 782 αὐτῆς
1322 716 1661 787 ἐπεδάκρυσε
1689 720 1868 788 λόγος.

275 798 431 867 Ἔφη
454 796 566 868 γάρ
587 814 602 828 ·
643 794 744 850 ιὯ
766 798 817 849 ol.
848 799 1311 869 ἐγκαταλιπόντες
1334 805 1486 871 ὀδοὺς
1512 809 1747 874 εὐθείας,
1774 810 1869 864 τοῦ

272 890 618 963 πορεύεσθαι
648 891 706 944 ἐν
747 889 886 954 ὁδοῖς
922 891 1148 957 σκότους
1173 936 1188 961 ,
1234 896 1286 950 ol
1320 898 1739 971 εὐφραινόμενοι
1777 905 1870 957 ἐπὶ

272 985 509 1048 κακοῖς,
539 984 637 1037 καὶ
678 982 968 1055 χαίροντες
1011 985 1106 1038 ἐπὶ
1143 986 1442 1062 διαστροφῇ
1478 995 1624 1064 κακῇ
1653 1033 1667 1057 ,
1697 988 1773 1048 ὧν
1812 994 1869 1048 αἱ

271 1074 459 1147 τρίὸοι
492 1074 742 1140 σκολιαὶ,
788 1075 883 1128 καὶ
916 1074 1203 1145 καμπύλαι
1245 1082 1300 1133 αἱ
1344 1081 1559 1154 τροχιαὶ
1595 1084 1792 1138 αὐτῶν.
1843 1106 1861 1138 ι

349 1167 418 1222 Α.
460 1161 536 1221 Εὖ
570 1165 776 1235 λέγεις.
811 1166 1022 1236 Πρέποι
1049 1166 1096 1220 δ’
1125 1167 1191 1222 ἂν
1217 1170 1312 1223 καὶ
1338 1171 1482 1241 μάλα
1505 1172 1868 1244 κατοιμώζειν

271 1258 479 1323 αὐτοὺς
505 1257 644 1329 ὁμοῦ
682 1257 761 1329 τῷ
814 1259 1068 1331 προφήτῃ
1119 1259 1376 1328 λέγοντας
1417 1263 1685 1336 Ἱερεμίᾳ·
1724 1284 1741 1315 ι
1771 1266 1869 1330 Τίς

198 1336 207 1341 ”
271 1348 444 1406 δώσει
482 1350 551 1421 τῇ
579 1348 793 1421 κεφαλῇ
831 1367 933 1420 μου
965 1348 1130 1421 ὕδωρ,
1168 1351 1401 1417 καὶτοῖς
1430 1339 1731 1426 ὀφθαλμοῖς
1760 1375 1865 1428 μου

272 1441 465 1513 πηγὴν
513 1440 769 1513 δακρύων
789 1480 807 1505 ,
858 1441 956 1496 καὶ
1007 1442 1316 1515 κλαύσομαι
1358 1446 1450 1500 τὸν
1501 1445 1630 1510 λαὸν
1676 1448 1865 1504 τοῦτον

276 1534 492 1605 ἠμέρας
515 1533 611 1587 καὶ
637 1532 867 1598 νυκτός;
896 1552 914 1584 ι
934 1533 992 1586 '0
1009 1536 1138 1606 γὰρ,
1163 1536 1338 1605 παρὸν
1359 1537 1577 1596 ἑλέσθαι
1600 1542 1700 1612 τῆς
1728 1541 1865 1614 άλη-

270 1623 430 1687 θείας
463 1624 564 1696 τὴν
596 1622 801 1694 γνῶσιν
821 1664 837 1690 ,
871 1625 1151 1688 ἀσυνέτως
1179 1626 1513 1692 ὲκνενευκὼς
1540 1631 1620 1694 ete.-
1644 1631 1862 1701 ἀπάτην

274 1716 374 1770 καὶ
399 1716 787 1789 παραφθορὰν.
824 1718 919 1772 καὶ
947 1719 1029 1782 είς
1063 1718 1325 1790 βεδήλους
1350 1721 1714 1791 ψευδοδοξίας,
1746 1725 1863 1789 πῶς

1978 554 2189 596 etorum
2238 547 2434 614 scripta
2472 546 2851 616 depascentes;
2890 561 3118 616 quorum
3155 549 3327 604 vicem
3362 547 3545 605 dolere

1721 669 1735 689 .
1791 623 1873 693 οἷς
1975 635 2185 688 videtur
2228 634 2500 704 Sapientia
2540 639 2650 706 ipsa
2693 639 2776 692 liis
2816 640 3040 694 verbis:
3073 657 3092 691 ι
3117 638 3161 695 Ο
3204 655 3319 703 vos,
3350 641 3546 712 lnquit,

1972 723 2063 791 qui
2098 724 2462 795 dereliquistis
2508 728 2621 782 vias
2663 738 2859 791 rectas.
2897 730 3143 785 abeundo
3176 732 3225 785 in
3256 732 3370 785 vias
3399 744 3548 784 tene·

1971 814 2213 880 brarum,
2238 817 2328 886 qui
2371 818 2624 874 laetamini
2652 822 2703 875 in
2730 822 2905 886 maliS,
2932 831 2986 876 et
3018 821 3262 891 gaudetis
3302 824 3353 876 iu
3391 839 3551 876 ever-

1971 904 2121 958 sione
2150 906 2309 974 mala,
2344 924 2579 979 quorum
2607 913 2815 966 semitoe
2854 927 3052 979 pravae,
3080 923 3134 965 ct
3162 909 3415 966 flexuosae
3447 914 3544 966 viae

1972 1009 2159 1051 eornm
2184 1000 2251 1052 ⁹¹.
2289 1019 2307 1051 ι

2044 1171 2105 1224 Α.
2136 1170 2420 1227 Praeclare.
2446 1171 2567 1229 lllos
2597 1176 2794 1245 qnippe
2827 1175 3007 1245 ingere
3036 1190 3137 1227 una
3164 1190 3284 1229 cnm
3310 1174 3549 1230 Ieremia

1973 1263 2233 1334 propbeta
2291 1268 2525 1321 maxime
2579 1268 2841 1334 decuerit,
2878 1267 2961 1322 nis
2991 1265 3206 1320 verbis:
3239 1285 3257 1317 ι
3287 1265 3418 1333 Quis
3455 1269 3552 1319 ‹ia-

1968 1356 2045 1409 bit
2081 1357 2243 1425 capiti
2294 1372 2413 1412 meo
2440 1373 2659 1436 aquam,
2690 1368 2746 1413 et
2771 1358 2945 1413 oculis
2980 1357 3115 1412 meis
3140 1355 3339 1410 sontem
3367 1359 3547 1427 lacry-

1966 1463 2201 1514 marum,
2226 1458 2279 1503 et
2303 1448 2525 1519 plorabo
2548 1450 2801 1520 populum
2839 1451 2998 1505 istum
3032 1451 3116 1505 die
3146 1464 3210 1503 ac
3244 1460 3403 1504 noete
3423 1449 3505 1501 ⁹⁸?
3530 1469 3549 1500 ι

1966 1537 2065 1605 Qui
2100 1540 2242 1593 euim
2290 1540 2343 1594 in
2397 1538 2639 1595 fraudem
2690 1549 2747 1595 et
2792 1542 3178 1610 corruptelam,
3230 1550 3285 1597 et
3328 1540 3551 1608 profana

1967 1629 2284 1696 mendacia,
2336 1646 2458 1684 cum
2514 1632 2762 1686 veritatis
2815 1633 3125 1700 cognitione
3181 1630 3284 1685 frui
3338 1630 3550 1690 liceret.

1965 1723 2131 1777 stulte
2177 1723 2454 1790 incubuit,
2507 1739 2684 1779 aimon
2732 1723 2946 1779 demum
2981 1721 3127 1777 luctu
3178 1724 3375 1794 dignus
3423 1722 3550 1777 est?

268 1808 375 1862 οὐκ
422 1806 493 1863 ἂν
533 1809 621 1881 εἴη
657 1808 847 1864 λοιπὸν
891 1811 1356 1882 καταθρηνεῒσθαι
1396 1814 1657 1884 πρέπωνς
1691 1833 1710 1867 ι
1751 1816 1862 1870 Καὶ
1894 1788 1937 1843 Β
1970 1832 1990 1867 ι
2024 1816 2176 1871 Etex
2203 1816 2358 1871 nobis
2376 1817 2592 1887 quidem
2623 1816 2962 1887 prodierunt,
2989 1825 3053 1870 ut
3086 1816 3306 1885 scripsit
3332 1822 3549 1869 sanetus

270 1895 335 1961 ἐξ
360 1896 524 1968 ἡμῶν
555 1897 656 1969 μὲν
685 1897 911 1969 ἐξῆλθον
933 1940 947 1964 ,
975 1898 1051 1962 ῶς
1078 1899 1142 1968 γέ
1174 1918 1258 1964 τις
1287 1901 1395 1955 τῶν
1424 1903 1594 1969 ἁγίων
1626 1904 1721 1958 τοῦ
1748 1906 1863 1958 Σω-

267 1989 439 2060 τῆρος
465 1989 755 2045 ἐπέστειλε
791 1990 1072 2062 μαθητῶν,
1121 1993 1265 2064 πλὴν
1293 1994 1391 2047 οὐκ
1414 1990 1555 2066 ἦσαν
1583 1993 1644 2063 ἐξ
1667 1997 1823 2069 ἡμῶν
1841 2014 1858 2029 ·

269 2078 321 2131 εί
349 2077 465 2151 γὰρ
493 2067 641 2150 ἦσαν
662 2078 727 2145 ki
746 2078 925 2151 ἡμῶν,
955 2083 1362 2153 μεμενήκεισαν
1389 2082 1454 2137 ἂν
1481 2085 1601 2155 μεθ’
1632 2085 1809 2157 ἡμῶν.
1836 2104 1855 2139 ι

269 2170 441 2225 Κατὰ
466 2170 525 2225 τί
567 2170 631 2226 δὶ
664 2171 774 2241 ἄρα
800 2171 893 2226 καὶ
948 2172 1209 2245 ἐπιτιμᾷν
1259 2172 1533 2239 ἐγνώκασι
1585 2179 1652 2249 τῇ
1685 2176 1860 2244 οὕτως

276 2258 426 2331 ὀρθῇ
459 2259 562 2314 καὶ
584 2259 937 2334 ἅκριΰεστάτῃ
976 2263 1071 2317 καὶ
1116 2264 1413 2336 οὐδαμόθεν
1441 2266 1644 2344 ἐχούσῃ
1674 2268 1737 2324 τὸ
1766 2270 1858 2322 εὐ-

287 2349 563 2405 θύνεσθαι
590 2350 785 2421 πίστει,
815 2352 972 2425 ἤγουν
998 2358 1064 2426 τῇ
1096 2356 1200 2426 τῆς
1232 2357 1785 2432 πίστεωςκδμολογίμ

365 2440 431 2496 Β.
464 2440 600 2511 Nat,
630 2442 803 2515 φασίν.
822 2444 1248 2518 Ἐπιτιμήσομεν
1277 2450 1384 2521 γὰρ
1415 2450 1640 2517 εἰκότως
1665 2454 1732 2524 τῇ
1762 2452 1858 2506 τοῦ

286 2529 577 2600 ὁμοουσίου
620 2531 776 2601 λέξει,
815 2536 1327 2610 καινοφωνουμένην
1370 2555 1430 2592 τε
1473 2539 1569 2593 καὶ
1610 2540 1860 2612 ἄγραφον

274 2621 420 2680 εἶναι
469 2624 957 2700 διαόιδαιούμενοι,
1002 2630 1272 2696 τουτέστι,
1307 2634 1430 2697 ταῖς
1479 2633 1860 2699 θεοπνεύστοις

265 2716 375 2771 οὐκ
401 2717 736 2790 ἐγκειμένην
771 2719 1036 2792 Γραφαίς.

336 2810 407 2866 Δ.
463 2809 833 2883 ’Δνοητότατά
878 2831 944 2885 γε
998 2817 1157 2869 ταυτὶ1
1209 2820 1368 2888 φαῖεν
1420 2819 1508 2885 ἂν,
1558 2811 1602 2870 ὧ
1651 2817 1855 2890 ἑταῖρε.

262 2901 450 2957 Amat
491 2901 607 2975 γὰρ
655 2904 690 2975 ἡ
722 2903 868 2972 λέξις
909 2905 972 2959 τὸ
1021 2906 1237 2978 σύμπαν
1286 2909 1459 2974 οὐδὲν,
1507 2908 1745 2980 ἔνθαπερ
1791 2909 1858 2963 ἂν

264 2990 408 3058 ὅλως
437 2991 643 3065 ἀληθὲς
664 2992 890 3068 ὑπάρχῃ
918 2994 981 3048 τὸ
1005 2993 1065 3061 ἐξ
1089 2997 1260 3069 αὐτῆς
1293 2991 1727 3069 δηλούμενον.*Η
1749 2996 1858 3070 γὰρ

266 3083 397 3157 οὐχὶ
421 3083 575 3157 δοίης
598 3085 669 3142 ἂν
695 3082 839 3143 εἶναι
871 3087 966 3142 καὶ
991 3088 1155 3154 αὐτὸς
1192 3089 1392 3161 ἀληθὲς
1423 3093 1451 3144 ὃ
1478 3107 1656 3163 φημις

339 3179 408 3234 Β.
450 3177 564 3234 xat
599 3179 769 3251 μάλα.

320 3271 409 3337 Λ.
449 3272 651 3329 Σκόπει
675 3274 742 3346 δὴ
767 3270 862 3329 οὖν
882 3317 898 3343 ,
928 3277 979 3331 εί
1024 3275 1100 3347 μὴ
1134 3275 1230 3329 καὶ
1261 3275 1459 3343 ἐτέρας
1495 3276 1563 3344 τῇ
1593 3274 1688 3327 τοῦ
1721 3272 1857 3328 Θεοῦ

266 3356 437 3436 §Ocu
464 3365 752 3434 τοιαυτασί
788 3383 919 3441 ,πως
958 3369 1144 3436 φωνάς
1192 3364 1558 3438 δφαρμόττειν
1604 3363 1718 3417 ἔσθ·
1769 3365 1858 3419 ὅτε

266 3438 713 3530 Μαι-ἰὰ,
740 3446 935 3514 tttzl‘uot⁸
965 3450 1091 3527 τοῖς,
1121 3459 1286 3531 ἱεροῖς
1331 3475 1390 3510 τε
1429 3457 1525 3512 καὶ
1557 3454 1722 3518 θείοις
1758 3455 1860 3508 οὐκ

264 3548 628 3620 ὲγνωσμένας
654 3548 995 3622 Γράμμασι.·

342 3639 407 3694 Β.
448 3639 562 3704 Τὰς
591 3640 751 3705 ποίας
785 3639 848 3712 δὴ
880 3644 1004 3712 φής

343 3735 411 3786 Δ.
453 3727 602 3805 *Apa
631 3734 760 3804 γὰρ,
797 3733 956 3797 εἴτις
997 3732 1289 3804 ἀσώματόν
1329 3752 1385 3787 τε
1417 3737 1508 3789 καὶ
1549 3736 1859 3807 ἀσχημάτι-

273 3841 425 3890 στον,
468 3823 675 3879 amco,
717 3841 776 3878 τε
826 3827 921 3880 καὶ
961 3825 1231 3896 άμέγεθες
1270 3827 1536 3898 ὀνομάσαι
1580 3828 1639 3881 τὸ
1681 3829 1856 3892 Θεῖον,

272 3915 542 3986 ἑξοίχοιτο
591 3915 659 3970 ἂν
697 3915 792 3970 τοῦ
830 3916 1134 3989 πρέποντος
1166 3919 1194 3971 ὁ
1218 3916 1377 3987 λόγος
1406 3919 1588 3989 αὐτῷ;
1619 3920 1682 3972 Et
1707 3919 1763 3971 δὲ
1794 3917 1858 3990 δὴ

269 4006 378 4061 καὶ
397 4006 801 4078 ἀπεριόριστον,
834 4008 929 4062 καὶ
953 4007 1305 4062 άδασίλευτον
1337 4008 1505 4078 λέγοι,
1535 4010 1744 4081 οἰηθείη
1776 4028 1860 4076 τις

202 4117 219 4129 ·
270 4097 348 4154 ὃν
391 4099 567 4151 εἰπεῖν
606 4096 718 4151 τῶν
759 4097 1073 4167 ἀναγκαίων
1114 4098 1291 4165 οὐδὲν,
1344 4100 1523 4154 καίτοι
1567 4101 1860 4169 δοξάζοντα

270 4187 525 4260 fflnffiu

347 4279 413 4335 Β.
452 4279 565 4334 Καὶ
606 4280 712 4351 μὴν
746 4280 911 4353 λῆρος
935 4280 1001 4336 ἂν
1038 4281 1124 4354 εἴη
1155 4281 1315 4336 τοῦτό
1347 4299 1431 4351 γε.

348 4375 416 4425 Α.
456 4370 522 4424 Τί
561 4367 656 4426 οὖν
684 4371 792 4425 ἔδει
835 4373 1035 4444 μᾶλλον
1078 4373 1278 4434 αὐτοὺς
1308 4374 1703 4447 προχειρότατα
1738 4392 1856 4429 κιν-

1963 1909 2181 1978 quidam
2214 1907 2517 1964 Salvatoris
2550 1908 2881 1979 discipulus;
2924 1909 3018 1963 sed
3042 1923 3147 1962 non
3174 1914 3333 1963 erant
3359 1921 3425 1960 ex
3457 1921 3550 1960 no·

1963 1997 2047 2053 bis
2085 2016 2099 2053 ι
2138 1999 2182 2056 si
2225 2000 2370 2055 enim
2410 2000 2645 2058 fuissent
2689 2015 2756 2056 ex
2802 2000 2978 2066 nobis,
3024 1999 3307 2054 nobiscum
3355 1998 3545 2067 utique

1964 2086 2293 2143 mansissent
2318 2088 2387 2145 “.
2421 2107 2441 2141 ι
2476 2088 2616 2156 Quid
2656 2098 2739 2145 est
2762 2099 2942 2145 autem
2984 2089 3175 2159 in'qno
3195 2102 3421 2158 carpere
3463 2102 3551 2141 so-

1963 2178 2074 2235 lent
2097 2187 2203 2234 tam
2229 2190 2433 2236 rectam
2459 2191 2515 2236 et
2540 2191 2875 2245 accuratam,
2898 2189 2953 2237 et
2974 2182 3304 2252 inculpatam
3326 2194 3550 2250 prorsus

1964 2270 2147 2338 iidem,
2177 2284 2271 2326 seu
2312 2272 2434 2327 fidei
2471 2271 2632 2343 391
2671 2271 3109 2328 consessionem?

2032 2443 2092 2499 B.
2135 2442 2231 2499 Est
2258 2458 2504 2513 prorsus,
2540 2443 2816 2512 inquiunt.
2850 2443 2982 2500 lure
3011 2443 3156 2499 enim
3191 2444 3553 2513 reprebende-

1965 2550 2085 2591 nms
2119 2536 2407 2605 ὁμοουσίου
2451 2535 2795 2601 vocabulum,
2831 2523 3127 2591 asserendo
3159 2550 3349 2591 recens
3380 2550 3547 2591 exco-

1963 2627 2189 2697 gitatum
2212 2642 2354 2695 esse,
2380 2636 2435 2682 et
2462 2642 2567 2682 non
2594 2627 2882 2697 scriptum,
2910 2627 3012 2682 boc
3039 2636 3146 2693 cst,
3176 2627 3227 2681 in
3256 2626 3551 2696 Scriptnris

1964 2719 2159 2775 divinis
2200 2733 2537 2789 nequaqnam
2573 2718 2823 2790 reperiri.

2033 2810 2472 2873 A.,Stultissime
2504 2812 2621 2866 baee
2666 2810 2926 2876 dixerint,
2975 2824 3172 2863 amice.
3217 2809 3361 2864 Nihil
3403 2810 3548 2865 enim

1963 2903 2129 2959 officit
2156 2903 2506 2969 vocabulum,
2534 2903 2622 2958 ubi
2653 2918 2840 2958 verum
2871 2901 3030 2973 plane
3070 2912 3154 2957 est
3186 2902 3239 2956 id
3277 2904 3419 2971 quod
3460 2901 3551 2956 illo

1964 2995 2323 3069 significatur.
2357 2996 2551 3052 Annon
2603 2996 2656 3052 id
2698 3010 2888 3053 verum
2937 3009 3062 3050 csse
3086 2993 3205 3064 ipse
3235 3007 3446 3064 quoqne
3472 2993 3550 3047 sa-

1968 3090 2204 3144 teberis?

2033 3179 2096 3235 B.
2136 3179 2388 3237 Maxime.

2032 3271 2098 3327 Α.
2144 3269 2275 3328 Vide
2305 3287 2437 3345 ergo
2462 3287 2589 3329 num
2624 3272 2761 3329 alias
2790 3287 3008 3345 quoque
3027 3273 3356 3343 ejuscemodi
3389 3287 3549 3328 voces

1962 3361 2057 3417 Dei
2128 3372 2339 3417 natnrae
2397 3363 2811 3419 accommodare
2866 3362 3192 3432 quandoque
3250 3359 3545 3422 soleamu8‚

1960 3451 2209 3520 quamvis
2232 3452 2403 3508 sacris
2431 3467 2497 3508 ac
2520 3452 2720 3509 divinis
2750 3451 2974 3509 Litteris
3005 3453 3330 3522 incognitas.

2032 3629 2092 3683 B.
2134 3628 2448 3698 Quasnam?

2017 3723 2097 3789 A.
2134 3722 2215 3777 An
2238 3723 2383 3777 enim
2408 3723 2452 3779 si
2484 3725 2607 3792 quis
2631 3723 3032 3795 incorporeum,
3055 3732 3109 3778 et
3133 3720 3339 3793 figurae,
3372 3734 3544 3790 quan·

1962 3815 2132 3870 titatis
2174 3824 2231 3871 et
2273 3816 2663 3886 magnitudinis
2730 3827 3031 3887 expertem,
3064 3814 3230 3871 Deum
3281 3813 3542 3879 nominet,

1961 3908 2195 3964 absurde
2226 3906 2504 3962 locuturus
2545 3908 2667 3962 est?
2696 3907 2849 3974 Quod
2890 3908 2935 3963 si
2977 3915 3241 3978 praeterea
3290 3904 3411 3960 loco
3442 3906 3544 3960 mi·

1961 4001 2106 4056 nime
2142 3999 2538 4065 circumscribi,
2577 4009 2633 4056 et
2653 3999 2853 4056 nullius
2879 3999 3106 4070 imperio
3127 3998 3399 4055 subditum
3421 4013 3543 4054 esse

1962 4093 2127 4159 dicat,
2164 4107 2290 4146 num
2331 4091 2676 4149 existimabis
2722 4090 2860 4147 nibil
2904 4106 3029 4149 eum
3082 4091 3152 4148 ad
3198 4106 3316 4148 rem
3371 4090 3539 4160 loqui,

1960 4185 2088 4239 licet
2109 4199 2234 4240 vera
2263 4183 2501 4240 sentiat?
2822 4254 2830 4262 ·

2031 4277 2091 4333 B.
2132 4277 2295 4334 Certe
2324 4277 2541 4348 quidem
2584 4275 2773 4349 nugari
2812 4277 2915 4334 boc
2945 4284 3110 4334 esset.

2030 4369 2100 4425 A.
2140 4369 2249 4423 Cur
2279 4368 2443 4439 igitur
2470 4368 2547 4424 illi
2577 4371 2758 4440 potius
2803 4370 3067 4442 praecipiti
3114 4369 3350 4441 quadam
3381 4367 3543 4423 auda-

273 4458 601 4525 δυνεύοντας
654 4461 1035 4533 μειρακιωδῶς
1079 4461 1338 4533 ἐπιτιμᾷν
1367 4461 1448 4532 τῷ
1478 4462 1750 4534 ὀμοουσίῳ
1798 4464 1861 4517 τδ
1891 4475 1936 4529 1)
1964 4459 2044 4516 cia
2075 4460 2559 4517 consubstantialis
2591 4461 2906 4517 vocabulum
2940 4460 3223 4533 pueriliter
3243 4460 3540 4531 reprelien-

276 4548 435 4616 ξένον
462 4550 557 4604 καὶ
589 4550 758 4622 ἄηθες
789 4550 889 4621 τῆς
917 4549 1092 4615 οὓτως
1118 4552 1495 4624 εὐσημοτάτης
1517 4554 1611 4608 καὶ
1639 4554 1863 4625 ὲμφιλο·

279 4639 449 4710 σόφου
503 4639 702 4707 λέξεως
752 4643 1206 4714 καταγράφοντας
1231 4682 1246 4709 ,
1306 4643 1485 4697 καίτοι
1537 4644 1858 4716 πράγματος

277 4731 515 4806 ἀληθοῦς
562 4734 718 4798 δντος
746 4751 807 4788 τε
853 4734 950 4788 καὶ
987 4735 1442 4807 ὁμολογουμένου,
1474 4736 1627 4807 παρά
1655 4753 1718 4806 γε
1749 4739 1864 4800 τοῖς

274 4825 346 4882 τά
396 4825 519 4881 θεῖα
578 4826 758 4896 σοφῶς
810 4825 1207 4898 ἐξηκριδωκόσι
1267 4829 1362 4882 καὶ
1408 4827 1860 4898 πεπαιδευμένοις

282 4919 585 4990 μυστήρια,
616 4919 694 4982 ὡς
720 4917 779 4986 ἐξ
801 4920 973 4991 αὐτῆς
999 4920 1211 4990 άναφύς
1245 4921 1346 4991 τῆς
1384 4921 1573 4984 οὐσίας
1599 4920 1729 4990 ἡμῖν
1762 4919 1859 4974 τοῦ

276 5012 415 5069 θεοῦ
447 5013 547 5069 καὶ
576 5014 787 5086 Πατρὸς
812 5017 841 5068 ό
863 5015 1011 5082 Υἱὸς,
1038 5016 1140 5070 οὐκ
1161 5015 1396 5085 ἐκφυλος
1425 5013 1577 5068 ἔσται
1604 5012 1749 5067 κατὰ
1797 5013 1860 5066 τὸ

276 5102 464 5167 αὐτοῖς
493 5097 552 5158 εὗ
583 5103 729 5174 ἔχειν
756 5103 970 5170 δοκοῦν,
1016 5104 1140 5159 οὐτε
1172 5103 1279 5176 μὴν
1314 5104 1518 5167 ὁθνεϊος
1544 5100 1638 5156 τοῦ
1664 5117 1856 5171 γεγεν-

278 5194 534 5268 νηκότος,
563 5194 682 5249 ἀλλ’
712 5194 1000 5267 ὀμοούσιός
1022 5214 1081 5250 τε
1109 5194 1280 5266 αὐτῷ,
1314 5193 1634 5267 σύμμορφός
1671 5209 1731 5246 τε
1766 5193 1863 5248 καὶ

278 5285 570 5359 ὁμοφυηςς
622 5286 1038 5361 ’Δπερυθριάσω
1090 5287 1201 5359 γάρ
1263 5286 1515 5359 οὐδαμῶς
1565 5284 1629 5340 τὸ
1674 5286 1861 5358 ἁπάσῃ

284 5379 593 5453 κιχρῆσθαι
615 5378 760 5446 λέξει
799 5381 936 5452 πρὸς
961 5380 1060 5453 τὴν
1099 5380 1192 5435 τοῦ
1223 5379 1404 5445 καλῶς
1435 5396 1494 5433 τε
1527 5378 1623 5434 καὶ
1645 5376 1864 5450 άληθῶς

284 5464 759 5541 ἔχοντοξτιλούσῃ
789 5470 1042 5541 δήλωσιν.
1075 5469 1268 5533 Γένους
1305 5468 1404 5540 μὲν
1451 5467 1558 5539 γὰρ
1605 5467 1699 5521 καὶ
1743 5466 1861 5520 δια-

286 5565 459 5634 φορᾶς
496 5561 764 5616 είδοποιού
809 5563 1085 5628 παντελῶς
1111 5563 1170 5616 τὸ
1197 5562 1350 5616 Θεῖον
1387 5560 1679 5631 ἀνῴκισται
1702 5576 1716 5591 ·
1745 5556 1860 5613 ἀλλ’

1967 4551 2121 4616 dunt,
2162 4565 2348 4605 vocem
2373 4549 2955 4621 significantissimam,
2981 4560 3039 4608 et
3068 4551 3386 4621 cumprimis
3422 4549 3541 4621 phl-

1967 4640 2324 4710 losopbicam,
2355 4648 2610 4711 tanquam
2651 4641 2993 4711 peregrinam
3027 4650 3082 4695 et
3111 4640 3383 4696 insolitam
3409 4654 3541 4695 con·

1970 4733 2118 4788 tinuo
2153 4731 2577 4803 proscribentes,
2612 4729 2860 4802 quamvis
2884 4746 2972 4787 res
2997 4746 3127 4786 vera
3154 4745 3219 4786 ae
3253 4729 3538 4787 manifesta

1969 4823 2039 4878 sit
2066 4821 2206 4892 apud
2232 4836 2327 4878 eos
2353 4821 2445 4892 qui
2474 4821 2655 4877 divina
2691 4821 2969 4892 sapienter
2994 4821 3368 4892 expenderunt
3402 4821 3540 4876 didi-

1966 4923 2264 4983 ceruntque
2295 4914 2577 4986 mysteria,
2602 4914 2742 4984 quod
2773 4912 2942 4969 Filius
2965 4928 3035 4969 ex
3071 4913 3185 4985 ipsa
3223 4914 3318 4969 Dei
3348 4922 3403 4969 et
3442 4911 3542 4970 Pa-

1969 5007 2067 5062 tris
2096 5005 2398 5062 substantia
2444 5006 2603 5062 nobis
2650 5004 2883 5076 genitus,
2939 5021 3041 5061 non
3093 5005 3292 5062 diversi
3326 5005 3542 5078 generis

1964 5099 2058 5162 sit,
2080 5106 2141 5153 ut·
2165 5097 2266 5167 ipsi
2288 5107 2501 5166 putant,
2526 5112 2703 5169 neque
2723 5097 2929 5154 alienus
2958 5113 2987 5152 a
3010 5097 3287 5164 Genitore,
3315 5096 3410 5153 sed
3432 5096 3537 5163 ipsi

1969 5187 2463 5252 consubstantialis,
2485 5196 2541 5243 et
2562 5187 2873 5257 conformis,
2907 5190 3255 5260 ejusdemque
3293 5186 3540 5242 natura-i

1969 5277 2316 5349 Nequaquam
2350 5279 2495 5336 enim
2530 5294 2617 5335 me
2655 5281 2877 5352 pudebit
2909 5293 3233 5351 quoeunque
3278 5275 3538 5333 vocabulo

1972 5371 2048 5426 uti
2070 5370 2210 5441 quod
2236 5369 2301 5425 ad
2327 5385 2513 5426 verum
2549 5381 2866 5441 rectumque
2890 5370 3301 5442 significandum
3332 5370 3538 5425 cundu-

1971 5469 2079 5518 cat.
2137 5458 2278 5516 Deus
2322 5460 2587 5532 siquidem
2640 5478 2803 5534 supra
2851 5476 3020 5534 genus
3069 5473 3131 5516 ac
3172 5458 3533 5516 differentiam

1970 5551 2274 5622 specificam
2310 5553 2530 5611 omnino
2568 5554 2889 5612 constitutus
2919 5565 3035 5620 cst3
3081 5553 3176 5610 sed
3217 5554 3261 5611 si
3307 5551 3533 5625 rejicere

360 5737 408 5768 ’¹
440 5736 600 5794 l'ruv.
640 5752 699 5804 ιι,
743 5737 922 5795 1543.
1003 5740 1045 5770 ’³
1078 5736 1275 5794 Jercm.
1312 5752 1385 5803 tx,
1425 5737 1471 5792 l.
1551 5736 1594 5768 ⁹³
1632 5732 1824 5791 ttoan.
1858 5749 1919 5794 tt,
1959 5733 2041 5789 19.
