3809 6125
269 256 370 313 ”5

1258 254 1318 312 S.
1355 253 1625 312 cimus
1662 251 2129 309 ALExAnule
2168 252 2483 308 Ancntm‘.

3407 243 3510 301 “l

269 370 445 426 omnis
503 386 758 428 ttumcrns
816 383 909 428 aut
949 388 1049 443 par
1102 380 1183 427 cst
1202 412 1218 439 ,
1277 380 1369 425 aut
1418 371 1590 442 itnpar
1647 372 1701 425 in
1747 370 1834 424 his
1866 374 1905 431 Α
1935 370 2218 442 ἀριθμὸςῆ
2248 371 2432 442 ἀρτιός
2457 372 2603 423 ὲστιν
2625 368 2656 440 ἢ
2680 368 3023 440 περιττὸς,έν
3045 366 3253 428 τούτοις
3281 362 3347 417 τὸ
3375 358 3514 417 εῖναι

268 477 390 520 csse
421 463 640 520 babere.
696 463 765 520 Et
809 479 1047 530 rursum,
1085 478 1207 518 cum
1252 463 1434 519 omnis
1476 475 1732 517 nmnerus
1773 474 1836 515 ea

270 554 477 610 unitate
502 556 836 627 compositus
861 556 951 622 sit,
978 554 1032 609 in
1055 554 1263 618 unitate
1291 568 1413 610 esse
1434 568 1592 609 sunm
1619 551 1834 607 habere.

270 645 422 711 ltem,
439 661 561 702 cnm
583 647 938 703 omnishomo
959 646 1031 702 sit
1052 646 1252 700 animal
1282 645 1567 708 rationale.
1589 642 1836 709 mortale,

271 738 573 793 intellectus
593 748 649 793 et
677 737 971 807 disciplinae
1005 752 1200 807 capax,
1229 736 1505 791 bominem
1523 750 1621 805 per
1639 750 1703 789 se
1732 748 1838 787 non

269 828 586 892 subsistere.
623 829 718 883 sed
763 828 815 882 in
846 828 931 882 bis
972 841 1095 885 esse
1130 842 1285 884 suum
1331 825 1553 880 habere.
1581 824 1838 888 Rursum,

271 933 397 973 cum
421 920 598 974 omnis
621 920 783 975 bomo
805 920 880 973 sit
899 917 1192 988 implumis,
1220 916 1273 970 in
1311 929 1377 971 eo
1405 914 1548 985 qnod
1571 912 1842 984 implumis

270 1007 364 1069 sit.
389 1021 507 1062 esse
543 1022 708 1063 suum
734 1008 934 1063 habere
964 1007 1288 1062 consistere.
1321 1005 1587 1060 Caetertnn
1619 1004 1732 1059 baec
1760 1003 1840 1057 vel

273 1095 387 1153 sola
421 1096 747 1169 cogitatione
786 1098 1010 1152 ridicula
1042 1106 1185 1151 sunt.
1225 1095 1666 1166 Quandoquidem
1699 1094 1840 1147 enim

273 1190 435 1246 bomo
476 1198 591 1256 est,
630 1190 831 1245 idcirco
860 1198 945 1245 est
986 1188 1188 1244 animal
1233 1187 1517 1253 rationale,
1559 1187 1784 1241 mortale
1824 1202 1839 1238 t

273 1288 326 1336 ει
361 1280 794 1352 quandoquidem
832 1282 991 1336 homo
1018 1288 1122 1345 est,
1167 1278 1370 1334 idcirco
1403 1287 1487 1333 est
1517 1276 1793 1347 implumis
1825 1292 1838 1329 :

273 1377 329 1427 et
346 1370 472 1439 qnia
503 1385 781 1436 numerus,
811 1370 1014 1425 idcirco
1044 1370 1096 1423 in
1123 1368 1314 1437 impari
1346 1378 1402 1422 et
1430 1368 1544 1436 pari
1576 1366 1656 1421 fit.
1699 1367 1845 1433 Qno-

273 1460 439 1525 circa,
471 1462 850 1531 praesnpposita
884 1462 1205 1529 substantia,
1236 1463 1415 1517 omnia
1445 1462 1696 1516 dicuntur
1725 1476 1845 1530 qnae

275 1544 342 1599 de
382 1560 445 1599 ea
479 1546 863 1614 praedicantur,
912 1563 1021 1603 non
1065 1550 1276 1603 sublata
1325 1550 1659 1617 substantia3
1707 1550 1844 1603 sient

275 1635 620 1693 definitiones
657 1653 776 1707 quae
808 1640 938 1709 ipsis
976 1641 1247 1707 accidunt,
1289 1641 1580 1709 accipiunt.
1617 1639 1674 1695 Si
1714 1654 1844 1709 ergo

1948 460 2085 531 ἔχει.
2118 461 2229 513 Καὶ
2258 461 2441 515 πάλιν·
2482 460 2698 531 Ἐπειδὴ
2720 460 2829 524 πᾶς
2852 457 3084 530 ἀριθμὸς
3105 455 3424 524 ἀναγκαίως
3451 456 3516 508 ἐκ

1944 554 2172 626 μονάδος
2206 552 2507 621 σύγκειται,
2540 554 2600 606 ὲν
2640 556 2705 624 τῇ
2739 552 2929 625 μονάδι
2958 551 3019 605 τδ
3046 544 3187 603 εῖναι
3226 546 3366 619 ἔχει.
3406 548 3514 604 Καὶ

1942 648 2123 702 πάλιν·
2165 645 2382 717 Ἐπειδὴ
2408 647 2513 710 πᾶς
2540 646 2823 717 ἅνθρωπος
2846 646 2902 698 δν
2921 643 2997 715 τῷ
3027 637 3170 695 εἶναι
3198 639 3344 704 ζῶον
3374 640 3512 709 λογι·

1941 738 2055 802 κὸν,
2092 736 2303 807 θνητὸν,
2337 736 2428 789 νοῦ
2462 738 2557 790 καὶ
2586 738 2895 808 ἐπιστήμης
2925 732 3192 794 δεκτικὸν,
3219 731 3323 786 οὐκ
3357 732 3518 797 αὐτὸς

1941 826 2172 897 ὑπάρξει
2196 826 2317 879 καθ’
2348 827 2538 879 ἑαυτὸν
2568 826 2598 879 ό
2637 826 2939 897 ἄνθρωπος,
2972 823 3087 876 ἀλλ’
3118 824 3175 876 έν
3207 821 3423 886 τούτοις
3460 822 3521 875 τὸ

1943 914 2077 972 εἶναι
2095 917 2225 983 ἔξει.
2241 917 2351 970 Καὶ
2367 915 2550 970 πάλιν·
2566 917 2893 988 Ἐπειδήπερ
2915 916 3022 979 πᾶς
3046 913 3334 990 ἅνθρωπος
3350 913 3518 970 ἄπτε-

1947 1009 2037 1079 ρός
2070 1008 2236 1071 ἐστιν.
2282 1009 2342 1061 ὲν
2372 1006 2454 1079 τῷ
2481 1006 2716 1081 άπτερος
2761 1002 2902 1061 εἶναι
2945 1005 3007 1060 τὸ
3050 1000 3192 1062 εἶναι
3217 1003 3523 1076 ‘phun'

1943 1099 2059 1154 ἔστι
2087 1098 2297 1169 γελοῖον
2326 1095 2398 1152 τὰ
2438 1096 2666 1152 τοιαῦτα
2710 1098 2805 1151 καὶ
2858 1097 3016 1170 μόνον
3062 1094 3521 1166 ὲννοεῖν.Ἐπειδὴ

1943 1187 2052 1259 γὰρ
2078 1188 2384 1259 ἄνθρωπος,
2417 1185 2505 1242 διὰ
2532 1184 2694 1241 τοῦτο
2729 1186 2822 1239 καὶ
2850 1183 2987 1249 ζῶον
3017 1184 3260 1254 λογικὸν.
3287 1183 3485 1257 θνητόν
3506 1201 3518 1213 ·

1944 1279 2036 1331 καὶ
2062 1276 2249 1347 ἐπειδὴ
2276 1276 2582 1348 ἅνθρωπος,
2606 1274 2691 1336 διᾲ
2715 1273 2873 1330 τοῦτο
2897 1273 3160 1346 ἄπτερος·
3186 1272 3284 1330 καὶ
3311 1271 3525 1344 &tte-‚611-

1946 1386 2051 1439 περ
2084 1367 2335 1439 ἀριθμὸς,
2361 1367 2448 1421 διὰ
2494 1366 2653 1421 τοῦτο
2705 1368 2763 1420 ὲν
2808 1365 2887 1436 τῷ
2933 1364 3174 1436 περιττῷ
3225 1363 3326 1418 καὶ
3360 1364 3524 1437 ἀρτίῳ

1945 1459 2174 1527 γίνεται.
2200 1459 2406 1513 Οὐκοῦν
2445 1458 2814 1529 ὑποκειμένης
2843 1457 2943 1527 τῆς
2972 1455 3182 1521 οὐσίας,
3218 1454 3407 1509 πάντα
3448 1454 3524 1509 λέ-

1944 1569 2099 1620 γεται
2131 1550 2201 1605 τὰ
2233 1553 2321 1605 ἐπ’
2347 1552 2484 1623 αὐτῇ
2515 1549 2993 1622 κατηγορούμενα,
3018 1549 3119 1602 οὐκ
3139 1547 3522 1619 ἀναιρεθείσης

1945 1642 2044 1711 τῆς
2076 1640 2281 1704 οὐσίας,
2313 1641 2389 1704 ὡς
2410 1642 2526 1711 ὅροι
2551 1641 2620 1695 τά
2649 1638 3133 1709 ὲπισυμὸεὸηκότα
3171 1637 3376 1702 αὐταῖς
3400 1637 3515 1708 λιμ-

276 1727 442 1781 etiam
471 1743 573 1782 vox
596 1730 861 1799 ingenitas
885 1732 1210 1801 praedicatur
1234 1734 1302 1787 de
1325 1732 1560 1788 essentia
1585 1730 1700 1797 Dei,
1723 1739 1842 1785 tan·
1875 1699 1919 1755 Β
1948 1733 2219 1786 δάνονται.
2252 1733 2314 1785 Εἰ
2358 1733 2538 1787 τοίνυν
2566 1732 2661 1785 καὶ
2703 1734 2737 1801 ἡ
2782 1730 3072 1801 ἀγένητος
3106 1728 3264 1802 φωνὴ
3293 1743 3513 1799 κατηγο-

277 1833 440 1888 qnam
469 1835 633 1874 unum
656 1820 854 1891 aliquid
880 1836 1070 1877 corum
1107 1836 1226 1891 (με
1251 1823 1317 1877 ad
1351 1824 1525 1893 ipsam
1549 1823 1841 1892 pertinent,

278 1925 386 1966 non
419 1919 599 1965 autem
641 1912 875 1967 essentia
910 1912 1025 1982 ipsa
1059 1921 1144 1967 cst
1177 1914 1483 1983 (significat
1518 1914 1662 1969 enim
1702 1912 1842 1982 qnod

279 2018 385 2059 non
419 2005 491 2060 sit
519 2004 780 2077 genitus),
811 2017 962 2063 certo
983 2007 1219 2063 essentia
1254 2007 1348 2063 Dei
1379 2021 1484 2062 non
1514 2004 1766 2062 consistit
1791 2004 1844 2057 in

280 2092 557 2165 ingenito;
581 2098 674 2150 scd
698 2111 819 2150 cnm
855 2098 921 2152 sit
948 2107 1110 2167 atquc
1134 2098 1416 2164 subsistat,
1443 2097 1716 2167 ingenitus
1738 2104 1842 2151 est.

950 2228 1176 2285 Auno.

348 2354 404 2411 Si
437 2356 696 2427 quidquid
719 2359 786 2413 de
813 2358 928 2413 solo
961 2359 1071 2414 Deo
1098 2358 1317 2427 dicitur,
1348 2359 1452 2415 boc
1489 2360 1653 2413 ctiam
1686 2372 1843 2427 pror-

280 2460 373 2501 sus
396 2446 697 2502 substantia
737 2448 902 2517 ipsius
949 2458 1074 2517 est,
1119 2450 1360 2519 protecto
1387 2464 1455 2505 ex
1488 2450 1669 2507 multis
1721 2449 1848 2507 sub-

279 2535 496 2591 stantiis
526 2538 816 2593 constabit.
871 2537 1035 2593 uuita
1065 2540 1209 2595 enim
1269 2550 1397 2595 sunt
1445 2554 1566 2610 qnae
1611 2541 1710 2596 soli
1744 2541 1862 2611 ipsi.

280 2620 596 2677 naturaliter
663 2625 850 2680 insunt
897 2642 914 2679 ι
969 2641 1090 2695 quae
1142 2626 1273 2682 nulli
1324 2642 1392 2683 cx
1439 2629 1705 2685 creaturis
1759 2630 1847 2684 in·

281 2718 425 2775 sunt,
467 2710 721 2766 nimirum
776 2728 871 2769 rex
917 2725 973 2770 et
1030 2716 1298 2786 dominus,
1328 2726 1384 2773 et
1429 2717 1851 2789 incorruptibilis

281 2810 441 2869 atquc
514 2801 835 2870 invisibills,
881 2805 1096 2876 aliaque
1154 2807 1440 2865 innumera
1501 2823 1621 2879 quae
1678 2824 1851 2865 sacrae

281 2888 573 2959 Scripturae
619 2892 670 2947 ei
724 2893 986 2950 tribuunt.
1051 2895 1109 2951 Sl
1159 2911 1290 2969 crgo
1338 2899 1548 2970 singula
1599 2914 1720 2969 quae
1745 2901 1847 2970 ipsi

280 2990 485 3046 insunt,
517 2982 832 3041 substantia
857 2985 964 3040 vim
998 2986 1261 3054 obtinent,
1307 2989 1580 3059 quomodo
1615 3004 1723 3046 non
1747 2990 1852 3047 erit

281 3073 609 3142 compositus
629 3076 719 3144 qui
747 3075 980 3146 simplex
1002 3079 1122 3134 cst?
1176 3079 1328 3145 Quod
1369 3081 1586 3151 quidem
1613 3083 1854 3152 cogitare

281 3163 725 3221 absurdissimum
752 3177 857 3223 est.
884 3166 1001 3224 Vox
1035 3168 1217 3239 itaque
1237 3172 1476 3241 ingeniti,
1506 3189 1626 3243 quae
1651 3175 1853 3245 aliquid

281 3266 469 3309 eorum
492 3270 614 3325 quae
632 3256 732 3325 ipsi
759 3258 940 3314 insunt
971 3261 1261 3329 significat,
1283 3264 1579 3319 substantia
1610 3281 1716 3321 non
1747 3275 1851 3334 est,

285 3344 685 3418 absurdumque
714 3358 800 3405 est
856 3350 947 3406 Dei
971 3353 1265 3409 essentiam
1314 3354 1367 3409 in
1413 3355 1649 3427 ingenito
1675 3358 1852 3414 consi-

284 3443 447 3494 stete.

947 3552 1181 3610 Auno.

355 3658 414 3716 Si
449 3661 629 3717 omnis
667 3665 991 3733 substantia,
1026 3683 1092 3723 ex
1135 3683 1203 3727 eo
1255 3670 1396 3739 quod
1453 3682 1535 3725 est
1583 3672 1856 3739 delinitur,

287 3768 395 3809 non
428 3763 607 3809 autent
630 3769 697 3810 ex
725 3771 791 3812 eo
819 3758 963 3828 quod
1012 3774 1118 3814 non
1154 3769 1237 3814 est
1271 3761 1468 3833 (nemo
1517 3765 1661 3817 enim
1712 3780 1858 3821 sante

290 3846 487 3903 mentis
523 3845 787 3902 deliniens
810 3848 1081 3904 hominem
1135 3850 1334 3906 dixerit
1362 3866 1482 3909 esse
1510 3852 1817 3923 implumem
1840 3891 1857 3916 ,

289 3945 344 3992 ει
384 3951 486 3992 non
515 3937 942 4008 quadrupedem,
978 3941 1070 3996 sed
1119 3941 1297 4011 potius
1323 3956 1391 3998 ex
1424 3943 1619 4013 quibus
1651 3944 1859 4014 signiti-

289 4037 443 4083 catur
463 4029 634 4100 magis
663 4031 877 4100 proprie
900 4043 954 4088 et
983 4047 1051 4089 ex
1096 4035 1293 4104 quibus
1322 4036 1592 4100 consistit,
1628 4039 1730 4096 lioc
1750 4046 1857 4103 est,

292 4118 490 4174 animal
519 4120 778 4179 rationale
803 4123 1071 4189 mortale),
1094 4133 1148 4179 et
1175 4139 1274 4179 vox
1298 4127 1557 4194 inqenitns
1584 4141 1689 4181 non
1730 4128 1859 4196 qnid

291 4209 362 4263 sit
387 4209 711 4266 naturaliter
740 4211 904 4278 Deus,
931 4215 1025 4268 scd
1049 4215 1180 4282 quid
1211 4229 1314 4268 non
1346 4216 1417 4270 sit
1440 4216 1707 4284 significat
1734 4218 1859 4289 (ni-

292 4300 366 4355 ΙιίΙ
387 4301 531 4355 enim
558 4302 702 4357 aliud
726 4303 992 4373 significat
1017 4319 1180 4374 quam
1201 4306 1344 4374 qnod
1372 4322 1475 4361 non
1499 4307 1572 4362 sit
1599 4311 1858 4381 creatus).

291 4401 440 4445 certe
486 4392 788 4448 substantia
856 4409 960 4450 non
991 4407 1095 4463 εει,
1135 4411 1308 4466 neque
1357 4396 1497 4453 Deus
1530 4399 1584 4454 in
1628 4399 1864 4471 ingenito
1893 4387 1939 4443 D

289 4497 410 4541 esse
437 4499 592 4540 suum
622 4485 802 4540 habet.

963 4594 1122 4651 ALlU
1134 4597 1191 4651 D.

363 4727 629 4797 Quidquid
657 4731 980 4800 praedicatur
1010 4729 1075 4784 de
1091 4730 1221 4794 alio,
1241 4739 1298 4786 ιιι
1320 4732 1448 4800 quid
1464 4732 1624 4804 262
1641 4734 1860 4789 sitbene

178 4847 201 4867 ·
294 4821 582 4890 significet,
614 4822 779 4876 velut
807 4837 996 4893 genus,
1035 4823 1116 4877 vel
1147 4830 1204 4876 ut
1234 4824 1458 4891 species,
1483 4823 1567 4878 vel
1619 4835 1677 4878 nt
1710 4825 1860 4881 diffe-

295 4909 489 4976 rentia,
524 4909 607 4964 νεΙ
641 4919 700 4962 ιιι
724 4912 966 4967 delinitio
1008 4912 1078 4966 de
1102 4928 1167 4968 eo
1213 4913 1432 4967 dicitur.
1462 4911 1692 4968 Necesse
1714 4917 1857 4969 enim

294 5001 520 5056 cumino
543 5010 628 5054 est
670 5009 726 5054 ut
748 5017 922 5075 ,unum
954 5003 1168 5072 aliquod
1212 5018 1280 5059 ex
1320 5004 1404 5060 itis
1433 5003 1522 5058 sit.
1555 5003 1664 5059 Vox
1700 5006 1862 5076 igitur

293 5091 564 5162 quomodo
609 5090 766 5146 nobis
801 5091 1034 5146 divinam
1091 5104 1340 5151 naturam
1368 5096 1735 5167 significabit?
1760 5097 1865 5151 Re-

294 5181 700 5253 spondeantqni
721 5182 859 5238 adeo
884 5184 1144 5241 absurdas
1169 5189 1499 5259 objectiones
1523 5201 1859 5262 proponunt;

296 5287 471 5344 neque
494 5275 636 5330 enim
663 5289 829 5346 genus
859 5284 949 5328 ant
979 5278 1187 5344 species
1242 5281 1420 5347 sinet-it,
1449 5283 1599 5352 juxta
1650 5285 1857 5337 Aristo-

299 5362 422 5419 telis
443 5365 744 5422 doctrinam
779 5386 794 5423 t
828 5384 952 5422 nant
985 5383 1179 5438 genera
1209 5381 1263 5426 ει
1287 5375 1494 5442 species
1527 5377 1592 5428 de
1619 5374 1864 5444 pluribus

299 5455 675 5524 praedicantur,
727 5458 1095 5516 differentibus
1143 5462 1399 5518 nimirum
1450 5466 1628 5533 specie
1659 5476 1715 5520 ει
1765 5480 1863 5517 nu-

302 5559 471 5602 mero.
500 5543 617 5604 Vox
645 5560 826 5605 autem
862 5551 1134 5623 ingenitus
1179 5569 1281 5607 non
1313 5558 1561 5610 convenit
1601 5556 1756 5611 alieni
1782 5555 1860 5609 al·

304 5635 425 5696 teri.
453 5639 544 5694 scd
577 5638 672 5693 so!i
706 5638 833 5707 Deo,
877 5642 1100 5711 ideoque
1130 5642 1193 5696 de
1227 5643 1341 5712 ipso
1375 5645 1485 5698 solu
1525 5647 1862 5712 perdicatur.

1951 1829 2124 1897 ρεῖται
2146 1824 2249 1895 τῆς
2273 1824 2370 1879 τοῦ
2389 1824 2525 1879 Θεοῦ
2555 1826 2765 1891 οὐσίας,
2786 1824 2862 1889 ὡς
2885 1825 2945 1878 ἓν
2973 1842 3025 1878 τι
3055 1823 3167 1877 τῶν
3195 1824 3329 1895 περὶ
3349 1823 3524 1885 αὐτὸν,

1948 1919 2048 1972 οὐκ
2094 1917 2234 1987 αὑτὴ
2275 1918 2548 1987 τυγχάνον
2598 1917 2658 1969 τὸ
2706 1917 2815 1987 γὰρ
2855 1916 2929 1985 μὴ
2962 1915 3221 1984 γενέσθαι
3264 1914 3441 1986 δηλοῖ,
3470 1915 3527 1968 οὐ

1954 2010 2057 2081 μὲν
2082 2010 2161 2079 τῷ
2193 2009 2442 2079 ἀγενήτῳ
2464 2008 2527 2061 τὸ
2555 2008 2823 2079 ὑπάρχειν
2854 2005 2967 2071 ἒξει
2992 2005 3126 2071 Θεός
3145 2022 3162 2038 ·
3185 2005 3302 2060 ἀλλ’
3326 2005 3409 2059 ὢν
3439 2006 3531 2058 καὶ

1952 2102 2232 2173 ὑπάρχων,
2264 2100 2528 2171 ἀγένητός
2556 2101 2725 2154 ἐστιν.

2634 2233 2837 2286 ΑΑΛΟ.

2024 2374 2086 2426 m
2117 2372 2255 2444 ὅπερ
2279 2370 2346 2426 ἂν
2371 2371 2607 2442 ὑπάρχοι
2649 2370 2795 2440 μόνῳ
2836 2368 2912 2438 τῷ
2956 2367 3097 2439 Θεῷ,
3125 2365 3286 2422 τοῦτο
3318 2368 3534 2431 πάντως

1954 2465 2049 2519 καὶ
2073 2465 2230 2518 οὐσία
2266 2464 2419 2518 ἔσται
2446 2462 2633 2530 αὐτοῦ,
2668 2464 2734 2517 ὲκ
2763 2461 2972 2516 πολλῶν
2996 2463 3132 2533 ἡμῖν
3154 2461 3361 2515 οὐσιῶν
3404 2477 3529 2529 συγ·

1955 2557 2218 2612 κείσεται.
2246 2555 2425 2609 Πολλὰ
2472 2555 2583 2627 γάρ
2630 2557 2802 2618 ἐστιν,
2834 2554 2871 2609 ἃ.
2905 2553 3052 2625 μόνῳ
3077 2553 3182 2625 μὲν
3216 2551 3372 2626 αὐτῷ
3400 2552 3528 2607 κατὰ

1956 2646 2117 2717 φύσιν
2144 2644 2401 2716 ὑπάρχει.
2420 2644 2624 2714 Ἐτέρῳ
2655 2642 2712 2697 δὲ
2742 2643 2849 2696 τῶν
2875 2641 3046 2695 ὄντων
3072 2639 3278 2708 οὐδενὶ,
3305 2638 3408 2696 καὶ
3441 2637 3526 2712 βα·

1957 2738 2157 2802 σιλεὺς,
2190 2736 2286 2792 καὶ
2328 2734 2535 2807 κύριος,
2566 2736 2660 2787 καὶ
2702 2734 2997 2805 ἄφθαρτος.
3023 2732 3119 2787 καὶ
3150 2731 3412 2806 ἀόρατος,
3447 2729 3526 2785 καὶ

1956 2827 2094 2899 πρὸς
2131 2826 2343 2889 τούτοις
2390 2826 2553 2897 ἕτερα
2604 2824 2772 2897 μυρία
2820 2824 2948 2894 περὶ
2986 2819 3153 2876 αὐτοῦ
3204 2820 3459 2891 λέγουσιν
3477 2822 3523 2876 αἱ

1958 2919 2099 2973 θεῖαι
2133 2918 2367 2991 Γραφαί.
2397 2918 2460 2971 Et
2491 2915 2675 2970 τοίνυν
2708 2916 2936 2969 ἕκαστον
2966 2912 3076 2967 τῶν
3107 2910 3268 2984 αὐτῷ
3315 2911 3526 2988 προσόν·

1957 3029 2085 3078 των,
2121 3014 2179 3067 ὲν
2211 3009 2399 3073 οὐσίας
2445 3008 2599 3074 τάξει
2641 3007 2905 3070 κείσεται,
2936 3005 3053 3071 πῶς
3092 3004 3200 3059 οὐκ
3226 3003 3387 3059 ἔσται
3418 3001 3525 3058 σόν,

1956 3103 2109 3167 Θετος
2156 3105 2185 3156 ό
2233 3100 2468 3168 airko-343
2508 3101 2687 3172 Ὅπερ
2729 3100 2878 3154 ἐστὶν
2921 3099 3123 3152 ἐννοεῖν
3167 3095 3522 3152 ἀτοπώτατον.

1956 3192 2167 3248 Οὐκοῦν
2193 3193 2226 3264 ἡ
2255 3192 2547 3262 ἀγένητος
2570 3191 2745 3264 φωνὴ,
2762 3192 2821 3245 ἓν
2845 3209 2897 3244 τι
2917 3191 3027 3245 τῶν
3052 3189 3206 3260 αὐτῷ
3227 3189 3526 3263 ‘rependum

1954 3285 2320 3357 γνωρίζουσα,
2354 3284 2457 3339 οὐκ
2481 3283 2634 3339 ἔσται
2664 3284 2844 3348 οὐσία,
2876 3283 2967 3336 καὶ
3000 3281 3530 3354 ‘neptunum-buna

1965 3378 2023 3429 ὲν
2052 3375 2129 3446 τῷ
2159 3377 2410 3448 ἀγενήτῳ
2436 3374 2500 3429 τὸ
2523 3375 2663 3430 εἶναι
2695 3375 2843 3446 ἔχειν
2872 3375 2965 3427 τὸν
2993 3372 3156 3429 Θεόν.

2636 3571 2841 3626 ΛΛΑΟ.

2028 3687 2091 3740 Εἰ
2118 3684 2266 3739 πᾶσα
2303 3682 2458 3736 οὐσία
2503 3681 2565 3735 τδ
2616 3680 2667 3734 τί
2701 3682 2819 3734 ἐστι
2851 3679 3104 3749 σημαίνει
3132 3680 3200 3734 τὸ
3229 3677 3534 3753 όριζόμινσι

1957 3774 2078 3845 οὐχὶ
2105 3773 2159 3826 τί
2190 3772 2290 3826 οὐκ
2319 3770 2463 3824 ἔστιν
2500 3773 2517 3838 (
2542 3769 2602 3823 οὑ
2640 3768 2749 3840 γὰρ
2780 3768 2845 3823 άν
2878 3785 2959 3830 τις
2985 3769 3046 3820 εὐ
3074 3768 3422 3840 φρονῶντὴν
3447 3767 3528 3822 ἂν·
3577 3764 3582 3769 ’

1958 3864 2178 3937 θρώπου
2225 3863 2389 3933 φύσιν
2439 3861 2753 3932 ὁριζόμενος
2792 3859 2961 3928 λέγοι,
2992 3859 3259 3931 ἄπτερος,
3287 3858 3416 3933 οὐχὶ
3449 3872 3530 3913 τι·

1958 3954 2222 4026 τράπους,
2249 3953 2387 4007 ἀλλά
2417 3951 2619 4020 μᾶλλον
2646 3950 2703 4016 ἐξ
2729 3943 2804 4002 ὧν
2834 3950 3158 4020 σημαίνεται
3187 3950 3524 4023 κυριώτερ’,

1960 4045 2053 4098 καὶ
2079 4043 2138 4109 ἐξ
2172 4036 2247 4099 ὧν
2277 4046 2413 4108 ἐστι,
2444 4042 2711 4107 τουτέστι,
2744 4041 2882 4106 ζῶον
2910 4042 3127 4110 λογικὸν
3160 4041 3411 4114 Θνητδν),
3431 4037 3526 4114 ἡ.

1959 4137 2250 4206 ἀγένητος
2274 4134 2449 4207 φωνὴ,
2473 4135 2535 4187 οὐ
2565 4134 2617 4188 τί
2648 4136 2762 4187 ἐστι
2791 4133 2933 4188 κατὰ
2961 4134 3123 4203 φύσιν
3149 4133 3314 4200 Θεὸς,
3338 4128 3534 4190 mid

1961 4229 2062 4283 οὐκ
2089 4228 2202 4282 ἐστι
2232 4229 2382 4300 δηλοῖ
2419 4229 2522 4298 (ὅτι
2551 4227 2661 4299 γὰρ
2690 4227 2765 4298 μὴ
2802 4227 3029 4296 γενητός
3058 4228 3202 4294 ἐστι,
3235 4222 3534 4301 σημαίνει).

1966 4321 2065 4379 οὐκ
2097 4321 2163 4375 ἂν
2192 4321 2276 4390 εἴη
2306 4320 2485 4384 οὐσία,
2515 4319 2636 4373 οὐδὲ
2665 4322 2723 4373 ὲν
2753 4318 2905 4389 αὐτῷ
2933 4318 2995 4372 τὸ
3024 4313 3165 4374 εἶναι
3196 4318 3316 4385 ἕξει
3341 4318 3496 4383 Θεός.

2643 4606 2846 4660 ΑΛΛΟ.

2029 4741 2145 4793 Πᾶν
2190 4740 2328 4810 ὅπερ
2371 4738 2438 4793 ἂν
2488 4741 2846 4812 κατηγοροῖτο
2894 4739 3033 4795 κατά
3077 4755 3248 4805 τινος,
3274 4740 3357 4807 ὡς
3404 4741 3466 4797 τὸ
3492 4741 3545 4798 τί

1967 4833 2111 4885 ἐστιν
2139 4824 2199 4884 εὖ
2236 4829 2379 4901 μάλα
2418 4831 2679 4899 σημαῖνον
2700 4846 2713 4859 ·
2756 4829 2789 4901 ἢ
2817 4830 2891 4894 ὡς
2923 4828 3099 4898 γένος,
3133 4830 3169 4901 ἢ
3204 4830 3285 4896 ὡς
3321 4827 3484 4899 εἶδος,
3510 4833 3548 4907 ἦ

1968 4922 2043 4984 ὡς
2070 4920 2320 4991 διαφορὰ,
2349 4919 2382 4991 ἢ
2413 4919 2488 4984 ὼς
2540 4920 2665 4991 ὅρος
2709 4920 2887 4976 ἔσται.
2937 4921 3029 4973 Δεῖ
3065 4919 3176 4992 γὰρ
3226 4922 3453 4986 πάντως
3487 4920 3548 4981 ἓν

1968 5011 2106 5067 εἶναι
2154 5013 2263 5067 τῶν
2298 5010 2624 5083 εἰρημένων.
2642 5011 2705 5065 Ἡ
2731 5011 2910 5065 τοίνυν
2955 5011 3220 5083 ἀγένητος
3245 5013 3406 5086 φωνὴ
3431 5014 3549 5081 πῶς

1969 5107 2100 5177 ἡμῖν
2146 5105 2247 5175 τὴν
2293 5102 2444 5155 Θείαν
2493 5102 2681 5157 οὐσίαν
2712 5104 2975 5174 σημανεῖ;
3009 5101 3344 5171 Δεγέτωσαν
3373 5106 3427 5160 οἱ
3449 5104 3546 5168 τὶς

1971 5196 2200 5267 ἀμαθεῖς
2240 5196 2530 5266 προτάσεις
2574 5194 2951 5263 εἰσφέροντες·
2998 5193 3155 5261 γένος
3204 5195 3309 5268 μὲν
3359 5195 3472 5268 γὰρ
3511 5196 3546 5266 {2

1966 5282 2105 5348 εἶδος
2149 5286 2249 5338 οὐκ
2291 5284 2356 5338 ἂν
2399 5283 2509 5354 εἴη,
2553 5283 2693 5337 κατὰ
2742 5282 2840 5353 τὴν
2878 5282 3283 5354 Ἀριστοτέλους
3329 5286 3542 5357 τέχνην.

1967 5377 2124 5430 Κατὰ
2168 5375 2428 5429 πλειόνων
2472 5375 2581 5445 γὰρ
2625 5376 3008 5446 κατηγορεῖται
3054 5372 3122 5428 τά
3170 5373 3307 5446 γένη
3354 5375 3454 5430 καὶ
3481 5374 3548 5428 τὰ

1967 5468 2113 5538 εἴδη·
2141 5466 2506 5538 διαφερόντων
2538 5466 2616 5530 δὲ,
2644 5466 2677 5534 ἢ
2724 5466 2800 5536 τῷ
2846 5465 2978 5519 εῖδει
3007 5465 3042 5538 ἢ
3072 5464 3152 5539 τῷ
3192 5465 3443 5539 ἀριθμῷ.
3477 5465 3549 5520 Τὸ

1968 5558 2025 5613 δὲ
2057 5558 2316 5626 ἀγένητος
2345 5556 2534 5626 ὄνομα,
2570 5556 2668 5609 οὐκ
2717 5557 2783 5609 ἂν
2834 5558 3051 5628 φέροιτο
3080 5556 3225 5612 κατά
3252 5573 3400 5618 τινος
3427 5554 3548 5609 ἑτέ·

1974 5665 2086 5716 pou,
2123 5648 2267 5717 μόνῳ
2310 5646 2366 5699 δὲ
2416 5647 2645 5717 ὑπάρχει
2681 5647 2824 5716 Θεῷ·
2856 5647 2934 5700 διὸ
2965 5646 3029 5719 δὴ
3061 5648 3184 5702 κατ’
3212 5644 3385 5705 αὐτοῦ
3412 5661 3539 5701 κατ·
