<?xml version="1.0" encoding="UTF-8"?>
<!DOCTYPE html PUBLIC "-//W3C//DTD XHTML 1.0 Transitional//EN"
    "http://www.w3.org/TR/xhtml1/DTD/xhtml1-transitional.dtd">
<html xmlns="http://www.w3.org/1999/xhtml" xml:lang="en" lang="en">
 <head>
  <title>
</title>
<meta http-equiv="Content-Type" content="text/html;charset=utf-8" />
  <meta name='ocr-system' content='tesseract 3.04.00' />
  <meta name='ocr-capabilities' content='ocr_page ocr_carea ocr_par ocr_line ocrx_word'/>
</head>
<body>
  <div class='ocr_page' id='page_1' title='image "./patrologicursus109migngoog_0176.png"; bbox 0 0 3809 6125; ppageno 0'>
   <div class='ocr_carea' id='block_1_1' title="bbox 285 295 391 351">
    <p class='ocr_par' dir='ltr' id='par_1_1' title="bbox 285 295 391 351">
     <span class='ocr_line' id='line_1_1' title="bbox 285 295 391 351; baseline -0.019 0"><span class='ocrx_word' id='word_1_1' title='bbox 285 295 391 351; x_wconf 67' lang='lat'><strong>523</strong></span> 
     </span>
    </p>
   </div>
   <div class='ocr_carea' id='block_1_2' title="bbox 1256 284 2481 342">
    <p class='ocr_par' dir='ltr' id='par_1_2' title="bbox 1256 284 2481 342">
     <span class='ocr_line' id='line_1_2' title="bbox 1256 284 2481 342; baseline -0.002 0"><span class='ocrx_word' id='word_1_2' title='bbox 1256 288 1314 342; x_wconf 87' lang='lat' dir='ltr'><strong>S.</strong></span> <span class='ocrx_word' id='word_1_3' title='bbox 1351 287 1624 342; x_wconf 68' lang='lat' dir='ltr'><strong>ct&#39;tttt.t,t</strong></span> <span class='ocrx_word' id='word_1_4' title='bbox 1667 284 2127 341; x_wconf 55' lang='lat' dir='ltr'><strong>,summotum</strong></span> <span class='ocrx_word' id='word_1_5' title='bbox 2167 285 2481 341; x_wconf 70' lang='lat' dir='ltr'><strong>Anctltm’.</strong></span> 
     </span>
    </p>
   </div>
   <div class='ocr_carea' id='block_1_3' title="bbox 3427 277 3528 334">
    <p class='ocr_par' dir='ltr' id='par_1_3' title="bbox 3427 277 3528 334">
     <span class='ocr_line' id='line_1_3' title="bbox 3427 277 3528 334; baseline 0.02 -2"><span class='ocrx_word' id='word_1_6' title='bbox 3427 277 3528 334; x_wconf 77' lang='lat' dir='ltr'><strong>52t</strong></span> 
     </span>
    </p>
   </div>
   <div class='ocr_carea' id='block_1_4' title="bbox 284 384 3531 470">
    <p class='ocr_par' dir='ltr' id='par_1_4' title="bbox 284 384 3531 470">
     <span class='ocr_line' id='line_1_4' title="bbox 284 384 3531 470; baseline -0.01 -9"><span class='ocrx_word' id='word_1_7' title='bbox 284 414 501 461; x_wconf 81' lang='lat' dir='ltr'><strong>creator</strong></span> <span class='ocrx_word' id='word_1_8' title='bbox 527 409 630 467; x_wconf 81' lang='lat' dir='ltr'><strong>est,</strong></span> <span class='ocrx_word' id='word_1_9' title='bbox 651 411 707 455; x_wconf 89' lang='lat' dir='ltr'><strong>ut</strong></span> <span class='ocrx_word' id='word_1_10' title='bbox 735 401 893 455; x_wconf 82' lang='lat' dir='ltr'><strong>Deus.</strong></span> <span class='ocrx_word' id='word_1_11' title='bbox 927 398 996 453; x_wconf 80' lang='lat' dir='ltr'><strong>At</strong></span> <span class='ocrx_word' id='word_1_12' title='bbox 1022 401 1311 466; x_wconf 74' lang='lat' dir='ltr'><strong>quonme,</strong></span> <span class='ocrx_word' id='word_1_13' title='bbox 1347 399 1468 452; x_wconf 77' lang='lat' dir='ltr'><strong>talis</strong></span> <span class='ocrx_word' id='word_1_14' title='bbox 1495 413 1615 451; x_wconf 87' lang='lat' dir='ltr'><strong>cum</strong></span> <span class='ocrx_word' id='word_1_15' title='bbox 1646 398 1733 459; x_wconf 85' lang='lat' dir='ltr'><strong>sit,</strong></span> <span class='ocrx_word' id='word_1_16' title='bbox 1756 399 1855 449; x_wconf 74' lang='grc' dir='ltr'><strong>ιϊίι</strong></span> <span class='ocrx_word' id='word_1_17' title='bbox 1885 402 1928 457; x_wconf 77' lang='grc' dir='ltr'><strong>Α</strong></span> <span class='ocrx_word' id='word_1_18' title='bbox 1960 397 2076 448; x_wconf 70' lang='grc' dir='ltr'><strong>ἐστὶ</strong></span> <span class='ocrx_word' id='word_1_19' title='bbox 2104 397 2197 450; x_wconf 81' lang='grc' dir='ltr'><strong>καὶ</strong></span> <span class='ocrx_word' id='word_1_20' title='bbox 2228 398 2428 470; x_wconf 79' lang='grc' dir='ltr'><strong>Κύριος</strong></span> <span class='ocrx_word' id='word_1_21' title='bbox 2460 397 2554 451; x_wconf 74' lang='grc' dir='ltr'><strong>καὶ</strong></span> <span class='ocrx_word' id='word_1_22' title='bbox 2581 394 2802 464; x_wconf 79' lang='grc' dir='ltr'><strong>κτίστης</strong></span> <span class='ocrx_word' id='word_1_23' title='bbox 2831 393 2905 455; x_wconf 79' lang='grc' dir='ltr'><strong>ὡς</strong></span> <span class='ocrx_word' id='word_1_24' title='bbox 2931 387 3086 451; x_wconf 79' lang='grc' dir='ltr'><strong>Θεός.</strong></span> <span class='ocrx_word' id='word_1_25' title='bbox 3115 384 3242 451; x_wconf 83' lang='grc' dir='ltr'><strong>Πῶς</strong></span> <span class='ocrx_word' id='word_1_26' title='bbox 3289 384 3352 440; x_wconf 72' lang='grc' dir='ltr'><strong>ὸν</strong></span> <span class='ocrx_word' id='word_1_27' title='bbox 3377 388 3531 458; x_wconf 59' lang='grc' dir='ltr'><strong>ποιῇ-</strong></span> 
     </span>
    </p>
   </div>
   <div class='ocr_carea' id='block_1_5' title="bbox 274 488 1859 1006">
    <p class='ocr_par' dir='ltr' id='par_1_5' title="bbox 274 488 1859 1006">
     <span class='ocr_line' id='line_1_5' title="bbox 285 488 1855 562; baseline -0.007 -11"><span class='ocrx_word' id='word_1_28' title='bbox 285 493 579 551; x_wconf 70' lang='lat' dir='ltr'><strong>creatura?</strong></span> <span class='ocrx_word' id='word_1_29' title='bbox 619 492 727 545; x_wconf 80' lang='lat' dir='ltr'><strong>Aut</strong></span> <span class='ocrx_word' id='word_1_30' title='bbox 757 490 1023 562; x_wconf 84' lang='lat' dir='ltr'><strong>quomodo</strong></span> <span class='ocrx_word' id='word_1_31' title='bbox 1061 490 1161 543; x_wconf 86' lang='lat' dir='ltr'><strong>sub</strong></span> <span class='ocrx_word' id='word_1_32' title='bbox 1194 491 1321 559; x_wconf 81' lang='lat' dir='ltr'><strong>jugo</strong></span> <span class='ocrx_word' id='word_1_33' title='bbox 1356 500 1405 543; x_wconf 87' lang='lat' dir='ltr'><strong>et</strong></span> <span class='ocrx_word' id='word_1_34' title='bbox 1451 490 1708 544; x_wconf 84' lang='lat' dir='ltr'><strong>set-vitute</strong></span> <span class='ocrx_word' id='word_1_35' title='bbox 1733 488 1855 554; x_wconf 87' lang='lat' dir='ltr'><strong>crit,</strong></span> 
     </span>
     <span class='ocr_line' id='line_1_6' title="bbox 285 578 1855 657; baseline -0.008 -14"><span class='ocrx_word' id='word_1_36' title='bbox 285 588 379 657; x_wconf 74' lang='lat' dir='ltr'><strong>qui</strong></span> <span class='ocrx_word' id='word_1_37' title='bbox 402 588 584 641; x_wconf 87' lang='lat' dir='ltr'><strong>omnia</strong></span> <span class='ocrx_word' id='word_1_38' title='bbox 625 585 764 654; x_wconf 86' lang='lat' dir='ltr'><strong>regit</strong></span> <span class='ocrx_word' id='word_1_39' title='bbox 797 598 859 638; x_wconf 86' lang='lat' dir='ltr'><strong>ac</strong></span> <span class='ocrx_word' id='word_1_40' title='bbox 903 584 1189 651; x_wconf 83' lang='lat' dir='ltr'><strong>gubernat,</strong></span> <span class='ocrx_word' id='word_1_41' title='bbox 1224 592 1281 634; x_wconf 90' lang='lat' dir='ltr'><strong>ut</strong></span> <span class='ocrx_word' id='word_1_42' title='bbox 1323 579 1612 635; x_wconf 75' lang='lat' dir='ltr'><strong>Dominus?</strong></span> <span class='ocrx_word' id='word_1_43' title='bbox 1639 579 1769 634; x_wconf 78' lang='lat' dir='ltr'><strong>Nam</strong></span> <span class='ocrx_word' id='word_1_44' title='bbox 1812 578 1855 633; x_wconf 90' lang='lat' dir='ltr'><strong>si</strong></span> 
     </span>
     <span class='ocr_line' id='line_1_7' title="bbox 291 674 1856 740; baseline -0.005 -7"><span class='ocrx_word' id='word_1_45' title='bbox 291 680 414 734; x_wconf 81' lang='lat' dir='ltr'><strong>talis</strong></span> <span class='ocrx_word' id='word_1_46' title='bbox 440 693 548 732; x_wconf 89' lang='lat' dir='ltr'><strong>non</strong></span> <span class='ocrx_word' id='word_1_47' title='bbox 575 685 677 740; x_wconf 90' lang='lat' dir='ltr'><strong>est,</strong></span> <span class='ocrx_word' id='word_1_48' title='bbox 702 675 1004 730; x_wconf 75' lang='lat' dir='ltr'><strong>videbimur</strong></span> <span class='ocrx_word' id='word_1_49' title='bbox 1020 674 1249 729; x_wconf 87' lang='lat' dir='ltr'><strong>adorare</strong></span> <span class='ocrx_word' id='word_1_50' title='bbox 1268 680 1590 737; x_wconf 84' lang='lat' dir='ltr'><strong>creaturam,</strong></span> <span class='ocrx_word' id='word_1_51' title='bbox 1624 681 1677 728; x_wconf 88' lang='lat' dir='ltr'><strong>ct</strong></span> <span class='ocrx_word' id='word_1_52' title='bbox 1700 684 1856 726; x_wconf 84' lang='lat' dir='ltr'><strong>crea·</strong></span> 
     </span>
     <span class='ocr_line' id='line_1_8' title="bbox 285 762 1859 839; baseline -0.004 -16"><span class='ocrx_word' id='word_1_53' title='bbox 285 780 420 825; x_wconf 78' lang='lat' dir='ltr'><strong>turae</strong></span> <span class='ocrx_word' id='word_1_54' title='bbox 471 769 648 839; x_wconf 88' lang='lat' dir='ltr'><strong>potius</strong></span> <span class='ocrx_word' id='word_1_55' title='bbox 702 766 906 823; x_wconf 84' lang='lat' dir='ltr'><strong>servire</strong></span> <span class='ocrx_word' id='word_1_56' title='bbox 943 780 1103 836; x_wconf 83' lang='lat' dir='ltr'><strong>quam</strong></span> <span class='ocrx_word' id='word_1_57' title='bbox 1173 764 1300 818; x_wconf 89' lang='lat' dir='ltr'><strong>Deo.</strong></span> <span class='ocrx_word' id='word_1_58' title='bbox 1362 762 1469 818; x_wconf 86' lang='lat' dir='ltr'><strong>Sed</strong></span> <span class='ocrx_word' id='word_1_59' title='bbox 1520 779 1604 818; x_wconf 89' lang='lat' dir='ltr'><strong>res</strong></span> <span class='ocrx_word' id='word_1_60' title='bbox 1667 765 1738 816; x_wconf 92' lang='lat' dir='ltr'><strong>ita</strong></span> <span class='ocrx_word' id='word_1_61' title='bbox 1797 776 1859 817; x_wconf 88' lang='lat' dir='ltr'><strong>sc</strong></span> 
     </span>
     <span class='ocr_line' id='line_1_9' title="bbox 288 855 1858 927; baseline -0.002 -13"><span class='ocrx_word' id='word_1_62' title='bbox 288 878 393 917; x_wconf 87' lang='lat' dir='ltr'><strong>non</strong></span> <span class='ocrx_word' id='word_1_63' title='bbox 424 862 582 917; x_wconf 83' lang='lat' dir='ltr'><strong>babet</strong></span> <span class='ocrx_word' id='word_1_64' title='bbox 615 878 628 916; x_wconf 76' lang='grc' dir='ltr'><strong>ε</strong></span> <span class='ocrx_word' id='word_1_65' title='bbox 669 874 828 915; x_wconf 80' lang='lat' dir='ltr'><strong>verns</strong></span> <span class='ocrx_word' id='word_1_66' title='bbox 872 860 1015 914; x_wconf 89' lang='lat' dir='ltr'><strong>enim</strong></span> <span class='ocrx_word' id='word_1_67' title='bbox 1051 858 1190 914; x_wconf 83' lang='lat' dir='ltr'><strong>Deus</strong></span> <span class='ocrx_word' id='word_1_68' title='bbox 1237 867 1320 914; x_wconf 87' lang='lat' dir='ltr'><strong>est</strong></span> <span class='ocrx_word' id='word_1_69' title='bbox 1358 857 1543 912; x_wconf 87' lang='lat' dir='ltr'><strong>Filius.</strong></span> <span class='ocrx_word' id='word_1_70' title='bbox 1582 855 1697 912; x_wconf 83' lang='lat' dir='ltr'><strong>Non</strong></span> <span class='ocrx_word' id='word_1_71' title='bbox 1731 871 1858 927; x_wconf 83' lang='lat' dir='ltr'><strong>crgo</strong></span> 
     </span>
     <span class='ocr_line' id='line_1_10' title="bbox 274 961 555 1006; baseline -0.004 0"><span class='ocrx_word' id='word_1_72' title='bbox 274 961 555 1006; x_wconf 73' lang='lat' dir='ltr'><strong>ereatura.</strong></span> 
     </span>
    </p>
   </div>
   <div class='ocr_carea' id='block_1_6' title="bbox 951 1057 1179 1116">
    <p class='ocr_par' dir='ltr' id='par_1_6' title="bbox 951 1057 1179 1116">
     <span class='ocr_line' id='line_1_11' title="bbox 951 1057 1179 1116; baseline 0 -3"><span class='ocrx_word' id='word_1_73' title='bbox 951 1057 1179 1116; x_wconf 79' lang='lat' dir='ltr'><strong>ALtUD.</strong></span> 
     </span>
    </p>
   </div>
   <div class='ocr_carea' id='block_1_7' title="bbox 281 1173 1859 1698">
    <p class='ocr_par' dir='ltr' id='par_1_7' title="bbox 281 1173 1859 1698">
     <span class='ocr_line' id='line_1_12' title="bbox 360 1173 1855 1245; baseline -0.001 -17"><span class='ocrx_word' id='word_1_74' title='bbox 360 1193 380 1228; x_wconf 79' lang='grc' dir='ltr'><strong>ι</strong></span> <span class='ocrx_word' id='word_1_75' title='bbox 413 1177 498 1230; x_wconf 73' lang='lat' dir='ltr'><strong>An</strong></span> <span class='ocrx_word' id='word_1_76' title='bbox 525 1190 654 1241; x_wconf 92' lang='lat' dir='ltr'><strong>non,</strong></span> <span class='ocrx_word' id='word_1_77' title='bbox 676 1174 1080 1245; x_wconf 80' lang='lat' dir='ltr'><strong>inquit,legistis</strong></span> <span class='ocrx_word' id='word_1_78' title='bbox 1106 1174 1160 1230; x_wconf 91' lang='lat' dir='ltr'><strong>in</strong></span> <span class='ocrx_word' id='word_1_79' title='bbox 1194 1173 1332 1243; x_wconf 90' lang='lat' dir='ltr'><strong>lege,</strong></span> <span class='ocrx_word' id='word_1_80' title='bbox 1355 1174 1481 1244; x_wconf 82' lang='lat' dir='ltr'><strong>quia</strong></span> <span class='ocrx_word' id='word_1_81' title='bbox 1505 1174 1694 1229; x_wconf 82' lang='lat' dir='ltr'><strong>diebus</strong></span> <span class='ocrx_word' id='word_1_82' title='bbox 1717 1173 1855 1229; x_wconf 82' lang='lat' dir='ltr'><strong>Sab-</strong></span> 
     </span>
     <span class='ocr_line' id='line_1_13' title="bbox 282 1264 1858 1334; baseline -0.001 -14"><span class='ocrx_word' id='word_1_83' title='bbox 282 1269 532 1323; x_wconf 86' lang='lat' dir='ltr'><strong>batorum</strong></span> <span class='ocrx_word' id='word_1_84' title='bbox 559 1266 873 1322; x_wconf 81' lang='lat' dir='ltr'><strong>sacerdotes</strong></span> <span class='ocrx_word' id='word_1_85' title='bbox 895 1265 949 1320; x_wconf 91' lang='lat' dir='ltr'><strong>in</strong></span> <span class='ocrx_word' id='word_1_86' title='bbox 977 1264 1182 1334; x_wconf 85' lang='lat' dir='ltr'><strong>templo</strong></span> <span class='ocrx_word' id='word_1_87' title='bbox 1214 1264 1512 1322; x_wconf 83' lang='lat' dir='ltr'><strong>Sabbatum</strong></span> <span class='ocrx_word' id='word_1_88' title='bbox 1546 1280 1651 1322; x_wconf 90' lang='lat' dir='ltr'><strong>uon</strong></span> <span class='ocrx_word' id='word_1_89' title='bbox 1677 1274 1858 1321; x_wconf 86' lang='lat' dir='ltr'><strong>custo·</strong></span> 
     </span>
     <span class='ocr_line' id='line_1_14' title="bbox 283 1355 1858 1425; baseline 0 -14"><span class='ocrx_word' id='word_1_90' title='bbox 283 1359 459 1423; x_wconf 88' lang='lat' dir='ltr'><strong>diunt,</strong></span> <span class='ocrx_word' id='word_1_91' title='bbox 494 1367 549 1411; x_wconf 90' lang='lat' dir='ltr'><strong>et</strong></span> <span class='ocrx_word' id='word_1_92' title='bbox 580 1364 758 1411; x_wconf 78' lang='lat' dir='ltr'><strong>tamen</strong></span> <span class='ocrx_word' id='word_1_93' title='bbox 793 1358 913 1411; x_wconf 86' lang='lat' dir='ltr'><strong>siue</strong></span> <span class='ocrx_word' id='word_1_94' title='bbox 940 1355 1096 1425; x_wconf 87' lang='lat' dir='ltr'><strong>culpa</strong></span> <span class='ocrx_word' id='word_1_95' title='bbox 1137 1355 1299 1411; x_wconf 73' lang='lat' dir='ltr'><strong>sunt?</strong></span> <span class='ocrx_word' id='word_1_96' title='bbox 1330 1356 1460 1411; x_wconf 83' lang='lat' dir='ltr'><strong>Dico</strong></span> <span class='ocrx_word' id='word_1_97' title='bbox 1483 1368 1663 1413; x_wconf 85' lang='lat' dir='ltr'><strong>autem</strong></span> <span class='ocrx_word' id='word_1_98' title='bbox 1706 1356 1858 1411; x_wconf 74' lang='lat' dir='ltr'><strong>vobis</strong></span> 
     </span>
     <span class='ocr_line' id='line_1_15' title="bbox 283 1445 1859 1519; baseline 0 -16"><span class='ocrx_word' id='word_1_99' title='bbox 283 1448 407 1519; x_wconf 87' lang='lat' dir='ltr'><strong>quia</strong></span> <span class='ocrx_word' id='word_1_100' title='bbox 440 1447 638 1516; x_wconf 86' lang='lat' dir='ltr'><strong>templo</strong></span> <span class='ocrx_word' id='word_1_101' title='bbox 663 1445 837 1517; x_wconf 66' lang='lat' dir='ltr'><strong>maior</strong></span> <span class='ocrx_word' id='word_1_102' title='bbox 863 1455 949 1501; x_wconf 84' lang='lat' dir='ltr'><strong>est</strong></span> <span class='ocrx_word' id='word_1_103' title='bbox 973 1446 1063 1501; x_wconf 79' lang='lat' dir='ltr'><strong>liic</strong></span> <span class='ocrx_word' id='word_1_104' title='bbox 1102 1445 1170 1504; x_wconf 81' lang='lat'><strong>⁸⁸.</strong></span> <span class='ocrx_word' id='word_1_105' title='bbox 1205 1465 1224 1499; x_wconf 75' lang='grc' dir='ltr'><strong>ι</strong></span> <span class='ocrx_word' id='word_1_106' title='bbox 1259 1445 1431 1516; x_wconf 72' lang='lat' dir='ltr'><strong>Major</strong></span> <span class='ocrx_word' id='word_1_107' title='bbox 1462 1456 1546 1503; x_wconf 81' lang='lat' dir='ltr'><strong>est</strong></span> <span class='ocrx_word' id='word_1_108' title='bbox 1587 1447 1859 1516; x_wconf 75' lang='lat' dir='ltr'><strong>magisque</strong></span> 
     </span>
     <span class='ocr_line' id='line_1_16' title="bbox 284 1536 1855 1608; baseline 0 -18"><span class='ocrx_word' id='word_1_109' title='bbox 284 1538 624 1593; x_wconf 85' lang='lat' dir='ltr'><strong>venerandus</strong></span> <span class='ocrx_word' id='word_1_110' title='bbox 679 1551 842 1608; x_wconf 84' lang='lat' dir='ltr'><strong>quam</strong></span> <span class='ocrx_word' id='word_1_111' title='bbox 906 1536 1163 1605; x_wconf 85' lang='lat' dir='ltr'><strong>templum</strong></span> <span class='ocrx_word' id='word_1_112' title='bbox 1221 1546 1591 1593; x_wconf 86' lang='lat' dir='ltr'><strong>constructum</strong></span> <span class='ocrx_word' id='word_1_113' title='bbox 1640 1553 1671 1589; x_wconf 89' lang='grc' dir='ltr'><strong>ε</strong></span> <span class='ocrx_word' id='word_1_114' title='bbox 1718 1537 1855 1606; x_wconf 87' lang='lat' dir='ltr'><strong>lapi-</strong></span> 
     </span>
     <span class='ocr_line' id='line_1_17' title="bbox 281 1621 1859 1698; baseline 0 -18"><span class='ocrx_word' id='word_1_115' title='bbox 281 1626 438 1682; x_wconf 86' lang='lat' dir='ltr'><strong>dibus</strong></span> <span class='ocrx_word' id='word_1_116' title='bbox 493 1627 633 1682; x_wconf 87' lang='lat' dir='ltr'><strong>Deus</strong></span> <span class='ocrx_word' id='word_1_117' title='bbox 680 1627 768 1697; x_wconf 87' lang='lat' dir='ltr'><strong>qui</strong></span> <span class='ocrx_word' id='word_1_118' title='bbox 822 1627 876 1681; x_wconf 91' lang='lat' dir='ltr'><strong>in</strong></span> <span class='ocrx_word' id='word_1_119' title='bbox 939 1626 1057 1696; x_wconf 88' lang='lat' dir='ltr'><strong>ipso</strong></span> <span class='ocrx_word' id='word_1_120' title='bbox 1112 1621 1343 1693; x_wconf 84' lang='lat' dir='ltr'><strong>habitat,</strong></span> <span class='ocrx_word' id='word_1_121' title='bbox 1395 1628 1676 1698; x_wconf 82' lang='lat' dir='ltr'><strong>ipsumque</strong></span> <span class='ocrx_word' id='word_1_122' title='bbox 1733 1642 1859 1683; x_wconf 89' lang='lat' dir='ltr'><strong>san-</strong></span> 
     </span>
    </p>
   </div>
   <div class='ocr_carea' id='block_1_8' title="bbox 1957 477 3541 1018">
    <p class='ocr_par' dir='ltr' id='par_1_8' title="bbox 1957 477 3541 1018">
     <span class='ocr_line' id='line_1_18' title="bbox 1963 477 3533 557; baseline -0.003 -17"><span class='ocrx_word' id='word_1_123' title='bbox 1963 504 2124 557; x_wconf 84' lang='grc' dir='ltr'><strong>μασιν</strong></span> <span class='ocrx_word' id='word_1_124' title='bbox 2148 490 2174 541; x_wconf 70' lang='grc' dir='ltr'><strong>ί.</strong></span> <span class='ocrx_word' id='word_1_125' title='bbox 2201 488 2469 555; x_wconf 79' lang='grc' dir='ltr'><strong>τοιοῦτος;</strong></span> <span class='ocrx_word' id='word_1_126' title='bbox 2517 488 2640 551; x_wconf 86' lang='grc' dir='ltr'><strong>Πῶς</strong></span> <span class='ocrx_word' id='word_1_127' title='bbox 2672 486 2729 541; x_wconf 77' lang='grc' dir='ltr'><strong>δὲ</strong></span> <span class='ocrx_word' id='word_1_128' title='bbox 2763 484 2868 541; x_wconf 79' lang='grc' dir='ltr'><strong>ὑπὸ</strong></span> <span class='ocrx_word' id='word_1_129' title='bbox 2892 480 3058 551; x_wconf 77' lang='grc' dir='ltr'><strong>ζυγοῦ</strong></span> <span class='ocrx_word' id='word_1_130' title='bbox 3102 480 3198 534; x_wconf 74' lang='grc' dir='ltr'><strong>καὶ</strong></span> <span class='ocrx_word' id='word_1_131' title='bbox 3221 477 3472 545; x_wconf 73' lang='grc' dir='ltr'><strong>δουλείας</strong></span> <span class='ocrx_word' id='word_1_132' title='bbox 3505 486 3533 536; x_wconf 82' lang='grc' dir='ltr'><strong>ό</strong></span> 
     </span>
     <span class='ocr_line' id='line_1_19' title="bbox 1959 571 3535 650; baseline -0.006 -18"><span class='ocrx_word' id='word_1_133' title='bbox 1959 580 2135 633; x_wconf 78' lang='grc' dir='ltr'><strong>πάντα</strong></span> <span class='ocrx_word' id='word_1_134' title='bbox 2170 579 2401 650; x_wconf 76' lang='grc' dir='ltr'><strong>ἡνιοχῶν</strong></span> <span class='ocrx_word' id='word_1_135' title='bbox 2433 579 2527 633; x_wconf 68' lang='grc' dir='ltr'><strong>καὶ</strong></span> <span class='ocrx_word' id='word_1_136' title='bbox 2557 578 2807 634; x_wconf 76' lang='grc' dir='ltr'>δηθύνων</span> <span class='ocrx_word' id='word_1_137' title='bbox 2843 574 2919 638; x_wconf 84' lang='grc' dir='ltr'><strong>ὡς</strong></span> <span class='ocrx_word' id='word_1_138' title='bbox 2946 572 3185 643; x_wconf 75' lang='grc' dir='ltr'><strong>Κύριοςς</strong></span> <span class='ocrx_word' id='word_1_139' title='bbox 3217 571 3283 626; x_wconf 78' lang='lat' dir='ltr'><strong>m</strong></span> <span class='ocrx_word' id='word_1_140' title='bbox 3311 571 3426 646; x_wconf 81' lang='grc' dir='ltr'><strong>γὰρ</strong></span> <span class='ocrx_word' id='word_1_141' title='bbox 3460 575 3535 646; x_wconf 70' lang='grc' dir='ltr'><strong>μὴ</strong></span> 
     </span>
     <span class='ocr_line' id='line_1_20' title="bbox 1958 662 3539 741; baseline -0.001 -19"><span class='ocrx_word' id='word_1_142' title='bbox 1958 670 2115 723; x_wconf 87' lang='grc' dir='ltr'><strong>τοῦτό</strong></span> <span class='ocrx_word' id='word_1_143' title='bbox 2169 673 2304 735; x_wconf 87' lang='grc' dir='ltr'><strong>ὲστι,</strong></span> <span class='ocrx_word' id='word_1_144' title='bbox 2336 669 2768 741; x_wconf 81' lang='grc' dir='ltr'><strong>προσκυνοῦντες</strong></span> <span class='ocrx_word' id='word_1_145' title='bbox 2799 662 3124 734; x_wconf 81' lang='grc' dir='ltr'><strong>ἀλωσόμεθα</strong></span> <span class='ocrx_word' id='word_1_146' title='bbox 3153 664 3400 734; x_wconf 80' lang='grc' dir='ltr'><strong>ποίημα,</strong></span> <span class='ocrx_word' id='word_1_147' title='bbox 3446 668 3539 721; x_wconf 71' lang='grc' dir='ltr'><strong>καὶ</strong></span> 
     </span>
     <span class='ocr_line' id='line_1_21' title="bbox 1959 753 3541 830; baseline -0.002 -19"><span class='ocrx_word' id='word_1_148' title='bbox 1959 759 2218 827; x_wconf 78' lang='grc' dir='ltr'><strong>κτίσματι</strong></span> <span class='ocrx_word' id='word_1_149' title='bbox 2268 762 2418 830; x_wconf 67' lang='grc' dir='ltr'><strong>παρὰ</strong></span> <span class='ocrx_word' id='word_1_150' title='bbox 2458 758 2549 812; x_wconf 86' lang='grc' dir='ltr'><strong>τὸν</strong></span> <span class='ocrx_word' id='word_1_151' title='bbox 2592 757 2820 825; x_wconf 79' lang='grc' dir='ltr'><strong>κτίστην</strong></span> <span class='ocrx_word' id='word_1_152' title='bbox 2860 753 3221 817; x_wconf 81' lang='grc' dir='ltr'><strong>δουλεύοντες.</strong></span> <span class='ocrx_word' id='word_1_153' title='bbox 3261 754 3424 826; x_wconf 83' lang='grc' dir='ltr'><strong>Ἔχει</strong></span> <span class='ocrx_word' id='word_1_154' title='bbox 3484 754 3541 809; x_wconf 81' lang='grc' dir='ltr'><strong>δὲ</strong></span> 
     </span>
     <span class='ocr_line' id='line_1_22' title="bbox 1957 846 3539 924; baseline -0.001 -20"><span class='ocrx_word' id='word_1_155' title='bbox 1957 853 2056 923; x_wconf 83' lang='grc' dir='ltr'><strong>οὐχ</strong></span> <span class='ocrx_word' id='word_1_156' title='bbox 2100 852 2240 906; x_wconf 75' lang='grc' dir='ltr'><strong>οὕτω</strong></span> <span class='ocrx_word' id='word_1_157' title='bbox 2284 852 2351 905; x_wconf 71' lang='grc' dir='ltr'><strong>τὰ</strong></span> <span class='ocrx_word' id='word_1_158' title='bbox 2380 852 2502 906; x_wconf 90' lang='grc' dir='ltr'><strong>καθ’</strong></span> <span class='ocrx_word' id='word_1_159' title='bbox 2528 852 2706 924; x_wconf 76' lang='grc' dir='ltr'><strong>ἡμᾶς·</strong></span> <span class='ocrx_word' id='word_1_160' title='bbox 2743 847 2995 919; x_wconf 75' lang='grc' dir='ltr'><strong>ἀληθινὸς</strong></span> <span class='ocrx_word' id='word_1_161' title='bbox 3028 847 3138 918; x_wconf 85' lang='grc' dir='ltr'><strong>γὰρ</strong></span> <span class='ocrx_word' id='word_1_162' title='bbox 3163 846 3300 911; x_wconf 75' lang='grc' dir='ltr'><strong>Θεὸς</strong></span> <span class='ocrx_word' id='word_1_163' title='bbox 3324 850 3353 901; x_wconf 88' lang='grc' dir='ltr'><strong>ὀ</strong></span> <span class='ocrx_word' id='word_1_164' title='bbox 3380 846 3539 912; x_wconf 79' lang='grc' dir='ltr'><strong>Υίός.</strong></span> 
     </span>
     <span class='ocr_line' id='line_1_23' title="bbox 1959 942 2982 1018; baseline -0.003 -22"><span class='ocrx_word' id='word_1_165' title='bbox 1959 943 2073 996; x_wconf 85' lang='grc' dir='ltr'><strong>Ούκ</strong></span> <span class='ocrx_word' id='word_1_166' title='bbox 2103 943 2212 1015; x_wconf 73' lang='grc' dir='ltr'><strong>ἄρα</strong></span> <span class='ocrx_word' id='word_1_167' title='bbox 2250 943 2368 995; x_wconf 72' lang='grc' dir='ltr'><strong>ἐστὶ</strong></span> <span class='ocrx_word' id='word_1_168' title='bbox 2393 943 2598 1015; x_wconf 76' lang='grc' dir='ltr'><strong>κτίσμα</strong></span> <span class='ocrx_word' id='word_1_169' title='bbox 2626 943 2660 1014; x_wconf 75' lang='grc' dir='ltr'>ἢ</span> <span class='ocrx_word' id='word_1_170' title='bbox 2694 942 2922 1013; x_wconf 86' lang='grc' dir='ltr'><strong>ποίημα.</strong></span> <span class='ocrx_word' id='word_1_171' title='bbox 2976 1012 2982 1018; x_wconf 30' lang='lat'><em>⁰</em></span> 
     </span>
    </p>
   </div>
   <div class='ocr_carea' id='block_1_9' title="bbox 2648 1054 2849 1109">
    <p class='ocr_par' dir='ltr' id='par_1_9' title="bbox 2648 1054 2849 1109">
     <span class='ocr_line' id='line_1_24' title="bbox 2648 1054 2849 1109; baseline 0 -2"><span class='ocrx_word' id='word_1_172' title='bbox 2648 1054 2849 1109; x_wconf 74' lang='lat' dir='ltr'><strong>AAAo.</strong></span> 
     </span>
    </p>
   </div>
   <div class='ocr_carea' id='block_1_10' title="bbox 1957 1149 3537 1700">
    <p class='ocr_par' dir='ltr' id='par_1_10' title="bbox 1957 1149 3537 1700">
     <span class='ocr_line' id='line_1_25' title="bbox 2037 1149 3535 1239; baseline 0.003 -19"><span class='ocrx_word' id='word_1_173' title='bbox 2037 1187 2055 1220; x_wconf 84' lang='grc' dir='ltr'><strong>ι</strong></span> <span class='ocrx_word' id='word_1_174' title='bbox 2084 1170 2153 1223; x_wconf 81' lang='grc' dir='ltr'><strong>Ἦ</strong></span> <span class='ocrx_word' id='word_1_175' title='bbox 2175 1149 2276 1224; x_wconf 81' lang='grc' dir='ltr'><strong>ούκ</strong></span> <span class='ocrx_word' id='word_1_176' title='bbox 2301 1170 2571 1239; x_wconf 76' lang='grc' dir='ltr'><strong>ἀνέγνωτε</strong></span> <span class='ocrx_word' id='word_1_177' title='bbox 2596 1168 2654 1224; x_wconf 68' lang='grc' dir='ltr'><strong>ὸν</strong></span> <span class='ocrx_word' id='word_1_178' title='bbox 2681 1167 2761 1239; x_wconf 82' lang='grc' dir='ltr'><strong>τῷ</strong></span> <span class='ocrx_word' id='word_1_179' title='bbox 2794 1167 2962 1239; x_wconf 84' lang='grc' dir='ltr'><strong>νόμῳ,</strong></span> <span class='ocrx_word' id='word_1_180' title='bbox 2991 1166 3074 1221; x_wconf 78' lang='grc' dir='ltr'><strong>ὅτι</strong></span> <span class='ocrx_word' id='word_1_181' title='bbox 3102 1168 3218 1231; x_wconf 69' lang='grc' dir='ltr'><strong>τοῖς</strong></span> <span class='ocrx_word' id='word_1_182' title='bbox 3253 1166 3535 1224; x_wconf 74' lang='grc' dir='ltr'><strong>Σάόδασιν</strong></span> 
     </span>
     <span class='ocr_line' id='line_1_26' title="bbox 1958 1256 3537 1331; baseline 0.003 -21"><span class='ocrx_word' id='word_1_183' title='bbox 1958 1259 2008 1311; x_wconf 79' lang='grc' dir='ltr'><strong>οἱ</strong></span> <span class='ocrx_word' id='word_1_184' title='bbox 2044 1260 2207 1331; x_wconf 79' lang='grc' dir='ltr'>ἱερεῖς</span> <span class='ocrx_word' id='word_1_185' title='bbox 2252 1260 2311 1315; x_wconf 74' lang='grc' dir='ltr'><strong>ἐν</strong></span> <span class='ocrx_word' id='word_1_186' title='bbox 2338 1260 2418 1331; x_wconf 81' lang='grc' dir='ltr'><strong>τῷ</strong></span> <span class='ocrx_word' id='word_1_187' title='bbox 2447 1260 2579 1331; x_wconf 82' lang='grc' dir='ltr'><strong>ἱερῷ</strong></span> <span class='ocrx_word' id='word_1_188' title='bbox 2602 1260 2663 1313; x_wconf 81' lang='grc' dir='ltr'><strong>τὸ</strong></span> <span class='ocrx_word' id='word_1_189' title='bbox 2692 1258 2969 1314; x_wconf 76' lang='grc' dir='ltr'><strong>Σάὃόατον</strong></span> <span class='ocrx_word' id='word_1_190' title='bbox 2996 1256 3288 1329; x_wconf 77' lang='grc' dir='ltr'><strong>βεδηλοῦσι</strong></span> <span class='ocrx_word' id='word_1_191' title='bbox 3320 1259 3420 1314; x_wconf 72' lang='grc' dir='ltr'><strong>καὶ</strong></span> <span class='ocrx_word' id='word_1_192' title='bbox 3444 1262 3537 1315; x_wconf 80' lang='grc' dir='ltr'><strong>ἀν·-</strong></span> 
     </span>
     <span class='ocr_line' id='line_1_27' title="bbox 1959 1348 3531 1421; baseline 0.001 -19"><span class='ocrx_word' id='word_1_193' title='bbox 1959 1350 2118 1403; x_wconf 85' lang='grc' dir='ltr'><strong>αίτιοί</strong></span> <span class='ocrx_word' id='word_1_194' title='bbox 2148 1352 2291 1416; x_wconf 86' lang='grc' dir='ltr'><strong>είσι;</strong></span> <span class='ocrx_word' id='word_1_195' title='bbox 2313 1351 2471 1419; x_wconf 85' lang='grc' dir='ltr'>Λέγω</span> <span class='ocrx_word' id='word_1_196' title='bbox 2491 1350 2547 1404; x_wconf 81' lang='grc' dir='ltr'><strong>δὲ</strong></span> <span class='ocrx_word' id='word_1_197' title='bbox 2572 1351 2699 1421; x_wconf 86' lang='grc' dir='ltr'><strong>ύμῖν</strong></span> <span class='ocrx_word' id='word_1_198' title='bbox 2721 1350 2802 1405; x_wconf 82' lang='grc' dir='ltr'><strong>ὅτι</strong></span> <span class='ocrx_word' id='word_1_199' title='bbox 2833 1349 2928 1403; x_wconf 86' lang='grc' dir='ltr'><strong>τοῦ</strong></span> <span class='ocrx_word' id='word_1_200' title='bbox 2952 1348 3099 1421; x_wconf 74' lang='grc' dir='ltr'><strong>ἱεροῦ</strong></span> <span class='ocrx_word' id='word_1_201' title='bbox 3126 1349 3333 1419; x_wconf 76' lang='grc' dir='ltr'><strong>μείζων</strong></span> <span class='ocrx_word' id='word_1_202' title='bbox 3357 1350 3531 1405; x_wconf 61' lang='lat' dir='ltr'><strong>snt.»</strong></span> 
     </span>
     <span class='ocr_line' id='line_1_28' title="bbox 1959 1440 3536 1514; baseline 0.002 -18"><span class='ocrx_word' id='word_1_203' title='bbox 1959 1443 2068 1496; x_wconf 78' lang='grc' dir='ltr'><strong>Καὶ</strong></span> <span class='ocrx_word' id='word_1_204' title='bbox 2098 1443 2259 1497; x_wconf 85' lang='grc' dir='ltr'><strong>πλέον</strong></span> <span class='ocrx_word' id='word_1_205' title='bbox 2297 1442 2411 1513; x_wconf 74' lang='grc' dir='ltr'><strong>ἔχει</strong></span> <span class='ocrx_word' id='word_1_206' title='bbox 2446 1444 2509 1497; x_wconf 83' lang='grc' dir='ltr'><strong>τὸ</strong></span> <span class='ocrx_word' id='word_1_207' title='bbox 2539 1442 2703 1506; x_wconf 78' lang='grc' dir='ltr'><strong>σέὸας</strong></span> <span class='ocrx_word' id='word_1_208' title='bbox 2738 1440 2834 1495; x_wconf 84' lang='grc' dir='ltr'><strong>τοῦ</strong></span> <span class='ocrx_word' id='word_1_209' title='bbox 2871 1442 2935 1495; x_wconf 77' lang='grc' dir='ltr'><strong>ἐκ</strong></span> <span class='ocrx_word' id='word_1_210' title='bbox 2957 1440 3118 1496; x_wconf 84' lang='grc' dir='ltr'><strong>λίθων</strong></span> <span class='ocrx_word' id='word_1_211' title='bbox 3146 1441 3536 1514; x_wconf 73' lang='grc' dir='ltr'><strong>διηρτισμόνον</strong></span> 
     </span>
     <span class='ocr_line' id='line_1_29' title="bbox 1958 1532 3534 1604; baseline 0.003 -18"><span class='ocrx_word' id='word_1_212' title='bbox 1958 1533 2108 1601; x_wconf 84' lang='grc' dir='ltr'><strong>ναοῦ,</strong></span> <span class='ocrx_word' id='word_1_213' title='bbox 2137 1534 2270 1598; x_wconf 86' lang='grc' dir='ltr'><strong>Θεὸς</strong></span> <span class='ocrx_word' id='word_1_214' title='bbox 2294 1536 2323 1587; x_wconf 84' lang='grc' dir='ltr'><strong>ό</strong></span> <span class='ocrx_word' id='word_1_215' title='bbox 2355 1534 2626 1588; x_wconf 81' lang='grc' dir='ltr'><strong>κατοικῶν</strong></span> <span class='ocrx_word' id='word_1_216' title='bbox 2666 1535 2724 1586; x_wconf 83' lang='grc' dir='ltr'><strong>ὲν</strong></span> <span class='ocrx_word' id='word_1_217' title='bbox 2759 1532 2907 1604; x_wconf 74' lang='grc' dir='ltr'><strong>αὐτῷ</strong></span> <span class='ocrx_word' id='word_1_218' title='bbox 2942 1532 3037 1587; x_wconf 77' lang='grc' dir='ltr'><strong>καὶ</strong></span> <span class='ocrx_word' id='word_1_219' title='bbox 3067 1532 3320 1603; x_wconf 80' lang='grc' dir='ltr'><strong>ἀγιάζων</strong></span> <span class='ocrx_word' id='word_1_220' title='bbox 3349 1534 3534 1603; x_wconf 75' lang='grc' dir='ltr'><strong>αὐτὸν,</strong></span> 
     </span>
     <span class='ocr_line' id='line_1_30' title="bbox 1957 1621 3533 1700; baseline 0.003 -22"><span class='ocrx_word' id='word_1_221' title='bbox 1957 1621 2017 1680; x_wconf 81' lang='grc' dir='ltr'><strong>οῦ</strong></span> <span class='ocrx_word' id='word_1_222' title='bbox 2060 1628 2155 1680; x_wconf 76' lang='grc' dir='ltr'><strong>καὶ</strong></span> <span class='ocrx_word' id='word_1_223' title='bbox 2201 1629 2281 1689; x_wconf 84' lang='grc' dir='ltr'><strong>είς</strong></span> <span class='ocrx_word' id='word_1_224' title='bbox 2323 1626 2478 1690; x_wconf 77' lang='grc' dir='ltr'><strong>δόξαν</strong></span> <span class='ocrx_word' id='word_1_225' title='bbox 2526 1628 2561 1696; x_wconf 82' lang='grc' dir='ltr'>ὴ</span> <span class='ocrx_word' id='word_1_226' title='bbox 2616 1625 2709 1679; x_wconf 88' lang='grc' dir='ltr'><strong>τοῦ</strong></span> <span class='ocrx_word' id='word_1_227' title='bbox 2756 1623 2904 1697; x_wconf 82' lang='grc' dir='ltr'><strong>ἱεροῦ</strong></span> <span class='ocrx_word' id='word_1_228' title='bbox 2948 1626 3138 1695; x_wconf 83' lang='grc' dir='ltr'><strong>γέγονε</strong></span> <span class='ocrx_word' id='word_1_229' title='bbox 3187 1629 3533 1700; x_wconf 74' lang='grc' dir='ltr'><strong>κατασκευή.</strong></span> 
     </span>
    </p>
   </div>
   <div class='ocr_carea' id='block_1_11' title="bbox 278 1711 3531 1790">
    <p class='ocr_par' dir='ltr' id='par_1_11' title="bbox 278 1711 3531 1790">
     <span class='ocr_line' id='line_1_31' title="bbox 278 1711 3531 1790; baseline 0 -19"><span class='ocrx_word' id='word_1_230' title='bbox 278 1717 509 1782; x_wconf 79' lang='lat' dir='ltr'><strong>ctificat,</strong></span> <span class='ocrx_word' id='word_1_231' title='bbox 546 1725 602 1772; x_wconf 91' lang='grc' dir='ltr'><strong>ει</strong></span> <span class='ocrx_word' id='word_1_232' title='bbox 638 1717 693 1772; x_wconf 90' lang='lat' dir='ltr'><strong>itt</strong></span> <span class='ocrx_word' id='word_1_233' title='bbox 731 1716 884 1785; x_wconf 84' lang='lat' dir='ltr'><strong>cujus</strong></span> <span class='ocrx_word' id='word_1_234' title='bbox 928 1717 1151 1787; x_wconf 77' lang='lat' dir='ltr'><strong>gloriam</strong></span> <span class='ocrx_word' id='word_1_235' title='bbox 1189 1717 1443 1787; x_wconf 89' lang='lat' dir='ltr'><strong>templum</strong></span> <span class='ocrx_word' id='word_1_236' title='bbox 1490 1726 1854 1773; x_wconf 86' lang='lat' dir='ltr'><strong>constructum</strong></span> <span class='ocrx_word' id='word_1_237' title='bbox 1888 1732 1928 1787; x_wconf 76' lang='lat' dir='ltr'>B</span> <span class='ocrx_word' id='word_1_238' title='bbox 1960 1715 2188 1768; x_wconf 79' lang='grc' dir='ltr'><strong>Πλείονα</strong></span> <span class='ocrx_word' id='word_1_239' title='bbox 2218 1715 2335 1777; x_wconf 84' lang='grc' dir='ltr'><strong>πῶς</strong></span> <span class='ocrx_word' id='word_1_240' title='bbox 2364 1711 2459 1769; x_wconf 80' lang='grc' dir='ltr'><strong>οὖν</strong></span> <span class='ocrx_word' id='word_1_241' title='bbox 2485 1714 2580 1769; x_wconf 86' lang='grc' dir='ltr'><strong>τοῦ</strong></span> <span class='ocrx_word' id='word_1_242' title='bbox 2632 1714 2777 1786; x_wconf 69' lang='grc' dir='ltr'><strong>ἱεροῦ</strong></span> <span class='ocrx_word' id='word_1_243' title='bbox 2807 1716 2906 1787; x_wconf 80' lang='grc' dir='ltr'><strong>τὴν</strong></span> <span class='ocrx_word' id='word_1_244' title='bbox 2932 1716 3100 1787; x_wconf 80' lang='grc' dir='ltr'><strong>τιμὴν</strong></span> <span class='ocrx_word' id='word_1_245' title='bbox 3124 1715 3244 1788; x_wconf 72' lang='grc' dir='ltr'><strong>ἔχει</strong></span> <span class='ocrx_word' id='word_1_246' title='bbox 3274 1717 3531 1790; x_wconf 81' lang='grc' dir='ltr'><strong>Χριστὸς,</strong></span> 
     </span>
    </p>
   </div>
   <div class='ocr_carea' id='block_1_12' title="bbox 280 1808 1856 2241">
    <p class='ocr_par' dir='ltr' id='par_1_12' title="bbox 280 1808 1856 2241">
     <span class='ocr_line' id='line_1_32' title="bbox 281 1808 1852 1880; baseline -0.001 -15"><span class='ocrx_word' id='word_1_247' title='bbox 281 1820 384 1865; x_wconf 82' lang='grc' dir='ltr'><strong>εει.</strong></span> <span class='ocrx_word' id='word_1_248' title='bbox 411 1810 689 1877; x_wconf 83' lang='lat' dir='ltr'><strong>Quomodo</strong></span> <span class='ocrx_word' id='word_1_249' title='bbox 714 1824 841 1879; x_wconf 86' lang='lat' dir='ltr'><strong>ergo</strong></span> <span class='ocrx_word' id='word_1_250' title='bbox 866 1808 1121 1879; x_wconf 84' lang='lat' dir='ltr'><strong>majorem</strong></span> <span class='ocrx_word' id='word_1_251' title='bbox 1151 1809 1315 1864; x_wconf 82' lang='lat' dir='ltr'><strong>babet</strong></span> <span class='ocrx_word' id='word_1_252' title='bbox 1334 1808 1560 1880; x_wconf 75' lang='lat' dir='ltr'><strong>gloriam</strong></span> <span class='ocrx_word' id='word_1_253' title='bbox 1583 1808 1852 1872; x_wconf 78' lang='lat' dir='ltr'><strong>Christus,</strong></span> 
     </span>
     <span class='ocr_line' id='line_1_33' title="bbox 281 1898 1856 1971; baseline 0.001 -16"><span class='ocrx_word' id='word_1_254' title='bbox 281 1901 327 1955; x_wconf 89' lang='lat' dir='ltr'><strong>si</strong></span> <span class='ocrx_word' id='word_1_255' title='bbox 358 1915 463 1955; x_wconf 85' lang='lat' dir='ltr'><strong>non</strong></span> <span class='ocrx_word' id='word_1_256' title='bbox 497 1909 579 1954; x_wconf 80' lang='lat' dir='ltr'><strong>est</strong></span> <span class='ocrx_word' id='word_1_257' title='bbox 608 1898 751 1953; x_wconf 85' lang='lat' dir='ltr'><strong>Deus</strong></span> <span class='ocrx_word' id='word_1_258' title='bbox 784 1899 874 1968; x_wconf 86' lang='lat' dir='ltr'><strong>qui</strong></span> <span class='ocrx_word' id='word_1_259' title='bbox 926 1900 976 1953; x_wconf 90' lang='lat' dir='ltr'><strong>in</strong></span> <span class='ocrx_word' id='word_1_260' title='bbox 1017 1900 1133 1970; x_wconf 87' lang='lat' dir='ltr'><strong>ipso</strong></span> <span class='ocrx_word' id='word_1_261' title='bbox 1171 1900 1370 1971; x_wconf 87' lang='lat' dir='ltr'><strong>templo</strong></span> <span class='ocrx_word' id='word_1_262' title='bbox 1414 1901 1712 1956; x_wconf 78' lang='lat' dir='ltr'><strong>adoratur?</strong></span> <span class='ocrx_word' id='word_1_263' title='bbox 1761 1901 1856 1957; x_wconf 83' lang='lat' dir='ltr'><strong>Est</strong></span> 
     </span>
     <span class='ocr_line' id='line_1_34' title="bbox 281 1988 1854 2062; baseline 0.003 -18"><span class='ocrx_word' id='word_1_264' title='bbox 281 2000 458 2046; x_wconf 88' lang='lat' dir='ltr'><strong>autem</strong></span> <span class='ocrx_word' id='word_1_265' title='bbox 490 1988 661 2057; x_wconf 77' lang='lat' dir='ltr'><strong>maior</strong></span> <span class='ocrx_word' id='word_1_266' title='bbox 701 2001 755 2043; x_wconf 93' lang='lat' dir='ltr'><strong>et</strong></span> <span class='ocrx_word' id='word_1_267' title='bbox 780 1988 946 2061; x_wconf 74' lang='grc'><strong>308</strong></span> <span class='ocrx_word' id='word_1_268' title='bbox 977 1992 1233 2045; x_wconf 76' lang='lat' dir='ltr'><strong>sanctior.</strong></span> <span class='ocrx_word' id='word_1_269' title='bbox 1256 1991 1398 2046; x_wconf 88' lang='lat' dir='ltr'><strong>Deus</strong></span> <span class='ocrx_word' id='word_1_270' title='bbox 1437 1993 1618 2062; x_wconf 84' lang='lat' dir='ltr'><strong>itaque</strong></span> <span class='ocrx_word' id='word_1_271' title='bbox 1650 2002 1752 2058; x_wconf 90' lang='lat' dir='ltr'><strong>est,</strong></span> <span class='ocrx_word' id='word_1_272' title='bbox 1797 2001 1854 2048; x_wconf 85' lang='grc' dir='ltr'><strong>ιιι</strong></span> 
     </span>
     <span class='ocr_line' id='line_1_35' title="bbox 281 2078 1854 2149; baseline 0.003 -14"><span class='ocrx_word' id='word_1_273' title='bbox 281 2080 452 2137; x_wconf 76' lang='lat' dir='ltr'><strong>Filius</strong></span> <span class='ocrx_word' id='word_1_274' title='bbox 469 2094 535 2137; x_wconf 81' lang='lat' dir='ltr'><strong>ex</strong></span> <span class='ocrx_word' id='word_1_275' title='bbox 559 2079 668 2136; x_wconf 82' lang='lat' dir='ltr'><strong>Deo</strong></span> <span class='ocrx_word' id='word_1_276' title='bbox 694 2078 854 2135; x_wconf 83' lang='lat' dir='ltr'><strong>Patre</strong></span> <span class='ocrx_word' id='word_1_277' title='bbox 880 2082 1194 2149; x_wconf 81' lang='lat' dir='ltr'><strong>procedens.</strong></span> <span class='ocrx_word' id='word_1_278' title='bbox 1221 2079 1374 2149; x_wconf 85' lang='lat' dir='ltr'><strong>Quod</strong></span> <span class='ocrx_word' id='word_1_279' title='bbox 1402 2083 1446 2136; x_wconf 88' lang='lat' dir='ltr'><strong>si</strong></span> <span class='ocrx_word' id='word_1_280' title='bbox 1469 2082 1544 2137; x_wconf 86' lang='lat' dir='ltr'><strong>ita</strong></span> <span class='ocrx_word' id='word_1_281' title='bbox 1574 2091 1676 2145; x_wconf 82' lang='lat' dir='ltr'><strong>est.</strong></span> <span class='ocrx_word' id='word_1_282' title='bbox 1704 2092 1854 2139; x_wconf 84' lang='lat' dir='ltr'><strong>certe</strong></span> 
     </span>
     <span class='ocr_line' id='line_1_36' title="bbox 280 2170 1855 2241; baseline 0.001 -16"><span class='ocrx_word' id='word_1_283' title='bbox 280 2185 456 2241; x_wconf 83' lang='lat' dir='ltr'><strong>neque</strong></span> <span class='ocrx_word' id='word_1_284' title='bbox 475 2184 633 2241; x_wconf 89' lang='lat' dir='ltr'><strong>opus,</strong></span> <span class='ocrx_word' id='word_1_285' title='bbox 657 2184 832 2239; x_wconf 89' lang='lat' dir='ltr'><strong>neque</strong></span> <span class='ocrx_word' id='word_1_286' title='bbox 859 2183 1108 2227; x_wconf 86' lang='lat' dir='ltr'><strong>creatura</strong></span> <span class='ocrx_word' id='word_1_287' title='bbox 1139 2180 1243 2225; x_wconf 86' lang='lat' dir='ltr'><strong>cst.</strong></span> <span class='ocrx_word' id='word_1_288' title='bbox 1271 2170 1454 2241; x_wconf 82' lang='lat' dir='ltr'><strong>Neque</strong></span> <span class='ocrx_word' id='word_1_289' title='bbox 1471 2174 1616 2228; x_wconf 85' lang='lat' dir='ltr'><strong>enim</strong></span> <span class='ocrx_word' id='word_1_290' title='bbox 1637 2175 1855 2229; x_wconf 84' lang='lat' dir='ltr'><strong>errabat</strong></span> 
     </span>
    </p>
   </div>
   <div class='ocr_carea' id='block_1_13' title="bbox 278 2261 1856 2500">
    <p class='ocr_par' dir='ltr' id='par_1_13' title="bbox 278 2261 1856 2500">
     <span class='ocr_line' id='line_1_37' title="bbox 281 2261 1853 2335; baseline 0.004 -18"><span class='ocrx_word' id='word_1_291' title='bbox 281 2262 444 2319; x_wconf 81' lang='lat' dir='ltr'><strong>lsrael</strong></span> <span class='ocrx_word' id='word_1_292' title='bbox 468 2261 652 2319; x_wconf 85' lang='lat' dir='ltr'><strong>colons</strong></span> <span class='ocrx_word' id='word_1_293' title='bbox 683 2262 859 2333; x_wconf 83' lang='lat' dir='ltr'><strong>ipsum</strong></span> <span class='ocrx_word' id='word_1_294' title='bbox 885 2271 1046 2335; x_wconf 81' lang='lat' dir='ltr'><strong>atquc</strong></span> <span class='ocrx_word' id='word_1_295' title='bbox 1072 2265 1305 2319; x_wconf 88' lang='lat' dir='ltr'><strong>adorans</strong></span> <span class='ocrx_word' id='word_1_296' title='bbox 1328 2265 1382 2318; x_wconf 91' lang='lat' dir='ltr'><strong>in</strong></span> <span class='ocrx_word' id='word_1_297' title='bbox 1409 2264 1631 2333; x_wconf 88' lang='lat' dir='ltr'><strong>templo,</strong></span> <span class='ocrx_word' id='word_1_298' title='bbox 1656 2266 1723 2321; x_wconf 88' lang='lat' dir='ltr'><strong>de</strong></span> <span class='ocrx_word' id='word_1_299' title='bbox 1746 2282 1853 2335; x_wconf 89' lang='lat' dir='ltr'><strong>quo</strong></span> 
     </span>
     <span class='ocr_line' id='line_1_38' title="bbox 278 2347 1856 2421; baseline 0.006 -18"><span class='ocrx_word' id='word_1_300' title='bbox 278 2347 535 2404; x_wconf 73' lang='lat' dir='ltr'><strong>scribitur</strong></span> <span class='ocrx_word' id='word_1_301' title='bbox 591 2364 606 2403; x_wconf 73' lang='grc' dir='ltr'><strong>ε</strong></span> <span class='ocrx_word' id='word_1_302' title='bbox 651 2367 671 2402; x_wconf 86' lang='grc' dir='ltr'><strong>ι</strong></span> <span class='ocrx_word' id='word_1_303' title='bbox 705 2348 993 2407; x_wconf 85' lang='lat' dir='ltr'><strong>Dominum</strong></span> <span class='ocrx_word' id='word_1_304' title='bbox 1038 2352 1203 2407; x_wconf 80' lang='lat' dir='ltr'><strong>Deum</strong></span> <span class='ocrx_word' id='word_1_305' title='bbox 1269 2362 1418 2407; x_wconf 88' lang='lat' dir='ltr'><strong>tuum</strong></span> <span class='ocrx_word' id='word_1_306' title='bbox 1471 2354 1755 2421; x_wconf 74' lang='lat' dir='ltr'><strong>adorabis,</strong></span> <span class='ocrx_word' id='word_1_307' title='bbox 1800 2364 1856 2413; x_wconf 88' lang='grc' dir='ltr'><strong>ει</strong></span> 
     </span>
     <span class='ocr_line' id='line_1_39' title="bbox 278 2438 871 2500; baseline 0.017 -9"><span class='ocrx_word' id='word_1_308' title='bbox 278 2439 352 2493; x_wconf 87' lang='lat' dir='ltr'><strong>illi</strong></span> <span class='ocrx_word' id='word_1_309' title='bbox 379 2438 476 2494; x_wconf 86' lang='lat' dir='ltr'><strong>soli</strong></span> <span class='ocrx_word' id='word_1_310' title='bbox 513 2440 720 2497; x_wconf 77' lang='lat' dir='ltr'><strong>servies</strong></span> <span class='ocrx_word' id='word_1_311' title='bbox 747 2440 815 2500; x_wconf 83' lang='lat'><strong>⁸⁸.</strong></span> <span class='ocrx_word' id='word_1_312' title='bbox 851 2458 871 2493; x_wconf 70' lang='grc' dir='ltr'><strong>ι</strong></span> 
     </span>
    </p>
   </div>
   <div class='ocr_carea' id='block_1_14' title="bbox 941 2572 1175 2632">
    <p class='ocr_par' dir='ltr' id='par_1_14' title="bbox 941 2572 1175 2632">
     <span class='ocr_line' id='line_1_40' title="bbox 941 2572 1175 2632; baseline 0.017 -4"><span class='ocrx_word' id='word_1_313' title='bbox 941 2572 1175 2632; x_wconf 59' lang='lat' dir='ltr'><strong>utun.</strong></span> 
     </span>
    </p>
   </div>
   <div class='ocr_carea' id='block_1_15' title="bbox 354 2707 1848 2783">
    <p class='ocr_par' dir='ltr' id='par_1_15' title="bbox 354 2707 1848 2783">
     <span class='ocr_line' id='line_1_41' title="bbox 354 2707 1848 2783; baseline 0.006 -20"><span class='ocrx_word' id='word_1_314' title='bbox 354 2727 374 2763; x_wconf 80' lang='grc' dir='ltr'><strong>ι</strong></span> <span class='ocrx_word' id='word_1_315' title='bbox 393 2708 498 2763; x_wconf 77' lang='lat' dir='ltr'><strong>Aut</strong></span> <span class='ocrx_word' id='word_1_316' title='bbox 510 2707 669 2764; x_wconf 74' lang='lat' dir='ltr'><strong>facite</strong></span> <span class='ocrx_word' id='word_1_317' title='bbox 686 2708 936 2765; x_wconf 83' lang='lat' dir='ltr'><strong>arborem</strong></span> <span class='ocrx_word' id='word_1_318' title='bbox 951 2708 1145 2765; x_wconf 89' lang='lat' dir='ltr'><strong>bonam</strong></span> <span class='ocrx_word' id='word_1_319' title='bbox 1162 2719 1217 2767; x_wconf 88' lang='grc' dir='ltr'><strong>ει</strong></span> <span class='ocrx_word' id='word_1_320' title='bbox 1235 2710 1467 2769; x_wconf 78' lang='lat' dir='ltr'><strong>fructum</strong></span> <span class='ocrx_word' id='word_1_321' title='bbox 1481 2713 1603 2783; x_wconf 81' lang='lat' dir='ltr'><strong>ejus</strong></span> <span class='ocrx_word' id='word_1_322' title='bbox 1619 2714 1848 2772; x_wconf 84' lang='lat' dir='ltr'><strong>honum:</strong></span> 
     </span>
    </p>
   </div>
   <div class='ocr_carea' id='block_1_16' title="bbox 1955 1802 3536 2426">
    <p class='ocr_par' dir='ltr' id='par_1_16' title="bbox 1955 1802 3536 2426">
     <span class='ocr_line' id='line_1_42' title="bbox 1958 1802 3530 1879; baseline 0.005 -24"><span class='ocrx_word' id='word_1_323' title='bbox 1958 1804 2117 1873; x_wconf 75' lang='grc' dir='ltr'><strong>εἴπερ</strong></span> <span class='ocrx_word' id='word_1_324' title='bbox 2142 1804 2242 1857; x_wconf 84' lang='grc' dir='ltr'><strong>οὐκ</strong></span> <span class='ocrx_word' id='word_1_325' title='bbox 2268 1802 2383 1857; x_wconf 77' lang='grc' dir='ltr'><strong>ἐστι</strong></span> <span class='ocrx_word' id='word_1_326' title='bbox 2416 1804 2545 1869; x_wconf 86' lang='grc' dir='ltr'><strong>Θεὸς</strong></span> <span class='ocrx_word' id='word_1_327' title='bbox 2577 1807 2606 1859; x_wconf 86' lang='grc' dir='ltr'><strong>ὀ</strong></span> <span class='ocrx_word' id='word_1_328' title='bbox 2632 1806 2689 1860; x_wconf 80' lang='grc' dir='ltr'><strong>ὲν</strong></span> <span class='ocrx_word' id='word_1_329' title='bbox 2713 1804 2861 1876; x_wconf 83' lang='grc' dir='ltr'><strong>αύτῷ</strong></span> <span class='ocrx_word' id='word_1_330' title='bbox 2897 1804 2977 1876; x_wconf 81' lang='grc' dir='ltr'><strong>τῷ</strong></span> <span class='ocrx_word' id='word_1_331' title='bbox 3018 1805 3150 1879; x_wconf 72' lang='grc' dir='ltr'><strong>ἱερῷ</strong></span> <span class='ocrx_word' id='word_1_332' title='bbox 3194 1807 3530 1879; x_wconf 80' lang='grc' dir='ltr'><strong>προσκυνού-</strong></span> 
     </span>
     <span class='ocr_line' id='line_1_43' title="bbox 1960 1894 3536 1971; baseline 0.004 -24"><span class='ocrx_word' id='word_1_333' title='bbox 1960 1910 2151 1963; x_wconf 82' lang='grc' dir='ltr'><strong>μενος;</strong></span> <span class='ocrx_word' id='word_1_334' title='bbox 2195 1894 2334 1950; x_wconf 81' lang='grc' dir='ltr'><strong>Ἀλλ’</strong></span> <span class='ocrx_word' id='word_1_335' title='bbox 2373 1895 2485 1965; x_wconf 78' lang='grc' dir='ltr'><strong>ἔχει</strong></span> <span class='ocrx_word' id='word_1_336' title='bbox 2528 1896 2590 1949; x_wconf 88' lang='grc' dir='ltr'><strong>τὸ</strong></span> <span class='ocrx_word' id='word_1_337' title='bbox 2633 1896 2793 1949; x_wconf 80' lang='grc' dir='ltr'><strong>πλέον</strong></span> <span class='ocrx_word' id='word_1_338' title='bbox 2826 1896 2921 1949; x_wconf 69' lang='grc' dir='ltr'><strong>καὶ</strong></span> <span class='ocrx_word' id='word_1_339' title='bbox 2952 1896 3243 1967; x_wconf 78' lang='grc' dir='ltr'><strong>ἀληθεύει·</strong></span> <span class='ocrx_word' id='word_1_340' title='bbox 3273 1898 3396 1963; x_wconf 71' lang='grc' dir='ltr'><strong>πῶς</strong></span> <span class='ocrx_word' id='word_1_341' title='bbox 3422 1899 3536 1971; x_wconf 82' lang='grc' dir='ltr'><strong>γὰρ</strong></span> 
     </span>
     <span class='ocr_line' id='line_1_44' title="bbox 1955 1983 3531 2062; baseline 0.005 -27"><span class='ocrx_word' id='word_1_342' title='bbox 1955 1983 2049 2050; x_wconf 79' lang='grc' dir='ltr'><strong>οῦς</strong></span> <span class='ocrx_word' id='word_1_343' title='bbox 2084 1983 2214 2048; x_wconf 87' lang='grc' dir='ltr'><strong>Θεὸς</strong></span> <span class='ocrx_word' id='word_1_344' title='bbox 2248 1983 2357 2055; x_wconf 76' lang='grc' dir='ltr'><strong>ἄρα</strong></span> <span class='ocrx_word' id='word_1_345' title='bbox 2384 1986 2530 2038; x_wconf 75' lang='grc' dir='ltr'><strong>ἐστὶν</strong></span> <span class='ocrx_word' id='word_1_346' title='bbox 2574 1984 2649 2049; x_wconf 83' lang='grc' dir='ltr'><strong>ὡς</strong></span> <span class='ocrx_word' id='word_1_347' title='bbox 2677 1986 2801 2048; x_wconf 78' lang='grc' dir='ltr'><strong>Υίὸς</strong></span> <span class='ocrx_word' id='word_1_348' title='bbox 2827 1988 2891 2039; x_wconf 75' lang='grc' dir='ltr'><strong>ὲκ</strong></span> <span class='ocrx_word' id='word_1_349' title='bbox 2922 1985 3059 2041; x_wconf 86' lang='grc' dir='ltr'><strong>Θεοῦ</strong></span> <span class='ocrx_word' id='word_1_350' title='bbox 3100 1988 3310 2062; x_wconf 63' lang='lat' dir='ltr'><strong>nesphe</strong></span> <span class='ocrx_word' id='word_1_351' title='bbox 3349 2005 3531 2059; x_wconf 64' lang='grc' dir='ltr'><strong>πεφη-</strong></span> 
     </span>
     <span class='ocr_line' id='line_1_45' title="bbox 1956 2075 3522 2153; baseline 0.004 -23"><span class='ocrx_word' id='word_1_352' title='bbox 1956 2077 2082 2138; x_wconf 82' lang='grc' dir='ltr'><strong>νώς.</strong></span> <span class='ocrx_word' id='word_1_353' title='bbox 2123 2077 2183 2129; x_wconf 77' lang='grc' dir='ltr'><strong>Εἰ</strong></span> <span class='ocrx_word' id='word_1_354' title='bbox 2215 2075 2271 2129; x_wconf 73' lang='grc' dir='ltr'><strong>δὲ</strong></span> <span class='ocrx_word' id='word_1_355' title='bbox 2304 2076 2492 2143; x_wconf 77' lang='grc' dir='ltr'><strong>τοῦτο,</strong></span> <span class='ocrx_word' id='word_1_356' title='bbox 2518 2077 2578 2131; x_wconf 79' lang='grc' dir='ltr'><strong>ού</strong></span> <span class='ocrx_word' id='word_1_357' title='bbox 2617 2079 2824 2150; x_wconf 82' lang='grc' dir='ltr'><strong>ποίημα</strong></span> <span class='ocrx_word' id='word_1_358' title='bbox 2850 2079 2972 2133; x_wconf 78' lang='grc' dir='ltr'><strong>οὐδὲ</strong></span> <span class='ocrx_word' id='word_1_359' title='bbox 3002 2080 3195 2153; x_wconf 60' lang='lat' dir='ltr'><strong>xristu</strong></span> <span class='ocrx_word' id='word_1_360' title='bbox 3233 2079 3404 2137; x_wconf 70' lang='grc' dir='ltr'><strong>ὸστίν.</strong></span> <span class='ocrx_word' id='word_1_361' title='bbox 3437 2081 3522 2136; x_wconf 81' lang='grc' dir='ltr'><strong>Οὐ</strong></span> 
     </span>
     <span class='ocr_line' id='line_1_46' title="bbox 1955 2167 3526 2243; baseline 0.005 -25"><span class='ocrx_word' id='word_1_362' title='bbox 1955 2167 2065 2239; x_wconf 74' lang='grc' dir='ltr'><strong>γὰρ</strong></span> <span class='ocrx_word' id='word_1_363' title='bbox 2119 2167 2386 2221; x_wconf 77' lang='grc' dir='ltr'><strong>ἐπλανᾶτο</strong></span> <span class='ocrx_word' id='word_1_364' title='bbox 2431 2168 2705 2241; x_wconf 77' lang='grc' dir='ltr'><strong>λατρεύων</strong></span> <span class='ocrx_word' id='word_1_365' title='bbox 2763 2170 2912 2242; x_wconf 81' lang='grc' dir='ltr'><strong>αὐτῷ</strong></span> <span class='ocrx_word' id='word_1_366' title='bbox 2969 2172 3064 2227; x_wconf 76' lang='grc' dir='ltr'><strong>καὶ</strong></span> <span class='ocrx_word' id='word_1_367' title='bbox 3107 2172 3427 2243; x_wconf 59' lang='grc' dir='ltr'><strong>ωροωιυνῶν</strong></span> <span class='ocrx_word' id='word_1_368' title='bbox 3494 2175 3526 2226; x_wconf 81' lang='grc' dir='ltr'><strong>ὸ</strong></span> 
     </span>
     <span class='ocr_line' id='line_1_47' title="bbox 1969 2256 3530 2333; baseline 0.006 -24"><span class='ocrx_word' id='word_1_369' title='bbox 1969 2256 2185 2327; x_wconf 80' lang='grc' dir='ltr'><strong>Ἰσραὴλ</strong></span> <span class='ocrx_word' id='word_1_370' title='bbox 2216 2258 2274 2309; x_wconf 68' lang='grc' dir='ltr'><strong>ὸν</strong></span> <span class='ocrx_word' id='word_1_371' title='bbox 2300 2257 2376 2328; x_wconf 85' lang='grc' dir='ltr'><strong>τῷ</strong></span> <span class='ocrx_word' id='word_1_372' title='bbox 2409 2258 2570 2329; x_wconf 78' lang='grc' dir='ltr'><strong>ἱερῷ,</strong></span> <span class='ocrx_word' id='word_1_373' title='bbox 2604 2259 2738 2330; x_wconf 90' lang='grc' dir='ltr'><strong>πρὸς</strong></span> <span class='ocrx_word' id='word_1_374' title='bbox 2769 2260 2829 2314; x_wconf 87' lang='grc' dir='ltr'><strong>δν</strong></span> <span class='ocrx_word' id='word_1_375' title='bbox 2858 2260 3074 2332; x_wconf 81' lang='grc' dir='ltr'><strong>εἴρηταί</strong></span> <span class='ocrx_word' id='word_1_376' title='bbox 3109 2279 3238 2318; x_wconf 77' lang='grc' dir='ltr'><strong>που·</strong></span> <span class='ocrx_word' id='word_1_377' title='bbox 3265 2282 3288 2316; x_wconf 80' lang='grc' dir='ltr'><strong>ι</strong></span> <span class='ocrx_word' id='word_1_378' title='bbox 3310 2263 3530 2333; x_wconf 70' lang='grc' dir='ltr'><strong>Κύριον</strong></span> 
     </span>
     <span class='ocr_line' id='line_1_48' title="bbox 1955 2345 3531 2426; baseline 0.008 -29"><span class='ocrx_word' id='word_1_379' title='bbox 1955 2345 2044 2397; x_wconf 77' lang='grc' dir='ltr'><strong>τὸν</strong></span> <span class='ocrx_word' id='word_1_380' title='bbox 2072 2345 2204 2399; x_wconf 87' lang='grc' dir='ltr'><strong>Θεόν</strong></span> <span class='ocrx_word' id='word_1_381' title='bbox 2240 2364 2334 2400; x_wconf 87' lang='grc' dir='ltr'><strong>σου</strong></span> <span class='ocrx_word' id='word_1_382' title='bbox 2360 2350 2758 2421; x_wconf 73' lang='grc' dir='ltr'><strong>προσκυνήσεις</strong></span> <span class='ocrx_word' id='word_1_383' title='bbox 2820 2353 2911 2405; x_wconf 79' lang='grc' dir='ltr'><strong>καὶ</strong></span> <span class='ocrx_word' id='word_1_384' title='bbox 2938 2352 3089 2424; x_wconf 80' lang='grc' dir='ltr'><strong>αὐτῷ</strong></span> <span class='ocrx_word' id='word_1_385' title='bbox 3118 2353 3264 2426; x_wconf 69' lang='grc' dir='ltr'><strong>μόνω</strong></span> <span class='ocrx_word' id='word_1_386' title='bbox 3295 2355 3531 2426; x_wconf 77' lang='grc' dir='ltr'><strong>λατρεύ-</strong></span> 
     </span>
    </p>
   </div>
   <div class='ocr_carea' id='block_1_17' title="bbox 1956 2454 2840 2634">
    <p class='ocr_par' dir='ltr' id='par_1_17' title="bbox 1956 2454 2840 2634">
     <span class='ocr_line' id='line_1_49' title="bbox 1956 2454 2160 2502; baseline 0.01 -13"><span class='ocrx_word' id='word_1_387' title='bbox 1956 2454 2091 2502; x_wconf 84' lang='grc' dir='ltr'><strong>σεις.</strong></span> <span class='ocrx_word' id='word_1_388' title='bbox 2142 2457 2160 2491; x_wconf 74' lang='lat' dir='ltr'><strong>t</strong></span> 
     </span>
     <span class='ocr_line' id='line_1_50' title="bbox 2636 2580 2840 2634; baseline 0.015 -3"><span class='ocrx_word' id='word_1_389' title='bbox 2636 2580 2840 2634; x_wconf 82' lang='grc' dir='ltr'><strong>ΑΛΛΟ.</strong></span> 
     </span>
    </p>
   </div>
   <div class='ocr_carea' id='block_1_18' title="bbox 2031 2712 3522 2796">
    <p class='ocr_par' dir='ltr' id='par_1_18' title="bbox 2031 2712 3522 2796">
     <span class='ocr_line' id='line_1_51' title="bbox 2031 2712 3522 2796; baseline 0.013 -34"><span class='ocrx_word' id='word_1_390' title='bbox 2031 2728 2049 2762; x_wconf 87' lang='grc' dir='ltr'><strong>ι</strong></span> <span class='ocrx_word' id='word_1_391' title='bbox 2076 2712 2146 2764; x_wconf 73' lang='lat' dir='ltr'><strong>”ll</strong></span> <span class='ocrx_word' id='word_1_392' title='bbox 2174 2712 2434 2783; x_wconf 82' lang='grc' dir='ltr'><strong>ποιήσατε</strong></span> <span class='ocrx_word' id='word_1_393' title='bbox 2460 2714 2521 2767; x_wconf 86' lang='grc' dir='ltr'><strong>τὸ</strong></span> <span class='ocrx_word' id='word_1_394' title='bbox 2589 2714 2802 2785; x_wconf 79' lang='grc' dir='ltr'><strong>δένδρον</strong></span> <span class='ocrx_word' id='word_1_395' title='bbox 2840 2716 3022 2783; x_wconf 88' lang='grc' dir='ltr'><strong>καλὸν,</strong></span> <span class='ocrx_word' id='word_1_396' title='bbox 3056 2718 3151 2774; x_wconf 72' lang='grc' dir='ltr'><strong>καὶ</strong></span> <span class='ocrx_word' id='word_1_397' title='bbox 3180 2720 3282 2775; x_wconf 80' lang='grc' dir='ltr'><strong>τὸν</strong></span> <span class='ocrx_word' id='word_1_398' title='bbox 3318 2726 3522 2796; x_wconf 64' lang='grc' dir='ltr'><strong>καρπὸν</strong></span> 
     </span>
    </p>
   </div>
   <div class='ocr_carea' id='block_1_19' title="bbox 273 2799 3536 3351">
    <p class='ocr_par' dir='ltr' id='par_1_19' title="bbox 273 2799 3536 3351">
     <span class='ocr_line' id='line_1_52' title="bbox 279 2799 3526 2884; baseline 0.006 -31"><span class='ocrx_word' id='word_1_399' title='bbox 279 2809 372 2853; x_wconf 91' lang='lat' dir='ltr'><strong>aut</strong></span> <span class='ocrx_word' id='word_1_400' title='bbox 416 2800 670 2855; x_wconf 76' lang='lat' dir='ltr'><strong>arborem</strong></span> <span class='ocrx_word' id='word_1_401' title='bbox 709 2799 923 2868; x_wconf 88' lang='lat' dir='ltr'><strong>malam,</strong></span> <span class='ocrx_word' id='word_1_402' title='bbox 961 2810 1018 2858; x_wconf 89' lang='grc' dir='ltr'><strong>ει</strong></span> <span class='ocrx_word' id='word_1_403' title='bbox 1063 2801 1297 2858; x_wconf 76' lang='lat' dir='ltr'><strong>fructum</strong></span> <span class='ocrx_word' id='word_1_404' title='bbox 1343 2803 1459 2874; x_wconf 80' lang='lat' dir='ltr'><strong>ejus</strong></span> <span class='ocrx_word' id='word_1_405' title='bbox 1500 2805 1696 2860; x_wconf 85' lang='lat' dir='ltr'><strong>malum</strong></span> <span class='ocrx_word' id='word_1_406' title='bbox 1737 2825 1752 2861; x_wconf 74' lang='grc' dir='ltr'><strong>ε</strong></span> <span class='ocrx_word' id='word_1_407' title='bbox 1787 2822 1852 2861; x_wconf 81' lang='lat' dir='ltr'><strong>ex</strong></span> <span class='ocrx_word' id='word_1_408' title='bbox 1956 2801 2119 2856; x_wconf 77' lang='grc' dir='ltr'><strong>αὑτοῦ</strong></span> <span class='ocrx_word' id='word_1_409' title='bbox 2152 2802 2336 2867; x_wconf 80' lang='grc' dir='ltr'><strong>καλὸν,</strong></span> <span class='ocrx_word' id='word_1_410' title='bbox 2367 2804 2400 2875; x_wconf 84' lang='grc' dir='ltr'><strong>ἢ</strong></span> <span class='ocrx_word' id='word_1_411' title='bbox 2429 2806 2691 2877; x_wconf 74' lang='grc' dir='ltr'><strong>ποιήσατε</strong></span> <span class='ocrx_word' id='word_1_412' title='bbox 2717 2809 2777 2861; x_wconf 81' lang='grc' dir='ltr'><strong>τὸ</strong></span> <span class='ocrx_word' id='word_1_413' title='bbox 2798 2808 3011 2881; x_wconf 83' lang='grc' dir='ltr'><strong>δένδρον</strong></span> <span class='ocrx_word' id='word_1_414' title='bbox 3039 2812 3278 2884; x_wconf 84' lang='grc' dir='ltr'><strong>σαπρὸν,</strong></span> <span class='ocrx_word' id='word_1_415' title='bbox 3314 2818 3526 2873; x_wconf 76' lang='grc' dir='ltr'><strong>καὶτὸν</strong></span> 
     </span>
     <span class='ocr_line' id='line_1_53' title="bbox 282 2890 3526 2975; baseline 0.008 -31"><span class='ocrx_word' id='word_1_416' title='bbox 282 2891 459 2947; x_wconf 71' lang='lat' dir='ltr'><strong>fructu</strong></span> <span class='ocrx_word' id='word_1_417' title='bbox 489 2892 635 2947; x_wconf 91' lang='lat' dir='ltr'><strong>enim</strong></span> <span class='ocrx_word' id='word_1_418' title='bbox 678 2890 844 2947; x_wconf 82' lang='lat' dir='ltr'><strong>arbor</strong></span> <span class='ocrx_word' id='word_1_419' title='bbox 876 2894 1218 2962; x_wconf 74' lang='lat' dir='ltr'><strong>cognoscitur</strong></span> <span class='ocrx_word' id='word_1_420' title='bbox 1246 2893 1313 2948; x_wconf 72' lang='lat'><strong>⁸¹.</strong></span> <span class='ocrx_word' id='word_1_421' title='bbox 1357 2912 1377 2946; x_wconf 69' lang='grc' dir='ltr'><strong>ι</strong></span> <span class='ocrx_word' id='word_1_422' title='bbox 1421 2894 1648 2951; x_wconf 79' lang='lat' dir='ltr'><strong>Fructus</strong></span> <span class='ocrx_word' id='word_1_423' title='bbox 1672 2905 1852 2952; x_wconf 87' lang='lat' dir='ltr'><strong>autem</strong></span> <span class='ocrx_word' id='word_1_424' title='bbox 1955 2894 2167 2965; x_wconf 83' lang='grc' dir='ltr'><strong>καρπὸν</strong></span> <span class='ocrx_word' id='word_1_425' title='bbox 2192 2894 2358 2949; x_wconf 84' lang='grc' dir='ltr'><strong>αὑτοῦ</strong></span> <span class='ocrx_word' id='word_1_426' title='bbox 2396 2898 2627 2969; x_wconf 84' lang='grc' dir='ltr'><strong>σαπρόν·</strong></span> <span class='ocrx_word' id='word_1_427' title='bbox 2656 2899 2764 2954; x_wconf 80' lang='grc' dir='ltr'><strong>ἀπὸ</strong></span> <span class='ocrx_word' id='word_1_428' title='bbox 2790 2900 2901 2972; x_wconf 80' lang='grc' dir='ltr'><strong>γὰρ</strong></span> <span class='ocrx_word' id='word_1_429' title='bbox 2925 2900 3022 2955; x_wconf 79' lang='grc' dir='ltr'><strong>τοῦ</strong></span> <span class='ocrx_word' id='word_1_430' title='bbox 3051 2905 3280 2975; x_wconf 80' lang='grc' dir='ltr'><strong>καρποῦ</strong></span> <span class='ocrx_word' id='word_1_431' title='bbox 3310 2908 3376 2963; x_wconf 76' lang='grc' dir='ltr'><strong>τὸ</strong></span> <span class='ocrx_word' id='word_1_432' title='bbox 3407 2909 3526 2969; x_wconf 72' lang='grc' dir='ltr'><strong>δέν·</strong></span> 
     </span>
     <span class='ocr_line' id='line_1_54' title="bbox 273 2978 3536 3069; baseline 0.007 -34"><span class='ocrx_word' id='word_1_433' title='bbox 273 2980 456 3035; x_wconf 86' lang='lat' dir='ltr'><strong>Patris</strong></span> <span class='ocrx_word' id='word_1_434' title='bbox 483 2990 567 3036; x_wconf 91' lang='lat' dir='ltr'><strong>est</strong></span> <span class='ocrx_word' id='word_1_435' title='bbox 594 2978 806 3037; x_wconf 76' lang='lat' dir='ltr'><strong>Filius:</strong></span> <span class='ocrx_word' id='word_1_436' title='bbox 839 2980 945 3036; x_wconf 89' lang='lat' dir='ltr'><strong>erit</strong></span> <span class='ocrx_word' id='word_1_437' title='bbox 975 2981 1198 3036; x_wconf 88' lang='lat' dir='ltr'><strong>omnino</strong></span> <span class='ocrx_word' id='word_1_438' title='bbox 1226 2982 1348 3037; x_wconf 85' lang='lat' dir='ltr'><strong>talis</strong></span> <span class='ocrx_word' id='word_1_439' title='bbox 1381 2980 1560 3046; x_wconf 84' lang='lat' dir='ltr'><strong>Pater,</strong></span> <span class='ocrx_word' id='word_1_440' title='bbox 1586 2984 1745 3053; x_wconf 88' lang='lat' dir='ltr'><strong>quale</strong></span> <span class='ocrx_word' id='word_1_441' title='bbox 1768 2993 1852 3042; x_wconf 87' lang='grc' dir='ltr'><strong>εει</strong></span> <span class='ocrx_word' id='word_1_442' title='bbox 1953 2983 2080 3055; x_wconf 89' lang='grc' dir='ltr'><strong>δρον</strong></span> <span class='ocrx_word' id='word_1_443' title='bbox 2120 2985 2463 3054; x_wconf 81' lang='grc' dir='ltr'><strong>γινώσκεται.</strong></span> <span class='ocrx_word' id='word_1_444' title='bbox 2505 3008 2523 3041; x_wconf 72' lang='grc' dir='ltr'><strong>ι</strong></span> <span class='ocrx_word' id='word_1_445' title='bbox 2571 2990 2797 3064; x_wconf 76' lang='grc' dir='ltr'><strong>Καρπὸς</strong></span> <span class='ocrx_word' id='word_1_446' title='bbox 2836 2991 2893 3047; x_wconf 79' lang='grc' dir='ltr'><strong>δὲ</strong></span> <span class='ocrx_word' id='word_1_447' title='bbox 2934 2992 3030 3047; x_wconf 85' lang='grc' dir='ltr'><strong>τοῦ</strong></span> <span class='ocrx_word' id='word_1_448' title='bbox 3062 2995 3286 3069; x_wconf 80' lang='grc' dir='ltr'><strong>Πατρός</strong></span> <span class='ocrx_word' id='word_1_449' title='bbox 3314 3000 3467 3055; x_wconf 66' lang='grc' dir='ltr'><strong>ἐστιν</strong></span> <span class='ocrx_word' id='word_1_450' title='bbox 3495 2995 3536 3058; x_wconf 71' lang='lat'><strong>6·</strong></span> 
     </span>
     <span class='ocr_line' id='line_1_55' title="bbox 280 3054 3525 3167; baseline 0.008 -42"><span class='ocrx_word' id='word_1_451' title='bbox 280 3073 332 3126; x_wconf 86' lang='lat' dir='ltr'><strong>id</strong></span> <span class='ocrx_word' id='word_1_452' title='bbox 361 3072 503 3141; x_wconf 86' lang='lat' dir='ltr'><strong>quod</strong></span> <span class='ocrx_word' id='word_1_453' title='bbox 523 3087 590 3126; x_wconf 83' lang='lat' dir='ltr'><strong>cx</strong></span> <span class='ocrx_word' id='word_1_454' title='bbox 628 3072 744 3141; x_wconf 89' lang='lat' dir='ltr'><strong>ipso</strong></span> <span class='ocrx_word' id='word_1_455' title='bbox 772 3072 1012 3142; x_wconf 84' lang='lat' dir='ltr'><strong>genitum</strong></span> <span class='ocrx_word' id='word_1_456' title='bbox 1044 3083 1148 3128; x_wconf 89' lang='grc' dir='ltr'><strong>εει.</strong></span> <span class='ocrx_word' id='word_1_457' title='bbox 1178 3073 1464 3141; x_wconf 84' lang='lat' dir='ltr'><strong>Quocirca,</strong></span> <span class='ocrx_word' id='word_1_458' title='bbox 1492 3077 1538 3131; x_wconf 91' lang='lat' dir='ltr'><strong>si</strong></span> <span class='ocrx_word' id='word_1_459' title='bbox 1566 3077 1735 3134; x_wconf 82' lang='lat' dir='ltr'><strong>Filius</strong></span> <span class='ocrx_word' id='word_1_460' title='bbox 1761 3089 1844 3135; x_wconf 90' lang='grc' dir='ltr'><strong>εει</strong></span> <span class='ocrx_word' id='word_1_461' title='bbox 1874 3054 1919 3115; x_wconf 74' lang='lat' dir='ltr'>C</span> <span class='ocrx_word' id='word_1_462' title='bbox 1952 3079 2099 3143; x_wconf 74' lang='grc' dir='ltr'><strong>Υἱός·</strong></span> <span class='ocrx_word' id='word_1_463' title='bbox 2135 3080 2374 3145; x_wconf 81' lang='grc' dir='ltr'><strong>τοιοῦτος</strong></span> <span class='ocrx_word' id='word_1_464' title='bbox 2411 3082 2477 3137; x_wconf 81' lang='grc' dir='ltr'><strong>ἂν</strong></span> <span class='ocrx_word' id='word_1_465' title='bbox 2508 3084 2592 3154; x_wconf 70' lang='grc' dir='ltr'><strong>εἴη</strong></span> <span class='ocrx_word' id='word_1_466' title='bbox 2624 3086 2841 3150; x_wconf 74' lang='grc' dir='ltr'><strong>πάντως</strong></span> <span class='ocrx_word' id='word_1_467' title='bbox 2879 3087 3081 3162; x_wconf 74' lang='grc' dir='ltr'><strong>αὐτὸς,</strong></span> <span class='ocrx_word' id='word_1_468' title='bbox 3129 3091 3427 3167; x_wconf 59' lang='lat' dir='ltr'><strong>suetoso-rap</strong></span> <span class='ocrx_word' id='word_1_469' title='bbox 3459 3096 3525 3152; x_wconf 74' lang='grc' dir='ltr'><strong>ἀν</strong></span> 
     </span>
     <span class='ocr_line' id='line_1_56' title="bbox 276 3163 3524 3257; baseline 0.007 -41"><span class='ocrx_word' id='word_1_470' title='bbox 276 3172 547 3228; x_wconf 84' lang='lat' dir='ltr'><strong>creatura,</strong></span> <span class='ocrx_word' id='word_1_471' title='bbox 582 3166 687 3219; x_wconf 89' lang='lat' dir='ltr'><strong>erit</strong></span> <span class='ocrx_word' id='word_1_472' title='bbox 719 3164 822 3218; x_wconf 83' lang='lat' dir='ltr'><strong>ltoc</strong></span> <span class='ocrx_word' id='word_1_473' title='bbox 849 3167 1024 3234; x_wconf 80' lang='lat' dir='ltr'><strong>ipsum</strong></span> <span class='ocrx_word' id='word_1_474' title='bbox 1050 3173 1102 3218; x_wconf 88' lang='lat' dir='ltr'><strong>et</strong></span> <span class='ocrx_word' id='word_1_475' title='bbox 1129 3163 1308 3220; x_wconf 85' lang='lat' dir='ltr'><strong>Pater.</strong></span> <span class='ocrx_word' id='word_1_476' title='bbox 1339 3167 1395 3220; x_wconf 82' lang='lat' dir='ltr'><strong>Si</strong></span> <span class='ocrx_word' id='word_1_477' title='bbox 1419 3181 1551 3223; x_wconf 80' lang='lat' dir='ltr'><strong>vero</strong></span> <span class='ocrx_word' id='word_1_478' title='bbox 1581 3169 1850 3226; x_wconf 89' lang='lat' dir='ltr'><strong>increatus</strong></span> <span class='ocrx_word' id='word_1_479' title='bbox 1951 3169 2185 3240; x_wconf 75' lang='grc' dir='ltr'><strong>ὑπάρχοι</strong></span> <span class='ocrx_word' id='word_1_480' title='bbox 2211 3171 2272 3224; x_wconf 88' lang='grc' dir='ltr'><strong>τὸ</strong></span> <span class='ocrx_word' id='word_1_481' title='bbox 2302 3171 2362 3237; x_wconf 77' lang='grc' dir='ltr'><strong>ἐξ</strong></span> <span class='ocrx_word' id='word_1_482' title='bbox 2378 3174 2542 3228; x_wconf 85' lang='grc' dir='ltr'><strong>αὐτοῦ</strong></span> <span class='ocrx_word' id='word_1_483' title='bbox 2571 3175 2851 3247; x_wconf 83' lang='grc' dir='ltr'><strong>γεννηθέν.</strong></span> <span class='ocrx_word' id='word_1_484' title='bbox 2884 3179 3093 3235; x_wconf 78' lang='grc' dir='ltr'><strong>Οὐκοῦν</strong></span> <span class='ocrx_word' id='word_1_485' title='bbox 3109 3183 3158 3235; x_wconf 83' lang='grc' dir='ltr'><strong>εί</strong></span> <span class='ocrx_word' id='word_1_486' title='bbox 3186 3183 3402 3257; x_wconf 73' lang='grc' dir='ltr'><strong>κτίσμα</strong></span> <span class='ocrx_word' id='word_1_487' title='bbox 3432 3190 3524 3244; x_wconf 68' lang='grc' dir='ltr'><strong>καὶ</strong></span> 
     </span>
     <span class='ocr_line' id='line_1_57' title="bbox 275 3254 3524 3351; baseline 0.007 -42"><span class='ocrx_word' id='word_1_488' title='bbox 275 3263 362 3309; x_wconf 80' lang='grc' dir='ltr'><strong>εει</strong></span> <span class='ocrx_word' id='word_1_489' title='bbox 393 3254 575 3320; x_wconf 81' lang='lat' dir='ltr'><strong>Pater,</strong></span> <span class='ocrx_word' id='word_1_490' title='bbox 621 3256 897 3312; x_wconf 83' lang='lat' dir='ltr'><strong>increatus</strong></span> <span class='ocrx_word' id='word_1_491' title='bbox 937 3270 1152 3328; x_wconf 85' lang='lat' dir='ltr'><strong>quoque</strong></span> <span class='ocrx_word' id='word_1_492' title='bbox 1182 3259 1285 3312; x_wconf 82' lang='lat' dir='ltr'><strong>erit</strong></span> <span class='ocrx_word' id='word_1_493' title='bbox 1314 3256 1481 3313; x_wconf 80' lang='lat' dir='ltr'><strong>Filius</strong></span> <span class='ocrx_word' id='word_1_494' title='bbox 1510 3300 1524 3325; x_wconf 91' lang='lat'><strong>,</strong></span> <span class='ocrx_word' id='word_1_495' title='bbox 1581 3259 1846 3330; x_wconf 80' lang='lat' dir='ltr'><strong>siquidem</strong></span> <span class='ocrx_word' id='word_1_496' title='bbox 1950 3262 2163 3334; x_wconf 84' lang='grc' dir='ltr'><strong>ποίημά</strong></span> <span class='ocrx_word' id='word_1_497' title='bbox 2191 3265 2339 3320; x_wconf 75' lang='grc' dir='ltr'><strong>ἐστιν</strong></span> <span class='ocrx_word' id='word_1_498' title='bbox 2359 3267 2391 3320; x_wconf 84' lang='grc' dir='ltr'><strong>ὀ</strong></span> <span class='ocrx_word' id='word_1_499' title='bbox 2420 3267 2567 3332; x_wconf 80' lang='grc' dir='ltr'><strong>Υἱὸς,</strong></span> <span class='ocrx_word' id='word_1_500' title='bbox 2610 3267 2764 3322; x_wconf 77' lang='grc' dir='ltr'><strong>ἔσται</strong></span> <span class='ocrx_word' id='word_1_501' title='bbox 2794 3270 2949 3324; x_wconf 83' lang='grc' dir='ltr'><strong>τοῦτο</strong></span> <span class='ocrx_word' id='word_1_502' title='bbox 2991 3273 3086 3326; x_wconf 69' lang='grc' dir='ltr'><strong>καὶ</strong></span> <span class='ocrx_word' id='word_1_503' title='bbox 3138 3276 3167 3328; x_wconf 81' lang='grc' dir='ltr'><strong>ό</strong></span> <span class='ocrx_word' id='word_1_504' title='bbox 3212 3276 3434 3351; x_wconf 62' lang='grc' dir='ltr'><strong>Πατήρ.</strong></span> <span class='ocrx_word' id='word_1_505' title='bbox 3461 3281 3524 3339; x_wconf 71' lang='lat' dir='ltr'><strong>t!</strong></span> 
     </span>
    </p>
   </div>
   <div class='ocr_carea' id='block_1_20' title="bbox 276 3347 1144 3417">
    <p class='ocr_par' dir='ltr' id='par_1_20' title="bbox 276 3347 1144 3417">
     <span class='ocr_line' id='line_1_58' title="bbox 276 3347 1144 3417; baseline 0.005 -18"><span class='ocrx_word' id='word_1_506' title='bbox 276 3361 339 3399; x_wconf 76' lang='lat' dir='ltr'><strong>es</strong></span> <span class='ocrx_word' id='word_1_507' title='bbox 381 3347 557 3400; x_wconf 79' lang='lat' dir='ltr'><strong>fructu</strong></span> <span class='ocrx_word' id='word_1_508' title='bbox 591 3348 752 3402; x_wconf 89' lang='lat' dir='ltr'><strong>arbor</strong></span> <span class='ocrx_word' id='word_1_509' title='bbox 783 3348 1144 3417; x_wconf 84' lang='lat' dir='ltr'><strong>cognoscitur.</strong></span> 
     </span>
    </p>
   </div>
   <div class='ocr_carea' id='block_1_21' title="bbox 942 3630 1170 3689">
    <p class='ocr_par' dir='ltr' id='par_1_21' title="bbox 942 3630 1170 3689">
     <span class='ocr_line' id='line_1_59' title="bbox 942 3630 1170 3689; baseline 0.022 -5"><span class='ocrx_word' id='word_1_510' title='bbox 942 3630 1170 3689; x_wconf 75' lang='lat' dir='ltr'><strong>Amul).</strong></span> 
     </span>
    </p>
   </div>
   <div class='ocr_carea' id='block_1_22' title="bbox 268 3743 1845 4358">
    <p class='ocr_par' dir='ltr' id='par_1_22' title="bbox 268 3743 1845 4358">
     <span class='ocr_line' id='line_1_60' title="bbox 343 3743 1845 3815; baseline 0.005 -17"><span class='ocrx_word' id='word_1_511' title='bbox 343 3743 685 3815; x_wconf 81' lang='lat' dir='ltr'><strong>Tempestate</strong></span> <span class='ocrx_word' id='word_1_512' title='bbox 719 3743 772 3797; x_wconf 90' lang='lat' dir='ltr'><strong>in</strong></span> <span class='ocrx_word' id='word_1_513' title='bbox 817 3743 937 3798; x_wconf 90' lang='lat' dir='ltr'><strong>lacu</strong></span> <span class='ocrx_word' id='word_1_514' title='bbox 977 3754 1117 3808; x_wconf 83' lang='lat' dir='ltr'><strong>orta,</strong></span> <span class='ocrx_word' id='word_1_515' title='bbox 1158 3743 1465 3813; x_wconf 86' lang='lat' dir='ltr'><strong>jactabatur</strong></span> <span class='ocrx_word' id='word_1_516' title='bbox 1503 3747 1845 3805; x_wconf 74' lang='lat' dir='ltr'><strong>veliementer</strong></span> 
     </span>
     <span class='ocr_line' id='line_1_61' title="bbox 272 3833 1843 3907; baseline 0.001 -16"><span class='ocrx_word' id='word_1_517' title='bbox 272 3835 472 3906; x_wconf 84' lang='lat' dir='ltr'><strong>scapha</strong></span> <span class='ocrx_word' id='word_1_518' title='bbox 525 3835 576 3889; x_wconf 92' lang='lat' dir='ltr'><strong>in</strong></span> <span class='ocrx_word' id='word_1_519' title='bbox 633 3849 739 3902; x_wconf 86' lang='lat' dir='ltr'><strong>qua</strong></span> <span class='ocrx_word' id='word_1_520' title='bbox 793 3833 1020 3904; x_wconf 86' lang='lat' dir='ltr'><strong>apostoli</strong></span> <span class='ocrx_word' id='word_1_521' title='bbox 1074 3833 1419 3904; x_wconf 77' lang='lat' dir='ltr'><strong>navigabant,</strong></span> <span class='ocrx_word' id='word_1_522' title='bbox 1455 3849 1601 3903; x_wconf 88' lang='lat' dir='ltr'><strong>cum,</strong></span> <span class='ocrx_word' id='word_1_523' title='bbox 1651 3848 1843 3907; x_wconf 88' lang='lat' dir='ltr'><strong>quarta</strong></span> 
     </span>
     <span class='ocr_line' id='line_1_62' title="bbox 274 3892 1842 3995; baseline 0.002 -14"><span class='ocrx_word' id='word_1_524' title='bbox 274 3926 449 3982; x_wconf 86' lang='lat' dir='ltr'><strong>noctis</strong></span> <span class='ocrx_word' id='word_1_525' title='bbox 477 3924 740 3988; x_wconf 83' lang='lat' dir='ltr'><strong>custodia,</strong></span> <span class='ocrx_word' id='word_1_526' title='bbox 779 3933 1032 3995; x_wconf 81' lang='lat' dir='ltr'><strong>tanquam</strong></span> <span class='ocrx_word' id='word_1_527' title='bbox 1066 3940 1161 3995; x_wconf 92' lang='lat' dir='ltr'><strong>per</strong></span> <span class='ocrx_word' id='word_1_528' title='bbox 1195 3892 1392 3981; x_wconf 46' lang='lat' dir='ltr'><strong>terram</strong></span> <span class='ocrx_word' id='word_1_529' title='bbox 1415 3928 1699 3984; x_wconf 84' lang='lat' dir='ltr'><strong>ambulans</strong></span> <span class='ocrx_word' id='word_1_530' title='bbox 1724 3929 1842 3984; x_wconf 91' lang='lat' dir='ltr'><strong>Sal-</strong></span> 
     </span>
     <span class='ocr_line' id='line_1_63' title="bbox 268 4015 1839 4088; baseline 0.003 -18"><span class='ocrx_word' id='word_1_531' title='bbox 268 4028 429 4073; x_wconf 63' lang='lat' dir='ltr'><strong>vator</strong></span> <span class='ocrx_word' id='word_1_532' title='bbox 444 4031 473 4071; x_wconf 90' lang='lat' dir='ltr'><strong>a</strong></span> <span class='ocrx_word' id='word_1_533' title='bbox 497 4016 772 4085; x_wconf 79' lang='lat' dir='ltr'><strong>discipulis</strong></span> <span class='ocrx_word' id='word_1_534' title='bbox 790 4016 1139 4087; x_wconf 86' lang='lat' dir='ltr'><strong>conspicitur.</strong></span> <span class='ocrx_word' id='word_1_535' title='bbox 1159 4015 1401 4083; x_wconf 87' lang='lat' dir='ltr'><strong>Quicum</strong></span> <span class='ocrx_word' id='word_1_536' title='bbox 1423 4033 1543 4074; x_wconf 86' lang='lat' dir='ltr'><strong>sese</strong></span> <span class='ocrx_word' id='word_1_537' title='bbox 1570 4028 1839 4088; x_wconf 85' lang='lat' dir='ltr'><strong>spectrum</strong></span> 
     </span>
     <span class='ocr_line' id='line_1_64' title="bbox 272 4109 1838 4180; baseline 0.001 -16"><span class='ocrx_word' id='word_1_538' title='bbox 272 4109 491 4179; x_wconf 84' lang='lat' dir='ltr'><strong>aliquod</strong></span> <span class='ocrx_word' id='word_1_539' title='bbox 544 4122 768 4165; x_wconf 88' lang='lat' dir='ltr'><strong>cernere</strong></span> <span class='ocrx_word' id='word_1_540' title='bbox 802 4118 1078 4179; x_wconf 89' lang='lat' dir='ltr'><strong>putarent,</strong></span> <span class='ocrx_word' id='word_1_541' title='bbox 1122 4123 1234 4180; x_wconf 82' lang='lat' dir='ltr'><strong>prae</strong></span> <span class='ocrx_word' id='word_1_542' title='bbox 1278 4117 1484 4165; x_wconf 88' lang='lat' dir='ltr'><strong>terrore</strong></span> <span class='ocrx_word' id='word_1_543' title='bbox 1516 4109 1838 4166; x_wconf 85' lang='lat' dir='ltr'><strong>clamarunt.</strong></span> 
     </span>
     <span class='ocr_line' id='line_1_65' title="bbox 268 4198 1836 4271; baseline -0.001 -14"><span class='ocrx_word' id='word_1_544' title='bbox 268 4201 402 4257; x_wconf 80' lang='lat' dir='ltr'><strong>Cum</strong></span> <span class='ocrx_word' id='word_1_545' title='bbox 466 4215 593 4257; x_wconf 74' lang='lat' dir='ltr'><strong>vero</strong></span> <span class='ocrx_word' id='word_1_546' title='bbox 648 4217 742 4257; x_wconf 85' lang='lat' dir='ltr'><strong>eos</strong></span> <span class='ocrx_word' id='word_1_547' title='bbox 807 4201 1075 4254; x_wconf 86' lang='lat' dir='ltr'><strong>animaret</strong></span> <span class='ocrx_word' id='word_1_548' title='bbox 1117 4198 1421 4254; x_wconf 79' lang='lat' dir='ltr'><strong>Salvator:</strong></span> <span class='ocrx_word' id='word_1_549' title='bbox 1476 4217 1496 4252; x_wconf 86' lang='grc' dir='ltr'><strong>ι</strong></span> <span class='ocrx_word' id='word_1_550' title='bbox 1535 4200 1645 4271; x_wconf 84' lang='lat' dir='ltr'><strong>Ego</strong></span> <span class='ocrx_word' id='word_1_551' title='bbox 1697 4216 1836 4267; x_wconf 90' lang='lat' dir='ltr'><strong>snm,</strong></span> 
     </span>
     <span class='ocr_line' id='line_1_66' title="bbox 271 4288 1840 4358; baseline 0.002 -13"><span class='ocrx_word' id='word_1_552' title='bbox 271 4290 438 4345; x_wconf 87' lang='lat' dir='ltr'><strong>nolite</strong></span> <span class='ocrx_word' id='word_1_553' title='bbox 462 4291 671 4355; x_wconf 81' lang='lat' dir='ltr'><strong>timere,</strong></span> <span class='ocrx_word' id='word_1_554' title='bbox 698 4308 717 4342; x_wconf 75' lang='grc' dir='ltr'><strong>ι</strong></span> <span class='ocrx_word' id='word_1_555' title='bbox 756 4291 973 4344; x_wconf 81' lang='lat' dir='ltr'><strong>vixdum</strong></span> <span class='ocrx_word' id='word_1_556' title='bbox 1006 4293 1250 4345; x_wconf 89' lang='lat' dir='ltr'><strong>timorem</strong></span> <span class='ocrx_word' id='word_1_557' title='bbox 1278 4288 1612 4358; x_wconf 81' lang='lat' dir='ltr'><strong>abjecerunt,</strong></span> <span class='ocrx_word' id='word_1_558' title='bbox 1640 4292 1840 4349; x_wconf 88' lang='lat' dir='ltr'><strong>admis-</strong></span> 
     </span>
    </p>
   </div>
   <div class='ocr_carea' id='block_1_23' title="bbox 1946 3353 3522 3623">
    <p class='ocr_par' dir='ltr' id='par_1_23' title="bbox 1946 3353 3522 3623">
     <span class='ocr_line' id='line_1_67' title="bbox 1946 3353 3520 3441; baseline 0.013 -35"><span class='ocrx_word' id='word_1_559' title='bbox 1946 3353 2003 3407; x_wconf 82' lang='grc' dir='ltr'><strong>δὲ</strong></span> <span class='ocrx_word' id='word_1_560' title='bbox 2033 3353 2297 3426; x_wconf 80' lang='grc' dir='ltr'><strong>ἀγένητος</strong></span> <span class='ocrx_word' id='word_1_561' title='bbox 2345 3359 2374 3411; x_wconf 86' lang='grc' dir='ltr'><strong>ὀ</strong></span> <span class='ocrx_word' id='word_1_562' title='bbox 2416 3358 2623 3430; x_wconf 79' lang='grc' dir='ltr'><strong>Πατὴρ,</strong></span> <span class='ocrx_word' id='word_1_563' title='bbox 2654 3361 2917 3433; x_wconf 79' lang='grc' dir='ltr'><strong>ἀγένητος</strong></span> <span class='ocrx_word' id='word_1_564' title='bbox 2955 3362 3111 3424; x_wconf 79' lang='grc' dir='ltr'><strong>ἔσται</strong></span> <span class='ocrx_word' id='word_1_565' title='bbox 3159 3367 3264 3421; x_wconf 74' lang='grc' dir='ltr'><strong>καὶ</strong></span> <span class='ocrx_word' id='word_1_566' title='bbox 3301 3371 3333 3424; x_wconf 81' lang='grc' dir='ltr'><strong>ό</strong></span> <span class='ocrx_word' id='word_1_567' title='bbox 3377 3370 3520 3441; x_wconf 65' lang='grc' dir='ltr'><strong>ης,</strong></span> 
     </span>
     <span class='ocr_line' id='line_1_68' title="bbox 1948 3447 3522 3537; baseline 0.011 -39"><span class='ocrx_word' id='word_1_568' title='bbox 1948 3447 2070 3499; x_wconf 73' lang='grc' dir='ltr'><strong>ἐπεὶ</strong></span> <span class='ocrx_word' id='word_1_569' title='bbox 2104 3447 2245 3500; x_wconf 83' lang='grc' dir='ltr'><strong>κατά</strong></span> <span class='ocrx_word' id='word_1_570' title='bbox 2286 3464 2407 3501; x_wconf 85' lang='grc' dir='ltr'><strong>τινα</strong></span> <span class='ocrx_word' id='word_1_571' title='bbox 2448 3450 2649 3520; x_wconf 81' lang='grc' dir='ltr'><strong>τρόπον</strong></span> <span class='ocrx_word' id='word_1_572' title='bbox 2679 3454 2743 3506; x_wconf 76' lang='grc' dir='ltr'><strong>ὲκ</strong></span> <span class='ocrx_word' id='word_1_573' title='bbox 2788 3453 2881 3506; x_wconf 85' lang='grc' dir='ltr'><strong>τοῦ</strong></span> <span class='ocrx_word' id='word_1_574' title='bbox 2929 3454 3145 3525; x_wconf 83' lang='grc' dir='ltr'><strong>καρποῦ</strong></span> <span class='ocrx_word' id='word_1_575' title='bbox 3199 3458 3269 3513; x_wconf 82' lang='grc' dir='ltr'><strong>τὸ</strong></span> <span class='ocrx_word' id='word_1_576' title='bbox 3310 3460 3522 3537; x_wconf 55' lang='lat' dir='ltr'><strong>m</strong></span> 
     </span>
     <span class='ocr_line' id='line_1_69' title="bbox 1948 3536 2434 3623; baseline 0.006 -33"><span class='ocrx_word' id='word_1_577' title='bbox 1948 3536 2434 3623; x_wconf 66' lang='grc' dir='ltr'><strong>ἐπιγνωσθήσεται.</strong></span> 
     </span>
    </p>
   </div>
   <div class='ocr_carea' id='block_1_24' title="bbox 2633 3656 2832 3713">
    <p class='ocr_par' dir='ltr' id='par_1_24' title="bbox 2633 3656 2832 3713">
     <span class='ocr_line' id='line_1_70' title="bbox 2633 3656 2832 3713; baseline 0.015 -5"><span class='ocrx_word' id='word_1_578' title='bbox 2633 3656 2832 3713; x_wconf 75' lang='grc' dir='ltr'><strong>ΑΛΛΟ.</strong></span> 
     </span>
    </p>
   </div>
   <div class='ocr_carea' id='block_1_25' title="bbox 1940 3759 3510 4400">
    <p class='ocr_par' dir='ltr' id='par_1_25' title="bbox 1940 3759 3510 4400">
     <span class='ocr_line' id='line_1_71' title="bbox 2027 3759 3506 3857; baseline 0.018 -45"><span class='ocrx_word' id='word_1_579' title='bbox 2027 3759 2408 3827; x_wconf 77' lang='grc' dir='ltr'><strong>Ἐὃασανίζετό</strong></span> <span class='ocrx_word' id='word_1_580' title='bbox 2432 3781 2559 3818; x_wconf 88' lang='grc' dir='ltr'><strong>ποτε</strong></span> <span class='ocrx_word' id='word_1_581' title='bbox 2582 3766 2690 3822; x_wconf 91' lang='grc' dir='ltr'><strong>τῶν</strong></span> <span class='ocrx_word' id='word_1_582' title='bbox 2719 3771 3030 3829; x_wconf 73' lang='grc' dir='ltr'><strong>ἀποστόλων</strong></span> <span class='ocrx_word' id='word_1_583' title='bbox 3062 3777 3125 3831; x_wconf 82' lang='grc' dir='ltr'><strong>τὸ</strong></span> <span class='ocrx_word' id='word_1_584' title='bbox 3155 3782 3506 3857; x_wconf 51' lang='lat' dir='ltr'><strong>mman-</strong></span> 
     </span>
     <span class='ocr_line' id='line_1_72' title="bbox 1949 3852 3510 3944; baseline 0.015 -39"><span class='ocrx_word' id='word_1_585' title='bbox 1949 3852 2125 3924; x_wconf 83' lang='grc' dir='ltr'><strong>μῶνος</strong></span> <span class='ocrx_word' id='word_1_586' title='bbox 2153 3853 2305 3918; x_wconf 74' lang='grc' dir='ltr'><strong>ὄντος</strong></span> <span class='ocrx_word' id='word_1_587' title='bbox 2334 3856 2475 3910; x_wconf 74' lang='grc' dir='ltr'><strong>κατὰ</strong></span> <span class='ocrx_word' id='word_1_588' title='bbox 2502 3859 2601 3929; x_wconf 79' lang='grc' dir='ltr'><strong>τὴν</strong></span> <span class='ocrx_word' id='word_1_589' title='bbox 2626 3859 2821 3932; x_wconf 82' lang='grc' dir='ltr'><strong>λίμνην</strong></span> <span class='ocrx_word' id='word_1_590' title='bbox 2848 3864 3104 3935; x_wconf 78' lang='grc' dir='ltr'><strong>σφοδροῦ,</strong></span> <span class='ocrx_word' id='word_1_591' title='bbox 3140 3868 3236 3926; x_wconf 78' lang='grc' dir='ltr'><strong>καὶ</strong></span> <span class='ocrx_word' id='word_1_592' title='bbox 3263 3875 3510 3944; x_wconf 72' lang='grc' dir='ltr'><strong>πνευμό-</strong></span> 
     </span>
     <span class='ocr_line' id='line_1_73' title="bbox 1941 3945 3497 4033; baseline 0.015 -37"><span class='ocrx_word' id='word_1_593' title='bbox 1941 3962 2050 3997; x_wconf 88' lang='grc' dir='ltr'><strong>των</strong></span> <span class='ocrx_word' id='word_1_594' title='bbox 2096 3945 2371 4018; x_wconf 74' lang='grc' dir='ltr'><strong>ἀφορήτου</strong></span> <span class='ocrx_word' id='word_1_595' title='bbox 2401 3946 2521 4016; x_wconf 84' lang='grc' dir='ltr'><strong>βίας</strong></span> <span class='ocrx_word' id='word_1_596' title='bbox 2548 3949 2655 4004; x_wconf 86' lang='grc' dir='ltr'><strong>τῶν</strong></span> <span class='ocrx_word' id='word_1_597' title='bbox 2700 3952 2906 4008; x_wconf 81' lang='grc' dir='ltr'><strong>ὑδάτων</strong></span> <span class='ocrx_word' id='word_1_598' title='bbox 2953 3960 3497 4033; x_wconf 61' lang='grc' dir='ltr'><strong>καταρρηγνυμένων.</strong></span> 
     </span>
     <span class='ocr_line' id='line_1_74' title="bbox 1941 4033 3502 4117; baseline 0.016 -33"><span class='ocrx_word' id='word_1_599' title='bbox 1941 4033 2189 4105; x_wconf 79' lang='grc' dir='ltr'><strong>Τετάρτῃ</strong></span> <span class='ocrx_word' id='word_1_600' title='bbox 2214 4034 2270 4088; x_wconf 84' lang='grc' dir='ltr'><strong>δὲ</strong></span> <span class='ocrx_word' id='word_1_601' title='bbox 2305 4036 2538 4108; x_wconf 79' lang='grc' dir='ltr'><strong>φυλακῇ,</strong></span> <span class='ocrx_word' id='word_1_602' title='bbox 2573 4039 2650 4103; x_wconf 86' lang='grc' dir='ltr'><strong>ῶς</strong></span> <span class='ocrx_word' id='word_1_603' title='bbox 2679 4042 2772 4095; x_wconf 72' lang='grc' dir='ltr'><strong>ἐπὶ</strong></span> <span class='ocrx_word' id='word_1_604' title='bbox 2826 4043 2996 4115; x_wconf 82' lang='grc' dir='ltr'><strong>ξηρᾶς</strong></span> <span class='ocrx_word' id='word_1_605' title='bbox 3026 4046 3261 4117; x_wconf 76' lang='grc' dir='ltr'><strong>βαδίζων</strong></span> <span class='ocrx_word' id='word_1_606' title='bbox 3284 4049 3378 4107; x_wconf 64' lang='grc' dir='ltr'><strong>ἰπὶ</strong></span> <span class='ocrx_word' id='word_1_607' title='bbox 3405 4051 3502 4108; x_wconf 71' lang='grc' dir='ltr'><strong>τοῦ</strong></span> 
     </span>
     <span class='ocr_line' id='line_1_75' title="bbox 1940 4124 3508 4216; baseline 0.014 -39"><span class='ocrx_word' id='word_1_608' title='bbox 1940 4124 2185 4194; x_wconf 77' lang='grc' dir='ltr'><strong>κύματος</strong></span> <span class='ocrx_word' id='word_1_609' title='bbox 2224 4129 2253 4180; x_wconf 84' lang='grc' dir='ltr'>ὁ</span> <span class='ocrx_word' id='word_1_610' title='bbox 2284 4128 2495 4201; x_wconf 80' lang='grc' dir='ltr'><strong>Σωτὴρ,</strong></span> <span class='ocrx_word' id='word_1_611' title='bbox 2531 4133 2671 4185; x_wconf 79' lang='grc' dir='ltr'><strong>κατὰ</strong></span> <span class='ocrx_word' id='word_1_612' title='bbox 2700 4134 2869 4206; x_wconf 81' lang='grc' dir='ltr'><strong>μέσην</strong></span> <span class='ocrx_word' id='word_1_613' title='bbox 2893 4137 2994 4207; x_wconf 83' lang='grc' dir='ltr'><strong>τὴν</strong></span> <span class='ocrx_word' id='word_1_614' title='bbox 3020 4138 3220 4213; x_wconf 80' lang='grc' dir='ltr'><strong>λίμνην</strong></span> <span class='ocrx_word' id='word_1_615' title='bbox 3255 4144 3374 4211; x_wconf 69' lang='grc' dir='ltr'><strong>τοῖς</strong></span> <span class='ocrx_word' id='word_1_616' title='bbox 3405 4160 3508 4216; x_wconf 72' lang='grc' dir='ltr'><strong>μα·</strong></span> 
     </span>
     <span class='ocr_line' id='line_1_76' title="bbox 1941 4215 3507 4309; baseline 0.015 -41"><span class='ocrx_word' id='word_1_617' title='bbox 1941 4215 2129 4288; x_wconf 80' lang='grc' dir='ltr'><strong>θηταῖς</strong></span> <span class='ocrx_word' id='word_1_618' title='bbox 2182 4219 2547 4288; x_wconf 79' lang='grc' dir='ltr'><strong>ἐπιφαίνεται.</strong></span> <span class='ocrx_word' id='word_1_619' title='bbox 2583 4225 2647 4277; x_wconf 78' lang='lat' dir='ltr'><strong>Oi</strong></span> <span class='ocrx_word' id='word_1_620' title='bbox 2695 4225 2751 4278; x_wconf 87' lang='grc' dir='ltr'><strong>δὲ</strong></span> <span class='ocrx_word' id='word_1_621' title='bbox 2794 4227 3087 4300; x_wconf 83' lang='grc' dir='ltr'><strong>φάντασμα</strong></span> <span class='ocrx_word' id='word_1_622' title='bbox 3132 4231 3357 4303; x_wconf 71' lang='grc' dir='ltr'><strong>βλέπειν</strong></span> <span class='ocrx_word' id='word_1_623' title='bbox 3389 4237 3507 4309; x_wconf 65' lang='grc' dir='ltr'><strong>οἰη-</strong></span> 
     </span>
     <span class='ocr_line' id='line_1_77' title="bbox 1940 4303 3506 4400; baseline 0.015 -43"><span class='ocrx_word' id='word_1_624' title='bbox 1940 4303 2162 4371; x_wconf 83' lang='grc' dir='ltr'><strong>θέντες,</strong></span> <span class='ocrx_word' id='word_1_625' title='bbox 2212 4307 2316 4361; x_wconf 83' lang='grc' dir='ltr'><strong>ὑπὸ</strong></span> <span class='ocrx_word' id='word_1_626' title='bbox 2362 4309 2457 4363; x_wconf 84' lang='grc' dir='ltr'><strong>τοῦ</strong></span> <span class='ocrx_word' id='word_1_627' title='bbox 2502 4311 2656 4378; x_wconf 87' lang='grc' dir='ltr'><strong>δέους</strong></span> <span class='ocrx_word' id='word_1_628' title='bbox 2693 4313 2943 4385; x_wconf 76' lang='grc' dir='ltr'><strong>ἔκραζον.</strong></span> <span class='ocrx_word' id='word_1_629' title='bbox 2984 4318 3073 4382; x_wconf 85' lang='grc' dir='ltr'><strong>Ὦς</strong></span> <span class='ocrx_word' id='word_1_630' title='bbox 3120 4319 3180 4374; x_wconf 75' lang='grc' dir='ltr'><strong>δὲ</strong></span> <span class='ocrx_word' id='word_1_631' title='bbox 3227 4324 3506 4400; x_wconf 68' lang='grc' dir='ltr'><strong>παρεθάρ-</strong></span> 
     </span>
    </p>
   </div>
   <div class='ocr_carea' id='block_1_26' title="bbox 271 4380 3506 4485">
    <p class='ocr_par' dir='ltr' id='par_1_26' title="bbox 271 4380 3506 4485">
     <span class='ocr_line' id='line_1_78' title="bbox 271 4380 3506 4485; baseline 0.01 -51"><span class='ocrx_word' id='word_1_632' title='bbox 271 4395 437 4454; x_wconf 82' lang='lat' dir='ltr'><strong>soque</strong></span> <span class='ocrx_word' id='word_1_633' title='bbox 468 4380 584 4449; x_wconf 85' lang='lat' dir='ltr'><strong>ipso</strong></span> <span class='ocrx_word' id='word_1_634' title='bbox 627 4381 679 4436; x_wconf 90' lang='lat' dir='ltr'><strong>in</strong></span> <span class='ocrx_word' id='word_1_635' title='bbox 718 4383 1000 4451; x_wconf 81' lang='lat' dir='ltr'><strong>scapham,</strong></span> <span class='ocrx_word' id='word_1_636' title='bbox 1028 4380 1330 4447; x_wconf 78' lang='lat' dir='ltr'><strong>confestim,</strong></span> <span class='ocrx_word' id='word_1_637' title='bbox 1361 4380 1554 4452; x_wconf 90' lang='lat' dir='ltr'><strong>inquit,</strong></span> <span class='ocrx_word' id='word_1_638' title='bbox 1592 4384 1833 4440; x_wconf 78' lang='lat' dir='ltr'><strong>subsedit</strong></span> <span class='ocrx_word' id='word_1_639' title='bbox 1862 4397 1907 4452; x_wconf 81' lang='lat' dir='ltr'>D</span> <span class='ocrx_word' id='word_1_640' title='bbox 1937 4410 2094 4448; x_wconf 86' lang='grc' dir='ltr'><strong>συνεν</strong></span> <span class='ocrx_word' id='word_1_641' title='bbox 2122 4397 2320 4460; x_wconf 76' lang='grc' dir='ltr'><strong>αὐτοὺς</strong></span> <span class='ocrx_word' id='word_1_642' title='bbox 2360 4400 2389 4452; x_wconf 83' lang='grc' dir='ltr'><strong>ὀ</strong></span> <span class='ocrx_word' id='word_1_643' title='bbox 2422 4399 2616 4471; x_wconf 79' lang='grc' dir='ltr'><strong>Σωτὴρ</strong></span> <span class='ocrx_word' id='word_1_644' title='bbox 2638 4401 2814 4471; x_wconf 79' lang='grc' dir='ltr'><strong>λέγων</strong></span> <span class='ocrx_word' id='word_1_645' title='bbox 2836 4445 2852 4471; x_wconf 90' lang='grc'><strong>,</strong></span> <span class='ocrx_word' id='word_1_646' title='bbox 2890 4424 2909 4456; x_wconf 82' lang='grc' dir='ltr'><strong>ι</strong></span> <span class='ocrx_word' id='word_1_647' title='bbox 2950 4406 3093 4476; x_wconf 78' lang='grc' dir='ltr'><strong>Ἐγὼ</strong></span> <span class='ocrx_word' id='word_1_648' title='bbox 3118 4412 3263 4482; x_wconf 79' lang='grc' dir='ltr'><strong>ειμι,</strong></span> <span class='ocrx_word' id='word_1_649' title='bbox 3297 4412 3378 4485; x_wconf 73' lang='grc' dir='ltr'><strong>μὴ</strong></span> <span class='ocrx_word' id='word_1_650' title='bbox 3409 4430 3506 4485; x_wconf 70' lang='grc' dir='ltr'><strong>φο-</strong></span> 
     </span>
    </p>
   </div>
   <div class='ocr_carea' id='block_1_27' title="bbox 259 4470 1836 5272">
    <p class='ocr_par' dir='ltr' id='par_1_27' title="bbox 259 4470 1836 5272">
     <span class='ocr_line' id='line_1_79' title="bbox 272 4470 1835 4542; baseline 0.005 -20"><span class='ocrx_word' id='word_1_651' title='bbox 272 4481 483 4527; x_wconf 75' lang='grc' dir='ltr'><strong>ιεηιυε.</strong></span> <span class='ocrx_word' id='word_1_652' title='bbox 512 4470 580 4526; x_wconf 78' lang='lat' dir='ltr'><strong>Et</strong></span> <span class='ocrx_word' id='word_1_653' title='bbox 603 4472 693 4542; x_wconf 88' lang='lat' dir='ltr'><strong>qui</strong></span> <span class='ocrx_word' id='word_1_654' title='bbox 727 4478 885 4527; x_wconf 84' lang='lat' dir='ltr'><strong>erant</strong></span> <span class='ocrx_word' id='word_1_655' title='bbox 911 4471 963 4525; x_wconf 88' lang='lat' dir='ltr'><strong>in</strong></span> <span class='ocrx_word' id='word_1_656' title='bbox 997 4470 1241 4526; x_wconf 82' lang='lat' dir='ltr'><strong>navicula</strong></span> <span class='ocrx_word' id='word_1_657' title='bbox 1269 4472 1560 4528; x_wconf 86' lang='lat' dir='ltr'><strong>adorarunt</strong></span> <span class='ocrx_word' id='word_1_658' title='bbox 1585 4487 1708 4528; x_wconf 91' lang='lat' dir='ltr'><strong>eum</strong></span> <span class='ocrx_word' id='word_1_659' title='bbox 1755 4475 1835 4530; x_wconf 84' lang='lat' dir='ltr'><strong>‹ti-</strong></span> 
     </span>
     <span class='ocr_line' id='line_1_80' title="bbox 267 4558 1834 4633; baseline 0.003 -19"><span class='ocrx_word' id='word_1_660' title='bbox 267 4572 452 4618; x_wconf 86' lang='lat' dir='ltr'><strong>centes</strong></span> <span class='ocrx_word' id='word_1_661' title='bbox 479 4580 494 4616; x_wconf 85' lang='lat'>:</span> <span class='ocrx_word' id='word_1_662' title='bbox 527 4580 545 4614; x_wconf 82' lang='grc' dir='ltr'><strong>ι</strong></span> <span class='ocrx_word' id='word_1_663' title='bbox 575 4562 713 4617; x_wconf 68' lang='lat' dir='ltr'><strong>Vere</strong></span> <span class='ocrx_word' id='word_1_664' title='bbox 747 4559 917 4616; x_wconf 75' lang='lat' dir='ltr'><strong>Filius</strong></span> <span class='ocrx_word' id='word_1_665' title='bbox 942 4558 1037 4616; x_wconf 88' lang='lat' dir='ltr'><strong>Dei</strong></span> <span class='ocrx_word' id='word_1_666' title='bbox 1066 4575 1127 4617; x_wconf 88' lang='lat' dir='ltr'><strong>es</strong></span> <span class='ocrx_word' id='word_1_667' title='bbox 1157 4571 1214 4616; x_wconf 92' lang='lat' dir='ltr'><strong>tu</strong></span> <span class='ocrx_word' id='word_1_668' title='bbox 1235 4562 1304 4615; x_wconf 81' lang='lat'><strong>⁸⁸.</strong></span> <span class='ocrx_word' id='word_1_669' title='bbox 1339 4580 1360 4614; x_wconf 75' lang='grc' dir='ltr'><strong>ι</strong></span> <span class='ocrx_word' id='word_1_670' title='bbox 1391 4562 1529 4630; x_wconf 87' lang='lat' dir='ltr'><strong>Quid</strong></span> <span class='ocrx_word' id='word_1_671' title='bbox 1560 4564 1721 4633; x_wconf 86' lang='lat' dir='ltr'><strong>igitur</strong></span> <span class='ocrx_word' id='word_1_672' title='bbox 1752 4563 1834 4618; x_wconf 90' lang='lat' dir='ltr'><strong>di-</strong></span> 
     </span>
     <span class='ocr_line' id='line_1_81' title="bbox 269 4652 1836 4720; baseline 0.001 -14"><span class='ocrx_word' id='word_1_673' title='bbox 269 4663 395 4707; x_wconf 88' lang='lat' dir='ltr'><strong>cent</strong></span> <span class='ocrx_word' id='word_1_674' title='bbox 423 4652 672 4709; x_wconf 78' lang='lat' dir='ltr'><strong>veritatis</strong></span> <span class='ocrx_word' id='word_1_675' title='bbox 698 4656 903 4716; x_wconf 81' lang='lat' dir='ltr'><strong>hostes,</strong></span> <span class='ocrx_word' id='word_1_676' title='bbox 928 4663 979 4707; x_wconf 88' lang='lat' dir='ltr'><strong>et</strong></span> <span class='ocrx_word' id='word_1_677' title='bbox 1005 4668 1101 4707; x_wconf 88' lang='lat' dir='ltr'><strong>sua</strong></span> <span class='ocrx_word' id='word_1_678' title='bbox 1137 4661 1344 4708; x_wconf 87' lang='lat' dir='ltr'><strong>tantum</strong></span> <span class='ocrx_word' id='word_1_679' title='bbox 1370 4655 1577 4709; x_wconf 90' lang='lat' dir='ltr'><strong>somnia</strong></span> <span class='ocrx_word' id='word_1_680' title='bbox 1607 4669 1836 4720; x_wconf 87' lang='lat' dir='ltr'><strong>sequen-</strong></span> 
     </span>
     <span class='ocr_line' id='line_1_82' title="bbox 269 4744 1828 4812; baseline 0.001 -15"><span class='ocrx_word' id='word_1_681' title='bbox 269 4755 370 4809; x_wconf 82' lang='lat' dir='ltr'><strong>tes,</strong></span> <span class='ocrx_word' id='word_1_682' title='bbox 422 4758 545 4799; x_wconf 89' lang='lat' dir='ltr'><strong>cum</strong></span> <span class='ocrx_word' id='word_1_683' title='bbox 588 4744 802 4800; x_wconf 86' lang='lat' dir='ltr'><strong>videant</strong></span> <span class='ocrx_word' id='word_1_684' title='bbox 859 4749 1168 4798; x_wconf 79' lang='lat' dir='ltr'><strong>universum</strong></span> <span class='ocrx_word' id='word_1_685' title='bbox 1209 4745 1573 4812; x_wconf 84' lang='lat' dir='ltr'><strong>apostolorum</strong></span> <span class='ocrx_word' id='word_1_686' title='bbox 1629 4757 1828 4801; x_wconf 87' lang='lat' dir='ltr'><strong>coetum</strong></span> 
     </span>
     <span class='ocr_line' id='line_1_83' title="bbox 259 4834 1831 4905; baseline -0.001 -14"><span class='ocrx_word' id='word_1_687' title='bbox 259 4835 427 4891; x_wconf 85' lang='lat' dir='ltr'><strong>simul</strong></span> <span class='ocrx_word' id='word_1_688' title='bbox 464 4837 692 4892; x_wconf 83' lang='lat' dir='ltr'><strong>adorare</strong></span> <span class='ocrx_word' id='word_1_689' title='bbox 728 4836 895 4891; x_wconf 75' lang='lat' dir='ltr'><strong>lilium</strong></span> <span class='ocrx_word' id='word_1_690' title='bbox 939 4843 997 4890; x_wconf 90' lang='lat' dir='ltr'><strong>ut</strong></span> <span class='ocrx_word' id='word_1_691' title='bbox 1042 4835 1228 4897; x_wconf 87' lang='lat' dir='ltr'><strong>Deum,</strong></span> <span class='ocrx_word' id='word_1_692' title='bbox 1266 4844 1322 4890; x_wconf 90' lang='grc' dir='ltr'><strong>ει</strong></span> <span class='ocrx_word' id='word_1_693' title='bbox 1357 4834 1706 4905; x_wconf 81' lang='lat' dir='ltr'><strong>jurejurando</strong></span> <span class='ocrx_word' id='word_1_694' title='bbox 1735 4835 1831 4889; x_wconf 87' lang='lat' dir='ltr'><strong>ad·</strong></span> 
     </span>
     <span class='ocr_line' id='line_1_84' title="bbox 264 4924 1828 4982; baseline 0 -3"><span class='ocrx_word' id='word_1_695' title='bbox 264 4925 434 4980; x_wconf 83' lang='lat' dir='ltr'><strong>bibito</strong></span> <span class='ocrx_word' id='word_1_696' title='bbox 462 4924 675 4980; x_wconf 81' lang='lat' dir='ltr'><strong>uicere:</strong></span> <span class='ocrx_word' id='word_1_697' title='bbox 708 4944 726 4976; x_wconf 78' lang='grc' dir='ltr'><strong>ι</strong></span> <span class='ocrx_word' id='word_1_698' title='bbox 756 4927 892 4981; x_wconf 75' lang='lat' dir='ltr'><strong>Vere</strong></span> <span class='ocrx_word' id='word_1_699' title='bbox 912 4927 1078 4982; x_wconf 81' lang='lat' dir='ltr'><strong>Filius</strong></span> <span class='ocrx_word' id='word_1_700' title='bbox 1106 4924 1201 4981; x_wconf 83' lang='lat' dir='ltr'><strong>Dei</strong></span> <span class='ocrx_word' id='word_1_701' title='bbox 1224 4940 1282 4981; x_wconf 89' lang='lat' dir='ltr'><strong>es</strong></span> <span class='ocrx_word' id='word_1_702' title='bbox 1317 4926 1410 4980; x_wconf 74' lang='lat' dir='ltr'><strong>tui</strong></span> <span class='ocrx_word' id='word_1_703' title='bbox 1437 4945 1456 4978; x_wconf 73' lang='grc' dir='ltr'><strong>ι</strong></span> <span class='ocrx_word' id='word_1_704' title='bbox 1488 4925 1828 4981; x_wconf 73' lang='lat' dir='ltr'><strong>Manifestum</strong></span> 
     </span>
     <span class='ocr_line' id='line_1_85' title="bbox 263 5015 1825 5089; baseline 0.001 -19"><span class='ocrx_word' id='word_1_705' title='bbox 263 5018 410 5087; x_wconf 86' lang='lat' dir='ltr'><strong>quod</strong></span> <span class='ocrx_word' id='word_1_706' title='bbox 440 5027 495 5072; x_wconf 91' lang='lat' dir='ltr'><strong>et</strong></span> <span class='ocrx_word' id='word_1_707' title='bbox 528 5017 689 5072; x_wconf 87' lang='lat' dir='ltr'><strong>Deus.</strong></span> <span class='ocrx_word' id='word_1_708' title='bbox 721 5015 855 5072; x_wconf 84' lang='lat' dir='ltr'><strong>Nam</strong></span> <span class='ocrx_word' id='word_1_709' title='bbox 899 5021 967 5082; x_wconf 91' lang='lat' dir='ltr'><strong>si,</strong></span> <span class='ocrx_word' id='word_1_710' title='bbox 1002 5027 1059 5075; x_wconf 84' lang='lat' dir='ltr'><strong>ut</strong></span> <span class='ocrx_word' id='word_1_711' title='bbox 1095 5019 1191 5089; x_wconf 91' lang='lat' dir='ltr'><strong>ipsi</strong></span> <span class='ocrx_word' id='word_1_712' title='bbox 1231 5019 1538 5088; x_wconf 85' lang='lat' dir='ltr'><strong>opinantur,</strong></span> <span class='ocrx_word' id='word_1_713' title='bbox 1573 5028 1825 5073; x_wconf 80' lang='lat' dir='ltr'><strong>creatura</strong></span> 
     </span>
     <span class='ocr_line' id='line_1_86' title="bbox 263 5109 1824 5178; baseline 0.003 -17"><span class='ocrx_word' id='word_1_714' title='bbox 263 5117 368 5174; x_wconf 87' lang='lat' dir='ltr'><strong>cst,</strong></span> <span class='ocrx_word' id='word_1_715' title='bbox 418 5109 688 5178; x_wconf 85' lang='lat' dir='ltr'><strong>quomodo</strong></span> <span class='ocrx_word' id='word_1_716' title='bbox 724 5109 794 5162; x_wconf 87' lang='lat' dir='ltr'><strong>sit</strong></span> <span class='ocrx_word' id='word_1_717' title='bbox 841 5124 964 5164; x_wconf 72' lang='lat' dir='ltr'><strong>vere</strong></span> <span class='ocrx_word' id='word_1_718' title='bbox 996 5109 1164 5165; x_wconf 80' lang='lat' dir='ltr'><strong>Filius</strong></span> <span class='ocrx_word' id='word_1_719' title='bbox 1195 5111 1328 5165; x_wconf 79' lang='lat' dir='ltr'><strong>Dei?</strong></span> <span class='ocrx_word' id='word_1_720' title='bbox 1371 5110 1514 5165; x_wconf 81' lang='lat' dir='ltr'><strong>Fieri</strong></span> <span class='ocrx_word' id='word_1_721' title='bbox 1543 5110 1685 5166; x_wconf 90' lang='lat' dir='ltr'><strong>enim</strong></span> <span class='ocrx_word' id='word_1_722' title='bbox 1721 5125 1824 5165; x_wconf 90' lang='lat' dir='ltr'><strong>non</strong></span> 
     </span>
     <span class='ocr_line' id='line_1_87' title="bbox 262 5197 1823 5272; baseline 0.004 -22"><span class='ocrx_word' id='word_1_723' title='bbox 262 5208 442 5267; x_wconf 84' lang='lat' dir='ltr'><strong>potest</strong></span> <span class='ocrx_word' id='word_1_724' title='bbox 475 5206 534 5254; x_wconf 85' lang='grc' dir='ltr'><strong>υι</strong></span> <span class='ocrx_word' id='word_1_725' title='bbox 563 5197 654 5267; x_wconf 89' lang='lat' dir='ltr'><strong>qui</strong></span> <span class='ocrx_word' id='word_1_726' title='bbox 699 5214 802 5254; x_wconf 86' lang='lat' dir='ltr'><strong>non</strong></span> <span class='ocrx_word' id='word_1_727' title='bbox 849 5214 914 5253; x_wconf 86' lang='lat' dir='ltr'><strong>cx</strong></span> <span class='ocrx_word' id='word_1_728' title='bbox 954 5200 1136 5272; x_wconf 86' lang='lat' dir='ltr'><strong>aliquo</strong></span> <span class='ocrx_word' id='word_1_729' title='bbox 1180 5201 1496 5258; x_wconf 87' lang='lat' dir='ltr'><strong>naturaliter</strong></span> <span class='ocrx_word' id='word_1_730' title='bbox 1538 5202 1823 5271; x_wconf 85' lang='lat' dir='ltr'><strong>processit,</strong></span> 
     </span>
    </p>
   </div>
   <div class='ocr_carea' id='block_1_28' title="bbox 261 5289 1826 5451">
    <p class='ocr_par' dir='ltr' id='par_1_28' title="bbox 261 5289 1826 5451">
     <span class='ocr_line' id='line_1_88' title="bbox 261 5289 1826 5360; baseline 0.004 -18"><span class='ocrx_word' id='word_1_731' title='bbox 261 5304 439 5357; x_wconf 80' lang='lat' dir='ltr'><strong>neque</strong></span> <span class='ocrx_word' id='word_1_732' title='bbox 468 5289 713 5358; x_wconf 80' lang='lat' dir='ltr'><strong>ejusdem</strong></span> <span class='ocrx_word' id='word_1_733' title='bbox 742 5306 864 5345; x_wconf 90' lang='lat' dir='ltr'><strong>cum</strong></span> <span class='ocrx_word' id='word_1_734' title='bbox 891 5293 1135 5360; x_wconf 86' lang='lat' dir='ltr'><strong>geniture</strong></span> <span class='ocrx_word' id='word_1_735' title='bbox 1163 5309 1261 5349; x_wconf 92' lang='lat' dir='ltr'><strong>suo</strong></span> <span class='ocrx_word' id='word_1_736' title='bbox 1282 5294 1596 5348; x_wconf 75' lang='lat' dir='ltr'><strong>substantiae</strong></span> <span class='ocrx_word' id='word_1_737' title='bbox 1628 5303 1732 5358; x_wconf 89' lang='lat' dir='ltr'><strong>est,</strong></span> <span class='ocrx_word' id='word_1_738' title='bbox 1756 5294 1826 5349; x_wconf 86' lang='lat' dir='ltr'><strong>sit</strong></span> 
     </span>
     <span class='ocr_line' id='line_1_89' title="bbox 261 5376 1822 5451; baseline 0.006 -23"><span class='ocrx_word' id='word_1_739' title='bbox 261 5387 382 5429; x_wconf 69' lang='lat' dir='ltr'><strong>ure</strong></span> <span class='ocrx_word' id='word_1_740' title='bbox 419 5377 578 5432; x_wconf 86' lang='lat' dir='ltr'><strong>lilius.</strong></span> <span class='ocrx_word' id='word_1_741' title='bbox 614 5376 683 5432; x_wconf 80' lang='grc' dir='ltr'><strong>Λι</strong></span> <span class='ocrx_word' id='word_1_742' title='bbox 712 5393 843 5434; x_wconf 78' lang='lat' dir='ltr'><strong>vero</strong></span> <span class='ocrx_word' id='word_1_743' title='bbox 880 5379 923 5433; x_wconf 87' lang='lat' dir='ltr'><strong>si</strong></span> <span class='ocrx_word' id='word_1_744' title='bbox 965 5387 1216 5434; x_wconf 85' lang='lat' dir='ltr'><strong>errarunt</strong></span> <span class='ocrx_word' id='word_1_745' title='bbox 1258 5381 1504 5451; x_wconf 87' lang='lat' dir='ltr'><strong>discipuli</strong></span> <span class='ocrx_word' id='word_1_746' title='bbox 1563 5396 1683 5437; x_wconf 85' lang='lat' dir='ltr'><strong>cum</strong></span> <span class='ocrx_word' id='word_1_747' title='bbox 1722 5384 1822 5439; x_wconf 84' lang='lat' dir='ltr'><strong>ltoc</strong></span> 
     </span>
    </p>
   </div>
   <div class='ocr_carea' id='block_1_29' title="bbox 264 5465 1819 5543">
    <p class='ocr_par' dir='ltr' id='par_1_29' title="bbox 264 5465 1819 5543">
     <span class='ocr_line' id='line_1_90' title="bbox 264 5465 1819 5543; baseline 0.003 -21"><span class='ocrx_word' id='word_1_748' title='bbox 264 5465 520 5530; x_wconf 57' lang='lat' dir='ltr'><strong>§tert-ut,</strong></span> <span class='ocrx_word' id='word_1_749' title='bbox 551 5471 817 5537; x_wconf 88' lang='lat' dir='ltr'><strong>quomodo</strong></span> <span class='ocrx_word' id='word_1_750' title='bbox 851 5470 1099 5526; x_wconf 82' lang='lat' dir='ltr'><strong>Salvator</strong></span> <span class='ocrx_word' id='word_1_751' title='bbox 1131 5473 1315 5536; x_wconf 86' lang='lat' dir='ltr'><strong>tacuit,</strong></span> <span class='ocrx_word' id='word_1_752' title='bbox 1350 5490 1640 5543; x_wconf 81' lang='lat' dir='ltr'><strong>corumque</strong></span> <span class='ocrx_word' id='word_1_753' title='bbox 1669 5490 1819 5528; x_wconf 87' lang='lat' dir='ltr'><strong>erro-</strong></span> 
     </span>
    </p>
   </div>
   <div class='ocr_carea' id='block_1_30' title="bbox 342 5643 896 5710">
    <p class='ocr_par' dir='ltr' id='par_1_30' title="bbox 342 5643 896 5710">
     <span class='ocr_line' id='line_1_91' title="bbox 342 5643 896 5710; baseline 0.005 -11"><span class='ocrx_word' id='word_1_754' title='bbox 342 5644 377 5675; x_wconf 80' lang='lat'><strong>&#39;&#39;¹</strong></span> <span class='ocrx_word' id='word_1_755' title='bbox 418 5643 605 5699; x_wconf 69' lang='lat' dir='ltr'><strong>laub.</strong></span> <span class='ocrx_word' id='word_1_756' title='bbox 637 5660 732 5709; x_wconf 81' lang='lat' dir='ltr'><strong>xu,</strong></span> <span class='ocrx_word' id='word_1_757' title='bbox 769 5646 819 5710; x_wconf 72' lang='lat'><strong>5,</strong></span> <span class='ocrx_word' id='word_1_758' title='bbox 845 5647 896 5702; x_wconf 77' lang='lat' dir='ltr'><strong>G.</strong></span> 
     </span>
    </p>
   </div>
   <div class='ocr_carea' id='block_1_31' title="bbox 972 5649 1896 5714">
    <p class='ocr_par' dir='ltr' id='par_1_31' title="bbox 972 5649 1896 5714">
     <span class='ocr_line' id='line_1_92' title="bbox 972 5649 1896 5714; baseline 0.004 -11"><span class='ocrx_word' id='word_1_759' title='bbox 972 5650 1019 5679; x_wconf 79' lang='lat'><strong>⁸⁸</strong></span> <span class='ocrx_word' id='word_1_760' title='bbox 1048 5651 1202 5703; x_wconf 76' lang='lat' dir='ltr'><strong>llottt.</strong></span> <span class='ocrx_word' id='word_1_761' title='bbox 1235 5665 1308 5711; x_wconf 66' lang='lat' dir='ltr'><strong>vt,</strong></span> <span class='ocrx_word' id='word_1_762' title='bbox 1351 5649 1444 5711; x_wconf 78' lang='lat' dir='ltr'><strong>t5;</strong></span> <span class='ocrx_word' id='word_1_763' title='bbox 1476 5649 1661 5705; x_wconf 61' lang='lat' dir='ltr'><strong>mun.</strong></span> <span class='ocrx_word' id='word_1_764' title='bbox 1711 5669 1782 5714; x_wconf 76' lang='lat' dir='ltr'><strong>tv,</strong></span> <span class='ocrx_word' id='word_1_765' title='bbox 1818 5652 1896 5707; x_wconf 79' lang='lat' dir='ltr'><strong>ll).</strong></span> 
     </span>
    </p>
   </div>
   <div class='ocr_carea' id='block_1_32' title="bbox 1933 4485 3507 4938">
    <p class='ocr_par' dir='ltr' id='par_1_32' title="bbox 1933 4485 3507 4938">
     <span class='ocr_line' id='line_1_93' title="bbox 1937 4485 3507 4578; baseline 0.017 -41"><span class='ocrx_word' id='word_1_766' title='bbox 1937 4485 2171 4549; x_wconf 76' lang='grc' dir='ltr'><strong>6εἰσθε,»</strong></span> <span class='ocrx_word' id='word_1_767' title='bbox 2195 4489 2351 4558; x_wconf 81' lang='grc' dir='ltr'><strong>μόγις</strong></span> <span class='ocrx_word' id='word_1_768' title='bbox 2386 4490 2484 4561; x_wconf 81' lang='grc' dir='ltr'><strong>μὲν</strong></span> <span class='ocrx_word' id='word_1_769' title='bbox 2511 4493 2604 4546; x_wconf 86' lang='grc' dir='ltr'><strong>τὸν</strong></span> <span class='ocrx_word' id='word_1_770' title='bbox 2632 4493 2795 4562; x_wconf 80' lang='grc' dir='ltr'><strong>φόδον</strong></span> <span class='ocrx_word' id='word_1_771' title='bbox 2824 4496 3144 4567; x_wconf 75' lang='grc' dir='ltr'><strong>ἐξέπτυσαν,</strong></span> <span class='ocrx_word' id='word_1_772' title='bbox 3169 4505 3507 4578; x_wconf 68' lang='grc' dir='ltr'><strong>εἰσδέχονται</strong></span> 
     </span>
     <span class='ocr_line' id='line_1_94' title="bbox 1933 4577 3504 4670; baseline 0.014 -40"><span class='ocrx_word' id='word_1_773' title='bbox 1933 4577 1991 4630; x_wconf 85' lang='grc' dir='ltr'><strong>δὲ</strong></span> <span class='ocrx_word' id='word_1_774' title='bbox 2038 4577 2200 4630; x_wconf 81' lang='grc' dir='ltr'><strong>αὐτὸν</strong></span> <span class='ocrx_word' id='word_1_775' title='bbox 2245 4580 2325 4644; x_wconf 80' lang='grc' dir='ltr'><strong>εἰς</strong></span> <span class='ocrx_word' id='word_1_776' title='bbox 2366 4580 2427 4634; x_wconf 85' lang='grc' dir='ltr'><strong>τὸ</strong></span> <span class='ocrx_word' id='word_1_777' title='bbox 2474 4582 2701 4652; x_wconf 81' lang='grc' dir='ltr'><strong>σκάφος,</strong></span> <span class='ocrx_word' id='word_1_778' title='bbox 2751 4587 2845 4640; x_wconf 80' lang='grc' dir='ltr'><strong>καὶ</strong></span> <span class='ocrx_word' id='word_1_779' title='bbox 2893 4591 3263 4663; x_wconf 79' lang='grc' dir='ltr'><strong>παραχρῆμα,</strong></span> <span class='ocrx_word' id='word_1_780' title='bbox 3313 4596 3504 4670; x_wconf 64' lang='grc' dir='ltr'><strong>φησιν,</strong></span> 
     </span>
     <span class='ocr_line' id='line_1_95' title="bbox 1937 4667 3503 4759; baseline 0.012 -39"><span class='ocrx_word' id='word_1_781' title='bbox 1937 4667 2206 4723; x_wconf 74' lang='grc' dir='ltr'><strong>ἐκόπασεν</strong></span> <span class='ocrx_word' id='word_1_782' title='bbox 2236 4671 2264 4722; x_wconf 87' lang='grc' dir='ltr'><strong>ό</strong></span> <span class='ocrx_word' id='word_1_783' title='bbox 2291 4671 2507 4741; x_wconf 79' lang='grc' dir='ltr'><strong>ἄνεμος.</strong></span> <span class='ocrx_word' id='word_1_784' title='bbox 2531 4675 2594 4727; x_wconf 81' lang='grc' dir='ltr'><strong>Οἱ</strong></span> <span class='ocrx_word' id='word_1_785' title='bbox 2620 4674 2676 4728; x_wconf 73' lang='grc' dir='ltr'><strong>δὲ</strong></span> <span class='ocrx_word' id='word_1_786' title='bbox 2705 4676 2763 4729; x_wconf 87' lang='grc' dir='ltr'><strong>ὲν</strong></span> <span class='ocrx_word' id='word_1_787' title='bbox 2790 4677 2867 4749; x_wconf 85' lang='grc' dir='ltr'><strong>τῷ</strong></span> <span class='ocrx_word' id='word_1_788' title='bbox 2889 4679 3057 4751; x_wconf 82' lang='grc' dir='ltr'><strong>πλοίῳ</strong></span> <span class='ocrx_word' id='word_1_789' title='bbox 3080 4685 3503 4759; x_wconf 81' lang='grc' dir='ltr'><strong>προσεκύνησαν</strong></span> 
     </span>
     <span class='ocr_line' id='line_1_96' title="bbox 1937 4757 3502 4837; baseline 0.013 -29"><span class='ocrx_word' id='word_1_790' title='bbox 1937 4757 2100 4828; x_wconf 82' lang='grc' dir='ltr'><strong>αὐτῷ’</strong></span> <span class='ocrx_word' id='word_1_791' title='bbox 2135 4757 2413 4828; x_wconf 84' lang='grc' dir='ltr'><strong>λέγοντες·</strong></span> <span class='ocrx_word' id='word_1_792' title='bbox 2465 4781 2483 4815; x_wconf 86' lang='grc' dir='ltr'><strong>ι</strong></span> <span class='ocrx_word' id='word_1_793' title='bbox 2523 4763 2763 4837; x_wconf 83' lang='grc' dir='ltr'><strong>Ἀληθῶς</strong></span> <span class='ocrx_word' id='word_1_794' title='bbox 2807 4767 2942 4823; x_wconf 83' lang='grc' dir='ltr'><strong>Θεοῦ</strong></span> <span class='ocrx_word' id='word_1_795' title='bbox 2976 4771 3100 4836; x_wconf 77' lang='grc' dir='ltr'><strong>Υἱὸς</strong></span> <span class='ocrx_word' id='word_1_796' title='bbox 3138 4767 3211 4830; x_wconf 77' lang='lat' dir='ltr'><strong>et.</strong></span> <span class='ocrx_word' id='word_1_797' title='bbox 3248 4793 3270 4828; x_wconf 72' lang='grc' dir='ltr'><strong>ι</strong></span> <span class='ocrx_word' id='word_1_798' title='bbox 3308 4776 3378 4831; x_wconf 84' lang='grc' dir='ltr'><strong>Τί</strong></span> <span class='ocrx_word' id='word_1_799' title='bbox 3411 4773 3502 4833; x_wconf 76' lang='grc' dir='ltr'><strong>οῦν</strong></span> 
     </span>
     <span class='ocr_line' id='line_1_97' title="bbox 1936 4845 3500 4938; baseline 0.015 -40"><span class='ocrx_word' id='word_1_800' title='bbox 1936 4845 2100 4900; x_wconf 78' lang='grc' dir='ltr'><strong>πάλιν</strong></span> <span class='ocrx_word' id='word_1_801' title='bbox 2128 4845 2344 4919; x_wconf 81' lang='grc' dir='ltr'><strong>ἐροῦσιν</strong></span> <span class='ocrx_word' id='word_1_802' title='bbox 2376 4850 2425 4902; x_wconf 82' lang='grc' dir='ltr'><strong>οἱ</strong></span> <span class='ocrx_word' id='word_1_803' title='bbox 2451 4854 2516 4922; x_wconf 76' lang='grc' dir='ltr'><strong>τῇ</strong></span> <span class='ocrx_word' id='word_1_804' title='bbox 2545 4853 2771 4927; x_wconf 82' lang='grc' dir='ltr'><strong>ἀληθείᾳ</strong></span> <span class='ocrx_word' id='word_1_805' title='bbox 2812 4857 3144 4929; x_wconf 78' lang='grc' dir='ltr'><strong>μαχόμενοι,</strong></span> <span class='ocrx_word' id='word_1_806' title='bbox 3187 4866 3289 4919; x_wconf 69' lang='grc' dir='ltr'><strong>καὶ</strong></span> <span class='ocrx_word' id='word_1_807' title='bbox 3315 4864 3500 4938; x_wconf 69' lang='grc' dir='ltr'><strong>μόνοις</strong></span> 
     </span>
    </p>
   </div>
   <div class='ocr_carea' id='block_1_33' title="bbox 1904 4938 3501 5019">
    <p class='ocr_par' dir='ltr' id='par_1_33' title="bbox 1904 4938 3501 5019">
     <span class='ocr_line' id='line_1_98' title="bbox 1904 4938 3501 5019; baseline 0.014 -29"><span class='ocrx_word' id='word_1_808' title='bbox 1904 4940 2044 5019; x_wconf 49' lang='grc' dir='ltr'><strong>Κτοῖς</strong></span> <span class='ocrx_word' id='word_1_809' title='bbox 2076 4938 2221 5004; x_wconf 74' lang='grc' dir='ltr'><strong>ἰδίοις</strong></span> <span class='ocrx_word' id='word_1_810' title='bbox 2245 4940 2660 5010; x_wconf 81' lang='grc' dir='ltr'><strong>ἀκολουθοῦντες</strong></span> <span class='ocrx_word' id='word_1_811' title='bbox 2682 4944 3001 5017; x_wconf 84' lang='grc' dir='ltr'><strong>θελήμασιν,</strong></span> <span class='ocrx_word' id='word_1_812' title='bbox 3026 4950 3154 5005; x_wconf 81' lang='grc' dir='ltr'><strong>ὅταν</strong></span> <span class='ocrx_word' id='word_1_813' title='bbox 3176 4952 3365 5009; x_wconf 77' lang='grc' dir='ltr'><strong>ῑδωσιν</strong></span> <span class='ocrx_word' id='word_1_814' title='bbox 3380 4954 3501 5012; x_wconf 63' lang='lat' dir='ltr'><strong>nm</strong></span> 
     </span>
    </p>
   </div>
   <div class='ocr_carea' id='block_1_34' title="bbox 1928 5028 3502 5482">
    <p class='ocr_par' dir='ltr' id='par_1_34' title="bbox 1928 5028 3502 5482">
     <span class='ocr_line' id='line_1_99' title="bbox 1931 5028 3500 5116; baseline 0.015 -34"><span class='ocrx_word' id='word_1_815' title='bbox 1931 5028 2069 5100; x_wconf 79' lang='grc' dir='ltr'><strong>ὁμοῦ</strong></span> <span class='ocrx_word' id='word_1_816' title='bbox 2093 5031 2185 5084; x_wconf 89' lang='grc' dir='ltr'><strong>τὸν</strong></span> <span class='ocrx_word' id='word_1_817' title='bbox 2206 5031 2316 5086; x_wconf 89' lang='grc' dir='ltr'><strong>τῶν</strong></span> <span class='ocrx_word' id='word_1_818' title='bbox 2343 5033 2654 5089; x_wconf 75' lang='grc' dir='ltr'><strong>ἀποστόλων</strong></span> <span class='ocrx_word' id='word_1_819' title='bbox 2673 5037 2832 5109; x_wconf 86' lang='grc' dir='ltr'><strong>χορὸν</strong></span> <span class='ocrx_word' id='word_1_820' title='bbox 2852 5039 2928 5103; x_wconf 84' lang='grc' dir='ltr'><strong>ὡς</strong></span> <span class='ocrx_word' id='word_1_821' title='bbox 2949 5039 3068 5113; x_wconf 83' lang='grc' dir='ltr'><strong>Θεῷ</strong></span> <span class='ocrx_word' id='word_1_822' title='bbox 3089 5046 3500 5116; x_wconf 69' lang='grc' dir='ltr'><strong>προσκυνοῦντα</strong></span> 
     </span>
     <span class='ocr_line' id='line_1_100' title="bbox 1930 5122 3502 5209; baseline 0.013 -35"><span class='ocrx_word' id='word_1_823' title='bbox 1930 5122 2008 5192; x_wconf 83' lang='grc' dir='ltr'><strong>τῷ</strong></span> <span class='ocrx_word' id='word_1_824' title='bbox 2040 5123 2151 5194; x_wconf 81' lang='grc' dir='ltr'><strong>Υίῷ</strong></span> <span class='ocrx_word' id='word_1_825' title='bbox 2175 5162 2191 5188; x_wconf 95' lang='grc'><strong>,</strong></span> <span class='ocrx_word' id='word_1_826' title='bbox 2239 5125 2335 5178; x_wconf 75' lang='grc' dir='ltr'><strong>καὶ</strong></span> <span class='ocrx_word' id='word_1_827' title='bbox 2384 5126 2504 5197; x_wconf 82' lang='grc' dir='ltr'><strong>μεθ’</strong></span> <span class='ocrx_word' id='word_1_828' title='bbox 2550 5127 2716 5199; x_wconf 84' lang='grc' dir='ltr'><strong>ὅρκου</strong></span> <span class='ocrx_word' id='word_1_829' title='bbox 2750 5128 2997 5199; x_wconf 84' lang='grc' dir='ltr'><strong>λέγοντα,</strong></span> <span class='ocrx_word' id='word_1_830' title='bbox 3043 5134 3241 5207; x_wconf 83' lang='grc' dir='ltr'><strong>δτιπερ</strong></span> <span class='ocrx_word' id='word_1_831' title='bbox 3284 5136 3502 5209; x_wconf 70' lang='grc' dir='ltr'><strong>ἀληθῶς</strong></span> 
     </span>
     <span class='ocr_line' id='line_1_101' title="bbox 1932 5212 3500 5300; baseline 0.011 -35"><span class='ocrx_word' id='word_1_832' title='bbox 1932 5212 2060 5276; x_wconf 79' lang='grc' dir='ltr'><strong>Υἱὸς</strong></span> <span class='ocrx_word' id='word_1_833' title='bbox 2081 5216 2165 5286; x_wconf 77' lang='grc' dir='ltr'><strong>εἴη</strong></span> <span class='ocrx_word' id='word_1_834' title='bbox 2191 5215 2326 5270; x_wconf 84' lang='grc' dir='ltr'><strong>Θεοῦ</strong></span> <span class='ocrx_word' id='word_1_835' title='bbox 2348 5235 2363 5284; x_wconf 89' lang='grc'><strong>;</strong></span> <span class='ocrx_word' id='word_1_836' title='bbox 2389 5218 2555 5290; x_wconf 82' lang='grc' dir='ltr'><strong>Δῆλον</strong></span> <span class='ocrx_word' id='word_1_837' title='bbox 2586 5221 2643 5274; x_wconf 80' lang='grc' dir='ltr'><strong>δὲ</strong></span> <span class='ocrx_word' id='word_1_838' title='bbox 2670 5220 2752 5274; x_wconf 83' lang='grc' dir='ltr'><strong>ὅτι</strong></span> <span class='ocrx_word' id='word_1_839' title='bbox 2776 5221 2871 5274; x_wconf 79' lang='grc' dir='ltr'><strong>καὶ</strong></span> <span class='ocrx_word' id='word_1_840' title='bbox 2899 5222 3051 5288; x_wconf 84' lang='grc' dir='ltr'><strong>Θεός.</strong></span> <span class='ocrx_word' id='word_1_841' title='bbox 3072 5225 3138 5280; x_wconf 78' lang='lat' dir='ltr'><strong>Et</strong></span> <span class='ocrx_word' id='word_1_842' title='bbox 3162 5227 3277 5300; x_wconf 78' lang='grc' dir='ltr'><strong>γὰρ</strong></span> <span class='ocrx_word' id='word_1_843' title='bbox 3304 5228 3370 5286; x_wconf 70' lang='lat' dir='ltr'><strong>ht</strong></span> <span class='ocrx_word' id='word_1_844' title='bbox 3392 5230 3500 5284; x_wconf 66' lang='grc' dir='ltr'><strong>τῶν</strong></span> 
     </span>
     <span class='ocr_line' id='line_1_102' title="bbox 1932 5303 3499 5389; baseline 0.014 -36"><span class='ocrx_word' id='word_1_845' title='bbox 1932 5303 2245 5372; x_wconf 80' lang='grc' dir='ltr'><strong>κτισμάτων</strong></span> <span class='ocrx_word' id='word_1_846' title='bbox 2277 5307 2396 5359; x_wconf 74' lang='grc' dir='ltr'><strong>ἐστὶ</strong></span> <span class='ocrx_word' id='word_1_847' title='bbox 2429 5309 2569 5362; x_wconf 82' lang='grc' dir='ltr'><strong>κατὰ</strong></span> <span class='ocrx_word' id='word_1_848' title='bbox 2598 5308 2696 5380; x_wconf 75' lang='grc' dir='ltr'><strong>τὴν</strong></span> <span class='ocrx_word' id='word_1_849' title='bbox 2720 5310 2901 5365; x_wconf 86' lang='grc' dir='ltr'><strong>αὐτῶν</strong></span> <span class='ocrx_word' id='word_1_850' title='bbox 2928 5313 3196 5384; x_wconf 81' lang='grc' dir='ltr'><strong>ἀμαθίαν,</strong></span> <span class='ocrx_word' id='word_1_851' title='bbox 3226 5317 3349 5384; x_wconf 69' lang='grc' dir='ltr'><strong>πῶς</strong></span> <span class='ocrx_word' id='word_1_852' title='bbox 3373 5319 3499 5389; x_wconf 65' lang='lat' dir='ltr'><strong>&amp;lq-</strong></span> 
     </span>
     <span class='ocr_line' id='line_1_103' title="bbox 1928 5389 3497 5482; baseline 0.015 -41"><span class='ocrx_word' id='word_1_853' title='bbox 1928 5389 2033 5454; x_wconf 80' lang='grc' dir='ltr'><strong>θῶς</strong></span> <span class='ocrx_word' id='word_1_854' title='bbox 2068 5391 2192 5455; x_wconf 80' lang='grc' dir='ltr'><strong>Υίός</strong></span> <span class='ocrx_word' id='word_1_855' title='bbox 2237 5394 2349 5448; x_wconf 81' lang='grc' dir='ltr'><strong>ἐστι</strong></span> <span class='ocrx_word' id='word_1_856' title='bbox 2378 5397 2471 5450; x_wconf 76' lang='grc' dir='ltr'><strong>τοῦ</strong></span> <span class='ocrx_word' id='word_1_857' title='bbox 2515 5399 2685 5462; x_wconf 85' lang='grc' dir='ltr'><strong>Θεοῦ;</strong></span> <span class='ocrx_word' id='word_1_858' title='bbox 2724 5401 3033 5473; x_wconf 83' lang='grc' dir='ltr'><strong>’Δμήχανον</strong></span> <span class='ocrx_word' id='word_1_859' title='bbox 3062 5405 3173 5479; x_wconf 84' lang='grc' dir='ltr'><strong>γὰρ</strong></span> <span class='ocrx_word' id='word_1_860' title='bbox 3200 5407 3298 5463; x_wconf 83' lang='grc' dir='ltr'><strong>τὸν</strong></span> <span class='ocrx_word' id='word_1_861' title='bbox 3325 5408 3408 5482; x_wconf 74' lang='grc' dir='ltr'><strong>μὴ</strong></span> <span class='ocrx_word' id='word_1_862' title='bbox 3433 5409 3497 5463; x_wconf 74' lang='lat' dir='ltr'><strong>ht</strong></span> 
     </span>
    </p>
   </div>
   <div class='ocr_carea' id='block_1_35' title="bbox 1923 5480 3493 5570">
    <p class='ocr_par' dir='ltr' id='par_1_35' title="bbox 1923 5480 3493 5570">
     <span class='ocr_line' id='line_1_104' title="bbox 1923 5480 3493 5570; baseline 0.016 -42"><span class='ocrx_word' id='word_1_863' title='bbox 1923 5494 2066 5540; x_wconf 85' lang='grc' dir='ltr'><strong>τινος</strong></span> <span class='ocrx_word' id='word_1_864' title='bbox 2099 5480 2238 5532; x_wconf 75' lang='grc' dir='ltr'><strong>κατὰ</strong></span> <span class='ocrx_word' id='word_1_865' title='bbox 2275 5484 2434 5537; x_wconf 63' lang='grc' dir='ltr'><strong>φύσιν</strong></span> <span class='ocrx_word' id='word_1_866' title='bbox 2470 5487 2866 5556; x_wconf 76' lang='grc' dir='ltr'><strong>προεληλυθότα</strong></span> <span class='ocrx_word' id='word_1_867' title='bbox 2890 5491 2987 5546; x_wconf 67' lang='grc' dir='ltr'><strong>καὶ</strong></span> <span class='ocrx_word' id='word_1_868' title='bbox 3012 5492 3074 5546; x_wconf 80' lang='grc' dir='ltr'><strong>τὸ</strong></span> <span class='ocrx_word' id='word_1_869' title='bbox 3108 5495 3242 5549; x_wconf 73' lang='grc' dir='ltr'><strong>ἴδιον</strong></span> <span class='ocrx_word' id='word_1_870' title='bbox 3272 5498 3373 5570; x_wconf 70' lang='grc' dir='ltr'><strong>τῆς</strong></span> <span class='ocrx_word' id='word_1_871' title='bbox 3401 5498 3493 5553; x_wconf 75' lang='grc' dir='ltr'><strong>τοῦ</strong></span> 
     </span>
    </p>
   </div>
   <div class='ocr_carea' id='block_1_36' title="bbox 1975 5656 2480 5726">
    <p class='ocr_par' dir='ltr' id='par_1_36' title="bbox 1975 5656 2480 5726">
     <span class='ocr_line' id='line_1_105' title="bbox 1975 5656 2480 5726; baseline 0.018 -18"><span class='ocrx_word' id='word_1_872' title='bbox 1975 5656 2017 5685; x_wconf 75' lang='lat'><strong>²⁷</strong></span> <span class='ocrx_word' id='word_1_873' title='bbox 2044 5657 2234 5714; x_wconf 77' lang='lat' dir='ltr'><strong>Mattlt.</strong></span> <span class='ocrx_word' id='word_1_874' title='bbox 2272 5677 2365 5726; x_wconf 82' lang='lat' dir='ltr'><strong>xtt,</strong></span> <span class='ocrx_word' id='word_1_875' title='bbox 2394 5664 2480 5717; x_wconf 76' lang='lat'><strong>53.</strong></span> 
     </span>
    </p>
   </div>
   <div class='ocr_carea' id='block_1_37' title="bbox 2558 5666 3166 5742">
    <p class='ocr_par' dir='ltr' id='par_1_37' title="bbox 2558 5666 3166 5742">
     <span class='ocr_line' id='line_1_106' title="bbox 2558 5666 3166 5742; baseline 0.018 -23"><span class='ocrx_word' id='word_1_876' title='bbox 2558 5668 2601 5696; x_wconf 79' lang='lat'><strong>⁸⁸</strong></span> <span class='ocrx_word' id='word_1_877' title='bbox 2622 5666 2806 5725; x_wconf 70' lang='lat' dir='ltr'><strong>llattlt.</strong></span> <span class='ocrx_word' id='word_1_878' title='bbox 2845 5688 2953 5742; x_wconf 56' lang='grc' dir='ltr'><strong>ειν,</strong></span> <span class='ocrx_word' id='word_1_879' title='bbox 2978 5673 3166 5732; x_wconf 69' lang='grc' dir='ltr'><strong>Ξὶ-δδ.</strong></span> 
     </span>
    </p>
   </div>
  </div>
 </body>
</html>
