3809 6125
270 291 411 347 {599

1252 284 1312 341 S.
1350 278 1627 339 CYRtLLt
1664 274 2136 341 &LssxANDRtm
2174 278 2494 336 anctum&

3393 267 3528 325 two

341 400 582 471 Denique
613 399 775 454 etiam
824 399 1039 455 divinus
1082 398 1283 455 Paulus
1328 400 1406 454 ait
1457 398 1525 454 de
1573 396 1836 451 Christo:
1866 396 1918 453 A
1950 416 1968 445 ι
1998 396 2168 451 Amen
2207 395 2329 454 dico
2374 395 2548 463 vobis,
2582 402 2873 465 antequam
2914 389 3195 446 Abraham
3229 395 3405 451 esset,
3436 402 3528 457 ego

275 512 296 544 ο
332 493 491 561 Ergo,
516 490 710 546 fratres
736 492 931 553 sancti,
956 491 1254 546 vocationis
1277 489 1510 545 coelestis
1529 487 1836 557 participes,

269 582 612 636 considerate
664 581 963 651 apostolum
1017 592 1071 636 ct
1125 583 1436 650 pontificem
1488 577 1874 634 consessionis

271 683 473 731 nostras
520 670 704 727 «lesum
728 673 771 726 ⁸.
807 691 827 725 ι
869 673 1252 729 Animadverte
1293 679 1472 727 autem
1507 673 1672 742 quod,
1717 685 1839 725 cum

272 780 393 821 eum
442 762 837 818 ministrantem
889 763 1166 817 hominnm
1212 778 1364 818 more
1404 762 1672 826 ostendit,
1717 761 1844 814 licet

273 863 462 909 natura
494 854 564 908 sit
592 853 750 916 Deus,
784 862 913 907 tunc
948 853 997 907 ei
1030 854 1193 908 etiam
1237 853 1469 908 officinm
1515 851 1843 921 apostolatus

270 944 514 999 attribuit
555 962 568 998 :
613 942 748 997 nibil
792 952 991 1009 autem,
1023 952 1081 997 ut
1109 955 1234 999 ante
1270 944 1525 1009 diximus,
1552 942 1841 998 absurdum

270 1043 374 1099 est,
408 1033 455 1088 si
493 1032 634 1089 Deus
662 1031 896 1088 Verbum
935 1034 1072 1088 mitti
1117 1034 1280 1090 etiam
1329 1036 1538 1089 dicatur
1579 1049 1609 1087 a
1646 1032 1840 1099 Patre;

271 1123 458 1193 implet
485 1138 718 1193 namque
748 1124 1051 1179 certissime
1091 1124 1296 1188 omnia,
1332 1134 1386 1181 et
1433 1124 1561 1178 nulli
1603 1123 1721 1178 loco
1751 1138 1845 1193 pe-

273 1214 417 1267 nitus
440 1213 593 1269 deest
623 1231 637 1268 :
671 1228 772 1269 nos
813 1228 941 1269 vero
987 1214 1235 1269 immanis
1279 1215 1502 1269 vocibus
1535 1213 1715 1268 divina
1759 1214 1842 1267 in-

273 1310 653 1372 terpretantes,
685 1304 1092 1375 figurationibus
1123 1306 1368 1375 corporis
1398 1304 1721 1359 immortalis
1751 1319 1846 1358 na-

271 1402 409 1449 turae
433 1394 886 1465 dispensationem
915 1397 1150 1451 solemus
1176 1396 1495 1465 intelligere.

348 1486 589 1555 Denique
637 1502 759 1541 cum
813 1497 1033 1541 sanctus
1088 1484 1324 1555 Spiritus
1372 1486 1551 1540 omnia
1606 1485 1842 1556 impleat,

272 1576 461 1632 scribit
496 1577 688 1631 beatus
716 1575 936 1640 Paulus,
966 1585 1022 1631 et
1068 1577 1200 1631 dicit
1248 1594 1262 1631 :
1299 1594 1318 1628 ι
1351 1575 1616 1643 Quoniam
1664 1587 1843 1630 autem

273 1670 405 1722 estis
438 1666 554 1732 lilii,
596 1667 744 1721 misit
797 1666 937 1723 Dens
985 1665 1247 1738 Spiritum
1292 1667 1415 1722 Filii
1463 1668 1546 1722 sui
1583 1669 1637 1722 iu
1682 1668 1845 1722 corda

1942 500 2063 541 sum
2102 487 2245 542 ¹⁰⁴¹.
2293 505 2314 540 ι
2364 486 2639 554 Quomodo
2684 485 2828 541 enim
2866 480 3029 537 aliter
3078 488 3210 534 ante
3252 478 3525 533 Abrabam

1943 588 2085 640 erat,
2116 577 2207 647 qui
2239 576 2423 631 multis
2452 584 2573 646 post
2610 574 2937 643 temporibus
2966 569 3276 625 secundum
3310 582 3526 622 carnem

1943 678 2102 723 natus
2137 668 2263 722 est?
2303 666 2449 723 Satis
2484 677 2662 721 autem
2704 667 2868 736 ipsos,
2895 672 2958 716 ut
2985 660 3204 731 opinor,
3242 659 3529 727 redarguet

1943 758 2163 813 divinus
2188 757 2423 815 loannes
2444 758 2630 813 dicens
2657 775 2674 812 ι
2700 776 2720 809 ι
2741 757 2843 811 Hic
2862 760 3003 819 erat,
3024 752 3092 806 de
3112 765 3223 819 quo
3248 765 3360 820 ego
3384 749 3490 803 dixi
3511 769 3525 804 ε

1944 849 2071 904 Post
2097 864 2183 904 me
2208 851 2354 905 venit
2374 850 2480 915 vir,
2504 849 2592 918 qui
2622 858 2747 903 ante
2778 862 2863 901 me
2886 844 3063 901 lactus
3086 852 3197 908 est,
3221 841 3357 913 quia
3389 842 3528 912 prior

1944 956 2029 998 me
2062 954 2176 995 erat
2202 942 2264 995 ¹⁹.
2307 958 2327 992 ι
3526 930 3535 998 Ι

2019 1031 2202 1103 794·
2242 1030 2727 1089 Praetermittentes
2769 1028 2934 1100 igitur
2975 1026 3032 1081 in
3082 1040 3142 1081 re
3182 1033 3299 1079 tam
3347 1022 3526 1078 l'rivola

1945 1124 2064 1178 sine
2091 1140 2257 1178 causa
2296 1132 2533 1190 certare,
2571 1124 2639 1179 ad
2673 1122 2803 1177 illud
2838 1119 3009 1190 magis
3044 1116 3365 1180 veniamus,
3395 1116 3527 1185 quod

1944 1213 2107 1267 etiam
2145 1213 2493 1270 emolumenti
2538 1211 2744 1283 aliquid
2786 1210 2956 1281 possit
2986 1206 3209 1271 afferre,
3254 1220 3328 1261 ne
3368 1206 3527 1260 mole·

1945 1311 2027 1357 ste
2065 1301 2242 1357 lerant
2277 1301 2517 1357 nonnulli
2558 1300 2863 1363 audientes,
2903 1312 3026 1352 esse
3071 1304 3330 1350 sanctam
3363 1290 3524 1363 Virgi-

1946 1406 2068 1446 nem
2108 1391 2393 1457 Θεοτόκον,
2432 1406 2533 1447 ιιεε
2562 1389 2966 1447 incredulitatis
3003 1384 3255 1441 ludaicae
3281 1400 3414 1439 suas
3440 1399 3527 1453 op-

1944 1483 2128 1554 pleant
2153 1493 2383 1549 mentes,
2408 1483 2519 1537 imo
2543 1496 2671 1537 vero
2705 1481 2870 1536 etiam
2895 1478 3179 1551 paganicae
3215 1477 3523 1548 impietatis.

1946 1573 2112 1630 Judaei
2156 1566 2354 1629 etenim
2403 1573 2859 1645 aggrediebantur
2907 1571 3192 1627 Christum
3241 1568 3524 1625 dieentes:

1954 1685 1974 1719 ι
2004 1666 2082 1722 De
2113 1665 2257 1723 bono
2280 1679 2444 1737 opere
2467 1681 2575 1721 non
2611 1665 2911 1736 lapidamus
2942 1672 3025 1729 te;
3058 1663 3158 1717 sed
3182 1662 3259 1717 de
3289 1661 3527 1731 blasphe-

274 1766 480 1820 nostra,
499 1756 553 1811 in
583 1772 690 1825 quo
711 1757 1005 1812 clamamus
1034 1775 1047 1812 :
1072 1756 1222 1812 Anba
1251 1756 1407 1813 Pater
1429 1757 1470 1811 ⁸.
1495 1774 1515 1808 ι
1553 1757 1642 1811 Αἰι
1663 1765 1840 1811 autem
1876 1746 1916 1804 Β
1948 1757 2077 1822 mia,
2103 1757 2244 1827 quod
2266 1772 2385 1811 cum
2409 1756 2487 1811 sis
2509 1756 2695 1820 bomo,
2717 1754 2853 1810 sacis
2875 1762 2930 1809 te
2962 1754 3137 1809 Deum
3156 1752 3232 1810 ¹⁸.
3267 1771 3291 1805 a
3320 1752 3391 1807 Δι
3415 1766 3528 1807 vero

271 1854 327 1900 et
360 1846 477 1915 ipse
507 1845 754 1903 Salvator
785 1864 800 1901 ε
832 1866 852 1899 ι
883 1846 1110 1917 Expedit
1136 1846 1309 1911 vobis,
1340 1857 1397 1899 ut
1424 1860 1522 1914 ego
1545 1860 1695 1909 eam;
1722 1859 1844 1899 nam

272 1937 320 1990 si
355 1951 462 1990 non
509 1937 717 2001 abiero,
759 1935 1074 1992 Paracletus
1124 1952 1230 1991 non
1275 1936 1454 1991 veniet
1487 1936 1555 1990 ad
1599 1950 1696 1990 vos
1733 1935 1776 1989 ⁷.
1819 1950 1840 1985 ι

272 2023 498 2093 Oportet
520 2025 683 2096 igitur
706 2025 772 2082 ad
799 2028 1062 2083 rationem
1087 2028 1304 2098 pietatis
1323 2025 1504 2082 omnia
1529 2024 1843 2089 reserenteS,

269 2123 416 2168 certa
442 2115 771 2185 cogitatione
800 2118 997 2172 sectari
1039 2136 1053 2171 :
1091 2117 1144 2172 id
1180 2115 1324 2172 enim
1369 2115 1627 2172 facientes
1664 2115 1844 2171 nobis-

270 2205 516 2275 metipsis
543 2206 779 2261 maxime
803 2205 1185 2276 profuerimus.

863 2384 1013 2440 GAP.
1054 2383 1245 2440 XXVl.

373 2518 646 2581 Quomodo
680 2517 994 2589 intelliqitnr
1028 2518 1489 2590 ΘεοτόκοςΎίνρο
1522 2532 1728 2576 sancto.

335 2647 529 2704 Natum
560 2657 641 2705 est
671 2650 888 2720 quidem
917 2650 1365 2708 inrestimabiliter
1396 2652 1631 2708 Verbum
1667 2654 1757 2709 Dei
1785 2664 1841 2712 et

265 2737 474 2803 Patris;
508 2749 562 2795 et
593 2741 708 2796 liaec
735 2742 1010 2812 generatio
1051 2757 1267 2798 omnem
1298 2756 1516 2800 sensnm
1555 2745 1840 2814 cogitatio·

1949 1847 2043 1901 lilii
2098 1862 2429 1918 paganorum
2481 1846 2740 1903 Ecclesiae
2786 1848 3044 1915 dogmata
3088 1844 3400 1909 derident,
3445 1858 3528 1897 aa-

1946 1938 2154 1994 dientes
2181 1953 2246 1993 ex
2272 1939 2496 1994 muliere
2521 1936 2691 1994 Deum
2732 1952 2855 1993 esse
2893 1937 3294 2008 progenitum3
3337 1939 3434 1993 sed
3463 1936 3528 1991 illi

1945 2030 2163 2095 quidem
2194 2045 2307 2086 suae
2334 2032 2621 2088 dementiae
2660 2030 2898 2086 exedent
2937 2029 3192 2094 tructus,
3231 2040 3293 2085 et
3330 2030 3531 2086 audient

1944 2138 1975 2177 a
2031 2123 2230 2181 nobis:
2265 2143 2284 2177 ι
2314 2123 2527 2180 Stultus
2576 2123 2738 2179 stulte
2787 2123 3057 2194 loquitur,
3117 2132 3178 2177 et
3234 2136 3339 2178 eor
3381 2124 3533 2191 ipsios

1944 2230 2079 2270 vana
2109 2215 2388 2286 intelliget.
2417 2235 2437 2268 ι
2479 2214 2662 2271 Nostri
2701 2215 2846 2270 enim
2898 2214 3161 2286 mysterii
3208 2216 3386 2279 ratio,
3423 2215 3531 2270 lieet

1940 2305 2141 2363 Judaeis
2181 2309 2255 2363 sit
2292 2306 2629 2374 scandalum,
2674 2308 2925 2378 gentibus
2958 2316 3156 2363 autem
3201 2308 3440 2363 stultitia
3458 2310 3526 2373 ¹⁸3

1940 2398 2096 2453 nobis
2124 2406 2326 2464 tamen,
2373 2399 2517 2469 qnod
2551 2400 2776 2464 scimus,
2802 2413 2931 2454 vere
2966 2409 3068 2454 est
3111 2399 3527 2467 admirabiles

1941 2487 2200 2554 salutare,
2231 2498 2285 2543 et
2318 2488 2694 2558 dignissimum
2720 2488 2869 2544 credi
2899 2504 2916 2542 z
2944 2497 3007 2544 et
3047 2488 3101 2545 si
3133 2500 3297 2545 esset
3333 2491 3521 2544 omni-o

1941 2577 2251 2647 quisquam,
2278 2578 2369 2648 qui
2406 2579 2587 2635 dicere
2622 2579 2868 2645 auderet,
2912 2580 3069 2636 bane
3102 2596 3348 2637 carnem
3380 2592 3509 2637 terre·

1940 2682 2062 2722 nam
2100 2669 2256 2724 nudae
2301 2670 2601 2725 divinitatis
2641 2670 2810 2726 l'uisse
2860 2671 3240 2742 genitricem,
3295 2687 3342 2729 et
3370 2686 3496 2728 exea

1937 2767 2188 2815 creatura
2231 2760 2379 2815 omni
2418 2760 2753 2830 superiorem
2805 2770 2991 2815 natam
3047 2761 3245 2820 l'nisse
3280 2777 3501 2826 utana,

264 2844 498 2898 nemque
533 2834 887 2898 transcendit,
923 2842 976 2890 et
1006 2843 1088 2889 est
1119 2833 1443 2906 incorporali
1469 2843 1678 2892 naturae
1706 2852 1839 2893 con·
1941 2848 2150 2906 insanin
2181 2850 2234 2906 id
2272 2860 2419 2906 esset
2446 2861 2503 2905 et
2545 2850 2719 2904 t'uror.
2759 2849 2949 2921 Neque
2985 2854 3148 2908 enim
3206 2871 3283 2910 ex
3315 2854 3511 2911 terrai·

263 2920 507 2975 veniens.
534 2919 918 2979 Verumtamen
961 2924 1015 2979 id
1057 2928 1200 2995 quod
1234 2936 1422 2981 natum
1456 2937 1564 2994 est,
1591 2929 1838 2998 proprius
1863 2902 1909 2963 c
1945 2940 2065 2995 vina
2090 2950 2176 2996 est
2203 2939 2346 2995 racia
2370 2950 2600 3004 natm-ag
2637 2956 2739 2995 nec
2776 2944 3153 3014 corruptibile
3189 2946 3517 3017 inmun-raptio-

263 3018 451 3078 partus
476 3011 796 3081 intelligitur
816 3012 1110 3079 Genitoris,
1127 3025 1180 3072 et
1206 3016 1445 3087 ejusdem
1474 3032 1594 3073 cum
1625 3034 1692 3076 eo
1713 3021 1841 3076 sub-

262 3100 515 3166 stantiae;
569 3102 798 3172 ideoque
833 3106 996 3160 etiam
1026 3105 1199 3163 Filius
1247 3109 1573 3170 nominatur,
1625 3112 1842 3168 nomine

265 3190 472 3244 scilicet
508 3192 781 3250 indicante
812 3197 964 3266 quasi
1010 3212 1193 3253 veram
1235 3200 1616 3271 sinceramque
1645 3218 1840 3270 proge-

265 3278 442 3346 niem;
479 3280 570 3334 sed
602 3296 724 3336 curn
750 3284 822 3338 sit
847 3284 999 3338 vivus
1029 3285 1083 3340 in
1113 3297 1376 3342 aeternum
1405 3286 1586 3353 Pater,
1619 3305 1842 3345 necesse

265 3377 372 3433 est,
403 3383 522 3421 eum
553 3386 766 3439 quoque
797 3373 981 3429 vivere
1020 3377 1073 3429 in
1100 3387 1383 3443 aeternum,
1432 3389 1648 3450 propter
1677 3397 1837 3451 quem

263 3467 349 3511 est
403 3457 581 3514 Pater.
634 3460 801 3530 igitur
851 3480 870 3514 ι
908 3463 963 3518 ln
1016 3466 1282 3536 principio
1330 3479 1448 3524 erat
1481 3470 1734 3536 Verbum,
1786 3481 1840 3525 et

266 3547 408 3604 Deus
453 3560 573 3605 erat
624 3552 883 3619 Verbum,
929 3565 983 3610 et
1031 3564 1149 3610 erat
1199 3559 1362 3614 etiam
1420 3558 1652 3616 Verbum
1697 3566 1838 3632 apud

264 3639 431 3695 Deum
464 3641 508 3704 ⁸,
541 3661 559 3694 ι
599 3653 654 3696 ut
678 3645 1107 3713 sapientissimus
1145 3648 1479 3721 Evangelista
1515 3667 1840 3709 commemo-

250 3729 370 3785 ‘rat.
417 3731 473 3785 ln
512 3736 974 3791 consummatione
1014 3749 1194 3792 autem
1241 3749 1562 3810 temporum,
1619 3755 1840 3815 propter

266 3838 366 3879 uos
395 3824 661 3887 homines.
695 3836 750 3881 et
787 3837 1011 3896 propter
1049 3840 1288 3884 nostram
1325 3833 1549 3889 salntem
1589 3834 1839 3892 incarna-

267 3928 380 3968 tum
413 3924 514 3982 est,
558 3925 612 3971 et
643 3918 803 3971 homo
843 3928 924 3973 est
971 3919 1207 3988 sactutn;
1255 3938 1359 3977 non
1403 3926 1654 3982 amittens
1696 3930 1837 3993 quod

266 4015 406 4070 erat,
439 4006 532 4061 sed
566 4006 805 4061 retinens
850 4008 1316 4064 incmtvertibilem
1360 4027 1511 4067 snam
1563 4025 1835 4081 naturam,

268 4103 324 4151 ct
351 4111 565 4165 semper
586 4097 636 4149 in
665 4097 968 4152 divinitatis
995 4100 1211 4170 fastigio
1242 4100 1591 4170 collocatam;
1620 4106 1839 4162 subiens

1942 3030 2026 3087 nis
2058 3030 2209 3087 radix
2262 3046 2502 3103 unquam
2550 3030 2686 3099 liet;
2728 3047 2831 3089 nec
2878 3035 3220 3094 mortalitas
3266 3036 3521 3109 parietri·

1943 3130 2051 3177 tam
2079 3136 2095 3186 ;
2128 3134 2231 3176 nec
2258 3122 2508 3189 corporis
2535 3120 2834 3177 tractabilis
2882 3123 3258 3197 incorporale
3303 3128 3395 3184 liet
3416 3142 3523 3198 ger·

1941 3226 2101 3277 men;
2135 3226 2236 3269 nec
2275 3211 2578 3268 increatum
2615 3206 2650 3269 a'
2691 3224 2875 3270 creato
2909 3228 3227 3288 nascetur;
3269 3235 3370 3277 nee
3397 3218 3527 3289 qaod

1941 3303 2146 3371 absque
2175 3303 2348 3366 initio,
2383 3304 2450 3358 ab
2476 3318 2541 3359 eo
2565 3305 2706 3374 quod
2739 3305 2903 3360 babet
2926 3307 3181 3364 initium.

2012 3394 2212 3448 Verum
2256 3394 2516 3465 qnoniam
2569 3395 2662 3450 Dei
2705 3395 2939 3452 Verbum
2980 3399 3148 3468 juxta
3202 3420 3307 3459 nos
3341 3404 3526 3458 factam

1941 3498 2061 3539 esse
2089 3483 2444 3552 affirmamus,
2477 3492 2532 3542 et
2556 3486 2759 3542 nostris
2787 3492 3118 3558 corporibus
3149 3509 3353 3565 corpus
3384 3509 3526 3550 sun-

1943 3574 2119 3643 psisse
2176 3576 2475 3641 consimile,
2528 3577 2692 3647 idque
2739 3577 2844 3632 sibi
2894 3581 3195 3638 verissime
3241 3587 3522 3648 adunasse,

1941 3678 2141 3719 arcana
2180 3666 2643 3739 inenarrabilique
2673 3674 2903 3738 ratione,
2934 3675 3100 3730 etsie
3137 3677 3411 3732 hominem
3446 3677 3519 3730 sa-

1939 3762 2088 3809 ctum
2118 3756 2413 3812 carnaliter
2436 3767 2621 3814 natum
2650 3777 2793 3827 esse,
2822 3764 2952 3834 quid
2978 3765 3285 3822 absurdum
3316 3780 3421 3834 cst,
3445 3768 3522 3823 vel

1942 3847 2086 3916 quod
2115 3847 2280 3903 'credi
2326 3863 2433 3904 non
2479 3851 2706 3908 debeat?
2746 3856 2879 3910 Cum
2926 3863 3245 3928 praesertim
3293 3865 3521 3920 bominis

1941 3938 2144 4004 anima,
2177 3946 2236 3992 ut
2262 3939 2562 4010 saepissime
2586 3943 2843 4011 diximus,
2878 3963 3005 4002 cum
3031 3951 3105 4005 sit
3151 3963 3365 4010 natnrae
3393 3955 3520 4010 alte·

1939 4029 2055 4085 rius
2079 4040 2273 4099 praeter
2300 4046 2517 4103 corpus,
2549 4047 2801 4091 nascatur
2830 4047 3011 4096 tamen
3057 4058 3187 4098 cum
3225 4047 3369 4115 ipso,
3403 4062 3516 4100 can

1940 4122 2013 4176 sit
2058 4121 2106 4176 ei
2152 4123 2408 4188 adunata,
2460 4140 2559 4179 nec
2598 4126 2885 4198 quisquam
2923 4132 3232 4190 arbitretur
3267 4147 3515 4192 naturai·

271 4197 451 4242 tamen
484 4197 703 4257 propter
732 4203 830 4243 nos
863 4189 1256 4259 dispensatorie
1290 4193 1835 4262 exinanitatem;nec
1868 4231 1913 4285 D
1941 4214 2182 4282 οοφῡής
2216 4217 2411 4271 animae
2456 4218 2668 4275 inmun,
2718 4223 2960 4291 9¹.aeoeoe
2999 4228 3369 4298 subsanna-3
3425 4235 3514 4288 m

267 4279 602 4334 inhonorans
650 4278 746 4351 [id
795 4291 905 4345 est,
952 4296 1055 4336 non
1107 4282 1448 4356 despiciens]
1501 4287 1832 4356 pauperiem,

264 4384 383 4440 quae
430 4368 676 4424 bumanae
729 4379 932 4425 naturae
962 4373 1213 4426 convenit
1257 4389 1272 4426 z
1319 4388 1442 4427 nam
1479 4392 1498 4424 ι
1527 4389 1650 4430 cum
1693 4386 1835 4433 esset

263 4457 433 4522 dives,
463 4474 664 4528 pauper
687 4469 770 4514 est
802 4460 997 4525 tactus,
1028 4461 1169 4516 sieut
1195 4462 1455 4532 scriptum
1489 4474 1573 4519 est
1601 4484 1616 4519 ε
1645 4476 1706 4520 ιιι
1735 4481 1834 4522 nos

263 4557 578 4616 paupertate
629 4549 747 4617 eius
785 4550 979 4607 divites
1024 4565 1268 4608 essemus
1315 4554 1359 4607 ⁹.
1395 4572 1416 4607 ι
1479 4553 1700 4609 Factum
1753 4566 1835 4612 est

266 4639 429 4709 igitur
464 4639 647 4702 homo,
680 4650 734 4693 ει
763 4642 1162 4710 generationem
1188 4658 1254 4698 ex
1281 4644 1502 4700 muliere
1520 4660 1737 4715 passum
1755 4647 1835 4700 di-

263 4729 423 4781 citnr.
456 4726 621 4797 lgitur
647 4740 927 4799 propterea
953 4730 1094 4800 quod
1139 4747 1205 4786 ex
1239 4744 1422 4788 sancta
1462 4735 1676 4806 Virgine
1710 4752 1834 4793 vere

264 4817 367 4876 sibi
387 4821 678 4875 adunatum
702 4836 894 4890 corpus
920 4823 1226 4891 acceperit;
1264 4824 1385 4880 inde
1423 4827 1682 4881 Θεοτόκον
1713 4843 1833 4884 esse

264 4907 495 4965 dicimus
536 4906 808 4978 Virginem
850 4921 1116 4975 sanctam,
1156 4912 1280 4981 quia
1325 4913 1376 4966 id
1426 4915 1677 4983 humane,
1723 4917 1838 4973 sive

164 5000 168 5005 '
264 4999 559 5056 secundnm
585 5013 801 5054 carnem
835 5002 1063 5069 peperit,
1094 5002 1218 5059 licet
1243 5004 1466 5059 liaberet
1488 5017 1611 5062 ante
1639 5011 1833 5065 saecula

264 5094 665 5162 generationem
697 5110 760 5148 ex
790 5093 969 5148 Patre.

334 5181 554 5250 Opinari
598 5191 776 5237 antem
829 5183 1115 5239 nonnullos
1161 5182 1395 5239 Verbum
1443 5186 1570 5243 hinc
1620 5189 1832 5245 initium

267 5272 435 5330 fuisse
468 5276 740 5340 sortitum,
786 5291 907 5330 cum
951 5275 1114 5330 homo
1148 5276 1219 5330 sit
1269 5276 1492 5342 lactum,
1544 5280 1834 5349 impietatis

264 5373 351 5417 est
393 5365 697 5436 ltu-orisque
745 5367 1134 5435 plenissimum.
1191 5366 1295 5422 Eos
1340 5371 1536 5424 etenim
1579 5371 1836 5442 insipien·

228 5534 234 5539 ὁ
269 5455 505 5513 tissimos
527 5474 667 5524 csse,
693 5459 1009 5514 monstravit
1039 5461 1151 5528 ipse
1173 5460 1417 5517 Salvator
1439 5464 1503 5516 ‹le
1524 5479 1582 5518 se
1609 5465 1793 5521 dicens
1817 5485 1832 5522 ε

335 5615 357 5648 ⁸
388 5614 552 5671 llcbr.
598 5634 679 5677 tn,
723 5621 772 5672 t.
849 5619 869 5650 ⁶
907 5619 1082 5674 Galat.
1115 5636 1187 5684 tv,
1229 5623 1280 5677 6.
1355 5624 1376 5654 ’
1414 5623 1567 5679 Joan.
1609 5640 1720 5688 xvi,
1752 5626 1805 5680 7.
1881 5632 1900 5663 ⁸
1934 5630 2089 5691 loon.
2129 5653 2163 5702 t,
2202 5639 2248 5695 l.

274 5680 317 5711 ¹³
345 5685 504 5743 Joan.
546 5703 583 5752 t,
614 5688 699 5744 30.
780 5688 820 5720 ¹³
853 5685 1005 5744 Joan.
1039 5707 1088 5758 a,
1117 5691 1205 5746 23.
1287 5693 1327 5725 ¹⁸
1359 5694 1374 5748 l
1413 5694 1540 5750 Cur.
1572 5711 1611 5759 t,
1638 5696 1707 5750 25

1937 4303 2179 4359 immittit
2206 4305 2421 4373 quidem
2452 4307 2620 4376 ipsam
2652 4309 3103 4372 inaestimabiliter
3133 4320 3280 4376 Deus
3314 4323 3371 4377 iu
3401 4338 3516 4379 eor-

1937 4409 2057 4463 pus,
2088 4405 2138 4447 et
2184 4409 2305 4448 cum
2357 4397 2473 4465 ipso
2511 4400 2677 4455 etiam
2720 4404 2999 4460 nascitur:
3027 4423 3199 4464 unum
3231 4420 3415 4468 tamen
3453 4429 3515 4469 ex

1938 4492 2166 4553 utroque
2195 4483 2392 4538 animal
2422 4487 2731 4555 delinimus,
2762 4492 3033 4550 hominem
3077 4499 3318 4555 scilicet.
3357 4501 3517 4574 igitar

1942 4573 2174 4628 Verbum
2215 4575 2432 4645 quidem
2482 4578 2623 4636 Dens
2669 4591 2812 4647 erat,
2857 4582 3061 4640 sactum
3093 4600 3185 4643 est
3230 4603 3422 4648 autem
3464 4602 3516 4647 et

1943 4662 2124 4725 ltomo,
2159 4672 2213 4716 et
2232 4663 2358 4733 quia
2388 4674 2569 4721 natum
2592 4678 2675 4723 est
2703 4670 3000 4726 seeundum
3022 4686 3272 4741 carnem,
3303 4687 3518 4747 propter

1942 4753 2333 4809 linntanitatem
2379 4759 2747 4814 necessarium
2788 4771 2895 4826 est,
2942 4775 3004 4819 ut
3039 4777 3165 4835 quae
3207 4768 3392 4836 ipsum
3426 4784 3517 4837 pe·

1939 4845 2099 4916 perit,
2130 4849 2203 4900 sit
2230 4847 2522 4913 Θεοτόκοςε
2557 4866 2681 4906 nam
2703 4853 2750 4908 si
2777 4869 2883 4910 non
2912 4858 3122 4925 peperit
3150 4857 3349 4926 ὓειιιιι,
3376 4872 3518 4917 eerte

1942 4950 2042 4989 nec
2079 4937 2288 4991 dicetur
2333 4937 2494 5003 Deus,
2528 4939 2621 5008 qni
2655 4951 2740 4996 est
2777 4943 2846 4997 ab
2885 4945 3000 5012 ipsa
3045 4951 3411 5020 progenitus;
3437 4952 3515 5007 sin

1937 5039 2071 5079 vero
2102 5024 2265 5082 Deu'm
2300 5028 2471 5095 ipsum
2512 5030 2709 5085 divinae
2742 5030 3039 5103 Scripturas
3069 5039 3387 5105 nominant,
3429 5058 3517 5112 pe·

1943 5116 2078 5180 perit
2110 5115 2224 5185 ipsa
2269 5116 2436 5172 Deum
2478 5117 2749 5178 bominem
2793 5123 3016 5190 lactum,
3047 5128 3324 5199 siqnidem
3360 5134 3516 5188 bomo

1941 5205 2097 5260 aliter
2137 5207 2251 5262 lieri
2298 5224 2403 5264 non
2450 5222 2651 5279 posset,
2704 5213 2806 5269 nisi
2856 5229 2951 5283 per
2997 5224 3416 5287 generationem
3451 5241 3512 5280 ex

1941 5296 2185 5351 muliere.
2219 5298 2498 5365 Quomodo
2533 5302 2697 5374 igitur
2724 5319 2830 5359 non
2859 5306 2950 5370 sit,
2990 5324 3112 5377 quae
3146 5312 3329 5382 ipsum
3353 5332 3513 5386 pepo·-

1942 5385 2348 5456 ιίι,’,Θεοτόκοςῖ
2374 5390 2523 5457 Quod
2545 5404 2723 5449 autem
2760 5396 2899 5451 Deus
2925 5398 2999 5453 sit
3023 5415 3211 5471 verus,
3238 5409 3338 5476 qui
3362 5419 3515 5463 natus

1942 5474 2065 5530 inde
2088 5485 2191 5542 est,
2223 5492 2286 5533 ex
2318 5478 2499 5536 divina
2540 5482 2819 5553 Scriptura
2849 5485 3133 5545 discimus.

2324 5641 2343 5672 ⁹
2375 5637 2413 5694 tt
2452 5640 2573 5696 Cor.
2608 5657 2725 5711 rin,
2766 5643 2816 5699 9.
2898 5648 3019 5683 ’Μ’
3049 5646 3215 5711 Joan.
3258 5671 3384 5723 vni,
3418 5654 3502 5712 51.
