3809 6125
238 304 377 364 {0⁴9

1297 309 1384 365 ΠΕ
1426 309 1527 365 SS.
1570 309 1945 369 'rmNtrATE
1986 316 2331 381 ntALOGUs
2371 325 2459 385 vt.

3366 334 3506 389 torto

235 424 325 478 ἐπ’·
362 421 570 497 ”stipa
601 428 959 502 παραῒρῡπῆν
987 428 1383 502 δῑωθῦῦμενος·
1414 432 1577 487 πάθοι
1608 433 1717 504 γὰρ
1748 434 1814 488 ἂν
1842 440 1891 496 Α
1920 449 2083 507 petuo
2117 456 2178 498 se
2197 444 2507 502 habiturum
2561 448 2698 504 eitra
2745 448 2908 507 ullam
2960 451 3011 507 in
3042 450 3188 507 aliud
3241 451 3506 505 mutatio-

233 513 433 585 ἥκιστά
473 534 538 586 γε
571 519 632 572 τὸ
664 521 902 589 πεφυκὸς
941 521 1118 593 άνιᾷν,
1157 523 1257 594 τὴν
1292 524 1428 594 ὑψοῦ
1461 541 1520 577 τε
1552 526 1649 579 καὶ
1673 526 1816 581 ἀνω-

228 604 376 661 τάτω
436 608 533 662 καὶ
578 609 675 682 τὴν
714 611 970 667 ἐπέκεινα
1030 612 1127 667 τοῦ
1169 614 1362 668 παθεῖν
1407 617 1818 688 ἀποτεμόμενος

231 700 416 769 φύσιν.
435 701 654 775 Ἐπειδὴ
702 703 759 759 δὲ
816 710 1218 778 κατακερτομεῖ
1257 724 1340 769 τις
1373 709 1521 778 ἡμᾶς
1566 708 1703 779 πρὸς
1736 704 1818 772 οἷς

229 790 368 863 ἔφην
398 791 585 865 ἕτερος
629 793 741 849 τῶν
779 795 1252 869 διεστραμμένων,
1286 798 1548 863 ἀσύνετος
1591 800 1710 870 μὲν,
1740 798 1817 866 ὡς

230 882 400 952 ἔοικε,
433 884 577 956 πλὴν
608 888 712 941 οὐκ
743 890 988 962 άτραχυς
1017 891 1199 961 λόγος,
1233 893 1321 947 ἐπ’
1348 893 1512 948 αὑτὸν
1538 876 1819 947 τεινέτωδ

228 977 421 1031 τείνων
439 979 503 1032 τὸ
524 979 678 1045 τόξον
697 982 892 1050 αὐτοῦ,
911 984 1052 1039 κατὰ
1073 985 1173 1057 τὴν
1188 984 1286 1041 τοῦ
1307 986 1587 1059 προφήτου
1610 984 1816 1058 φωνὴν,

227 1070 326 1123 καὶ
355 1070 444 1124 ἐπ’
469 1071 621 1143 αὐτῷ
647 1076 1014 1144 περιτιθέσθω,
1043 1078 1072 1130 6
1104 1060 1521 1151 περιτιθέμενος
1555 1077 1654 1149 τὴν
1685 1080 1819 1151 pop.-

118 1235 123 1239 .
229 1162 399 1232 φαίαν
423 1164 613 1229 αὐτοῦ,
647 1165 675 1219 ὅ
704 1167 852 1221 ἐστιν
885 1167 1026 1222 ὅπλα
1053 1167 1242 1223 αὐτοῦ.

303 1255 366 1311 Β.
418 1256 507 1319 Ὦς
531 1251 591 1310 εῦ
625 1257 734 1311 ίσθι
751 1275 835 1312 τοι
863 1259 1112 1331 δριμείας
1136 1262 1285 1331 ἡμᾶς
1309 1258 1637 1325 ἀπαλλάξεις
1653 1276 1822 1329 φρον·

227 1346 392 1413 τίδος,
421 1345 579 1418 οἷμον
626 1348 719 1432 ίῲν
748 1351 995 1420 ταυτηνὶ,
1030 1352 1124 1405 καὶ
1169 1349 1525 1423 παρενεγκὼν
1554 1352 1635 1415 είς
1659 1350 1820 1406 τοῦτο

227 1436 325 1491 τοῦ
351 1436 509 1507 λόγου
534 1438 633 1512 τὴν
662 1440 911 1511 βάσανον.
946 1444 1082 1496 Φασὶ
1114 1443 1312 1508 τοίνυν,
1345 1444 1429 1498 ὅτι
1461 1444 1567 1498 Τὸν
1590 1442 1818 1515 όμόθρο·

227 1546 343 1597 νον,
377 1530 498 1584 καθ’
530 1532 697 1603 ὑμᾶς,
732 1533 810 1604 τῷ
850 1534 1048 1606 Πατρὶ,
1080 1536 1178 1589 καὶ
1222 1535 1501 1608 σκῆπτρον
1529 1535 1719 1608 ἔχοντα
1756 1535 1819 1590 τδ

228 1621 555 1694 θεοπρεπὲς,
585 1624 638 1678 τί
681 1624 755 1697 μὴ
783 1626 879 1680 καὶ
916 1626 1054 1682 ἰδίαν
1081 1627 1475 1699 διακεκτῆσθαι
1496 1627 1728 1700 δύναμιν
1761 1628 1818 1683 αί

1923 540 2066 581 nem.
2102 526 2286 599 Neque
2314 535 2458 588 enirn
2500 537 2711 592 molesti
2735 540 3031 610 quidquam
3089 538 3351 609 patietur,
3409 540 3501 607 qul

1919 614 2208 673 sublimem
2276 630 2333 677 et
2403 623 2545 678 ultra
2604 640 2819 682 omnem
2889 629 3199 697 passionem
3270 625 3501 698 positam

1920 706 2144 765 sortitus
2158 718 2243 766 est
2266 721 2537 770 naturam.
2585 716 2851 784 Quoniam
2880 728 3056 775 autem
3113 720 3353 776 baeretici
3379 718 3501 772 aliis

1920 812 2019 853 nos
2071 814 2235 871 porro
2260 804 2444 861 verbis
2490 806 2855 878 ludificantur,
2896 811 3102 866 insanis
3139 810 3360 881 quidem
3392 809 3501 865 illis

1918 901 1974 944 et
2001 892 2229 962 asperis,
2260 895 2727 955 idcircointendat
2776 902 3064 958 intendens
3092 917 3279 958 arcum
3316 915 3495 965 suum,

1913 982 2067 1052 juxta
2093 983 2376 1057 Prophetae
2408 1004 2593 1047 vocem
2609 992 2677 1060 ⁸⁹,
2722 1002 2776 1049 et
2799 994 3116 1064 accingatur
3144 993 3236 1066 qui
3258 992 3498 1063 accingi·

1923 1085 2008 1132 tur
2039 1076 2220 1146 gladio
2259 1093 2380 1146 suo,
2418 1096 2537 1152 quae
2566 1092 2694 1138 sunt
2714 1100 2867 1139 arma
2890 1084 3025 1154 ejus.

1992 1249 2053 1304 Β.
2076 1250 2202 1306 Acri
2225 1267 2325 1307 nos
2363 1254 2552 1324 utique
2576 1270 2705 1310 cura
2737 1256 2995 1312 liberabis
3023 1256 3066 1311 si
3106 1255 3248 1311 banc
3283 1254 3502 1311 insistas

1918 1343 2087 1408 viam,
2116 1352 2171 1399 et
2202 1343 2343 1399 istud
2376 1345 2603 1401 rationis
2627 1359 2856 1402 examen
2874 1346 3090 1403 afferas.
3132 1346 3301 1401 Aiunt
3326 1358 3498 1412 ergo:

1922 1432 2119 1500 Quidni
2166 1432 2461 1502 Scripturae
2538 1436 2797 1491 divinitus
2872 1436 3148 1507 inspirante
3223 1436 3499 1505 propriam

1920 1539 2138 1596 quoque
2191 1525 2299 1580 vim
2363 1540 2427 1581 ac
2469 1534 2792 1596 potestatem
2844 1528 3099 1583 obtinere
3142 1525 3501 1597 pronuntiant

1921 1633 2044 1674 eum
2080 1618 2194 1689 qui,
2249 1626 2308 1673 ut
2351 1618 2536 1687 vultis,
2591 1621 2644 1674 in
2696 1620 2888 1675 eodem
2933 1620 3071 1675 solio
3144 1634 3266 1674 cum
3337 1618 3500 1673 Patre

226 1712 578 1768 θεόπνευστοι
639 1717 1026 1788 χρησμῳδοῦσι
1083 1719 1334 1791 Γραφαίς
1395 1719 1818 1792 Ἐνεργούμενον
1923 1712 2269 1779 cottsidet,ac
2295 1722 2568 1783 sceptrum
2591 1713 2885 1769 babetDeo
2902 1709 3499 1783 congruumYOperan·

225 1806 339 1878 γὰρ
367 1806 516 1879 αὐτῷ
542 1807 607 1880 δὴ
642 1811 793 1863 τουτὶ
840 1811 900 1864 τὸ
944 1810 1227 1880 δύνασθαι,
1266 1812 1418 1883 παρὰ
1456 1812 1552 1869 τοῦ
1599 1813 1812 1885 Πατρὸς
1849 1778 1892 1832 Β
1923 1805 1975 1859 di
2006 1805 2150 1860 enim
2187 1813 2515 1877 potestatem
2553 1806 2627 1861 illi
2652 1806 2769 1861 [ieri
2812 1822 2842 1860 a
2881 1804 3042 1860 Patre
3082 1802 3309 1867 videbis,
3333 1810 3391 1858 et
3428 1817 3498 1857 ex

225 1898 438 1954 κατίδοι
472 1917 556 1966 τις
585 1901 671 1967 ἂν,
701 1902 795 1955 καὶ
830 1902 888 1969 ἐξ
928 1903 1108 1957 αὐτῶν
1138 1904 1408 1975 ἀναμάθοι
1439 1904 1550 1960 τῶν
1576 1902 1674 1961 τοῦ
1695 1906 1812 1959 Σω-

224 1990 395 2062 τῆρος
446 1992 882 2066 ῥημάτων.Ἔφη
931 1996 1076 2069 γάρ·
1117 1996 1329 2069 «Ἀμὴν
1380 1996 1524 2067 λέγω
1571 1997 1720 2068 ὑμῖν,
1750 1996 1813 2050 οὐ

223 2081 447 2137 δύναται
494 2084 524 2137 6
575 2084 704 2149 Υίδς
757 2088 931 2139 ποιεῖν
974 2087 1066 2155 ἀφ’
1093 2086 1289 2139 ἐαυτοῦ
1320 2085 1494 2149 οὐδὲν,
1524 2084 1621 2139 ἐὰν
1653 2084 1726 2156 μή
1761 2102 1814 2137 τι

227 2173 404 2250 βλέπῃ
429 2176 519 2229 τὸν
549 2177 770 2250 Πατέρα
804 2179 1161 2234 ποιοῦντα.“Α
1189 2178 1298 2249 γὰρ
1329 2178 1395 2233 ἂν
1423 2181 1630 2243 ἐκεῖνος
1659 2180 1811 2250 ποιῇ,

222 2263 526 2348 ταῦταικαλ1
554 2266 582 2318 6
611 2266 741 2330 Υἱὸς
769 2268 971 2339 ὁμοίως
1004 2270 1166 2323 ποιεῖ.
1202 2288 1221 2321 ι
1267 2268 1376 2322 Καὶ
1408 2266 1573 2323 πάλιν
1596 2271 1627 2299 ·’
1651 2288 1669 2319 ι
1692 2266 1813 2321 Ἀπ’

223 2355 466 2427 ἐμαυτοῦ
488 2355 639 2410 οὐδὲν
666 2356 826 2424 ποιῶ,
844 2360 872 2412 6
894 2358 950 2412 δὲ
973 2359 1165 2431 Πατὴρ
1189 2360 1246 2412 ἐν
1272 2359 1397 2430 ἐμοὶ
1426 2357 1625 2429 μένων,
1652 2358 1815 2423 αὐτὸς

222 2452 371 2503 ποιεῖ
393 2450 462 2503 τὰ
488 2449 642 2521 ἔργα.
675 2468 695 2503 ι

293 2541 359 2595 Δ.
411 2540 618 2613 Ἰσχύος
659 2535 753 2595 οῦν
803 2542 914 2615 άρα
965 2542 1065 2615 τῆς
1109 2542 1448 2615 θεοπρεποῦς
1494 2544 1684 2599 ἐπιδεᾶ
1721 2545 1815 2600 καὶ

221 2633 445 2689 ἄναλκιν
474 2632 688 2703 ἀληθῶς
709 2632 803 2687 τὸν
835 2635 899 2687 ἐκ
936 2633 1073 2688 Θεοῦ
1103 2636 1318 2707 Πατρδς
1347 2635 1632 2707 πεφηνότα
1661 2636 1810 2701 Υίὸν,

221 2728 252 2781 6
277 2725 486 2799 θρασὺς
525 2726 632 2778 τῶν
672 2726 981 2790 διεναντίας
1017 2726 1701 2799 καταμαντεύεται·λόγος,
1731 2726 1815 2795 οἷς

223 2814 293 2870 ἂν
324 2816 549 2876 εἰκότως
585 2815 721 2886 πρός
743 2833 800 2869 τε
836 2816 995 2888 ἡμῶν
1022 2816 1204 2871 αὐτῶν
1237 2818 1331 2871 καὶ
1364 2817 1500 2889 πρὸς
1525 2818 1700 2873 αὐτοῦ
1727 2819 1815 2874 λέ-

222 2924 372 2976 γοιτο
396 2906 490 2960 τοῦ
521 2906 776 2977 Χριστοῦ·
814 2926 832 2958 ι
864 2907 1168 2975 Πλανᾶσθε,
1202 2909 1278 2980 μὴ
1305 2909 1513 2973 εἰδότες
1542 2907 1643 2975 τὰς
1671 2910 1812 2982 Γρα-

225 2999 354 3069 φάς,
392 2998 527 3069 μηδὲ
567 2996 665 3066 τὴν
696 2996 923 3068 δύναμιν
953 2998 1048 3052 τοῦ
1082 2999 1242 3053 Θεοῦ.
1275 3020 1293 3053 ι
1316 3001 1528 3074 ’Ὠσπερ
1556 3002 1668 3074 γάρ
1699 3003 1814 3057 ἐστι

225 3092 326 3146 καὶ
344 3087 509 3142 εἰκὼν
533 3085 629 3140 τοῦ
649 3087 880 3158 Πατρδς,
909 3089 1004 3144 καὶ
1027 3091 1211 3159 σοφία,
1234 3092 1329 3145 καὶ
1355 3090 1503 3159 δόξα,
1523 3094 1616 3148 καὶ
1636 3095 1814 3149 άπαύ·
1844 3131 1891 3194 C

232 3195 445 3251 γασμα,
474 3178 567 3233 καὶ
611 3178 915 3250 χαρακτὴρ,
947 3180 1120 3244 οὕτως
1148 3184 1307 3236 νοοῖτ’
1339 3183 1405 3237 ἂν
1442 3186 1540 3239 ’καὶ
1566 3186 1815 3259 δύναμις,

234 3272 304 3326 δι’
335 3266 404 3343 ἧς
433 3268 655 3341 ἐνεργὸς
681 3271 762 3334 εἰς
807 3270 918 3323 πᾶν
958 3269 1137 3324 ὁτιοῦν
1164 3271 1275 3328 τῶν
1308 3268 1691 3346 πεποιημένων
1729 3279 1821 3348 γέ·

231 3359 356 3430 γονέ
393 3376 472 3424 τε,
507 3359 604 3413 καὶ
634 3358 774 3425 ἔστι,
808 3359 905 3413 καὶ
936 3358 1116 3417 ἔσται.
1146 3376 1173 3414 t
1198 3360 1385 3417 Πάντα
1416 3363 1526 3436 γὰρ
1555 3365 1622 3420 δι’
1653 3368 1819 3422 αὐτοῦ

225 3454 469 3524 ἐγένετο,
492 3453 588 3509 καλΙ
615 3452 787 3525 χωρὶς
812 3451 981 3508 nevos
1002 3434 1228 3523 θ’γῦνετο
1245 3452 1416 3510 οὐδέν.
1449 3475 1470 3508 ›
1484 3457 1690 3531 Ὀνπερ
1712 3460 1821 3532 γὰρ

224 3546 430 3621 τρόπον
472 3545 524 3599 oi
571 3543 911 3617 βαναυσικῆς
956 3562 1103 3611 τινος
1149 3545 1351 3620 τέχνης
1413 3549 1818 3622 ἐπιστήμονες,

225 3636 558 3710 χαλκοτύποι
590 3636 775 3708 τυχὸν,
805 3638 976 3709 ἠγουν
1011 3638 1351 3710 ἐπιτήδευμα
1387 3641 1447 3694 τὸ
1475 3640 1822 3712 λιθουργικδν

225 3732 327 3785 οὐκ
358 3730 722 3801 άθαυμάστως
751 3730 1142 3803 ἐξησκημένοι,
1178 3730 1353 3804 δρῷεν
1379 3731 1447 3788 ἂν
1485 3734 1583 3805 οὐχ
1617 3730 1852 3808 ἑτέρως’

225 3822 298 3876 τὰ
335 3821 834 3894 τεχνουργούμενα,
863 3822 1006 3894 πλὴν
1048 3823 1131 3877 ὃτι
1175 3822 1264 3877 διά
1309 3825 1493 3897 χειρὸς
1521 3828 1622 3898 τῆς
1660 3827 1820 3895 ίδίας,

231 3914 329 3968 καὶΙ
377 3913 480 3985 τῆς
525 3913 751 3986 ἐνούσης
795 3914 980 3979 αὐτοῖς
1025 3901 1315 3986 ἀσκήσεώς
1343 3933 1401 3969 τε
1427 3917 1565 3989 ὁμοῦ
1601 3920 1822 3993 καὶτῆς

230 4009 312 4072 είς
347 4007 485 4079 ἔργα
513 4006 703 4077 σοφίας
721 4023 736 4036 ·
768 4007 911 4063 κατὰ
937 4007 1237 4081 τὸνμύτδν,
1265 4003 1442 4080 οἶμαι,
1465 4008 1624 4080 λόγον
1644 4000 1823 4079 ὀΘεδς

228 4100 327 4154 καὶ
358 4098 564 4170 Πατὴρ,
601 4098 700 4171 τὴν
727 4099 816 4168 ἐφ’
840 4094 922 4164 οἷς
963 4100 1030 4153 ἂν
1069 4099 1379 4172 ἐθελήσειεν
1409 4101 1691 4175 ἐνέργειαν
1723 4106 1820 4180 δη-

230 4191 594 4264 μιουργικὴν,
629 4191 704 4256 ὡς
751 4190 838 4245 διὰ
885 4191 1167 4262 δυνάμεως
1221 4193 1356 4258 ίδίας
1401 4197 1684 4269 ποιήσεται
1725 4200 1818 4255 τοῦ

228 4284 384 4340 Υίοῦ.
421 4286 526 4339 Kal
562 4284 695 4356 γοῦν
726 4287 755 4339 6
783 4284 926 4348 θεῖος
954 4285 1138 4349 Acme,
1171 4285 1456 4352 ζῶσάν-τε
1506 4292 1600 4345 καὶ
1622 4294 1820 4352 ἐνυπό-

229 4396 427 4433 στατον
481 4380 766 4449 ἐνέργειαν
798 4395 858 4432 τε
897 4379 992 4432 καὶ
1017 4378 1248 4451 δύναμιν
1281 4381 1374 4437 τοῦ
1416 4384 1631 4458 Πατρὸς
1663 4386 1819 4455 εἰδὼς

1924 1898 2055 1968 ipsis
2133 1896 2445 1954 Servatoris
2493 1899 2675 1954 verbis
2738 1912 3023 1967 agnosces.
3094 1895 3243 1951 Dixit
3306 1895 3448 1950 enim
3481 1910 3495 1949 ι

1928 2008 1947 2042 ι
1970 1991 2143 2046 Amen
2165 1992 2286 2047 dico
2307 1992 2481 2054 vobis,
2507 2007 2612 2046 non
2635 1999 2812 2061 potest
2828 1990 2999 2047 Filius
3016 2004 3044 2042 a
3066 1988 3323 2044 sefacere
3343 1987 3498 2058 quid·

1922 2097 2117 2152 qnam,
2211 2084 2314 2141 nisi
2388 2085 2533 2156 quod
2620 2083 2819 2140 viderit
2892 2083 3109 2140 Patrem
3167 2082 3495 2138 facientem:

1922 2189 2257 2246 quaecunque
2280 2177 2424 2231 enim
2447 2176 2537 2231 ille
2566 2176 2778 2241 feeerit,
2815 2176 2930 2232 baec
2956 2184 3008 2229 et
3024 2174 3199 2230 Filius
3235 2171 3489 2229 similiter

1923 2267 2055 2322 fucit
2083 2267 2152 2322 ⁸⁰.
2196 2287 2215 2320 ι
2275 2266 2441 2323 Ιιειηι
2506 2286 2525 2320 ι
2586 2269 2631 2323 Α
2683 2268 2923 2337 meipso
2961 2266 3093 2321 nibil
3144 2265 3310 2331 facie,
3339 2263 3503 2318 Pater

1922 2368 2100 2415 autem
2123 2359 2176 2414 in
2211 2375 2296 2415 me
2322 2375 2547 2417 manens
2575 2359 2690 2431 ipse
2719 2359 2850 2416 facit
2873 2372 3035 2429 opera
3061 2357 3130 2412 ⁸¹.
3162 2378 3185 2409 ν

1992 2539 2060 2597 Α.
2089 2540 2317 2597 Virtutis
2339 2540 2522 2611 itaque
2551 2539 2748 2594 ‹livinm
2796 2546 3098 2608 expertem,
3147 2544 3204 2591 et
3228 2534 3498 2589 imbellem

1920 2647 2042 2689 esse
2100 2646 2289 2689 revera
2343 2630 2539 2688 Filium
2612 2632 2809 2702 quiex
2863 2632 2975 2688 Deo
3025 2628 3185 2685 Patre
3231 2627 3497 2698 procedit,

1924 2734 2131 2782 temere
2170 2724 2510 2781 liariolantur
2534 2723 2860 2789 adversarii,
2906 2720 3105 2794 quibus
3143 2719 3269 2791 jure
3304 2719 3499 2775 merito

1922 2836 1952 2874 a
2003 2819 2159 2876 nobis
2185 2818 2341 2888 ipsis,
2367 2829 2423 2873 et
2447 2818 2516 2872 ab
2540 2818 2658 2888 ipso
2686 2816 2907 2873 Christo
2943 2816 3186 2871 dicetur:
3215 2832 3234 2866 ι
3267 2812 3497 2875 Erratis,

1920 2910 2230 2967 nescientes
2293 2909 2628 2980 Scripturas,
2688 2922 2864 2979 neque
2937 2909 3193 2962 virtutem
3248 2904 3343 2960 Dei
3365 2903 3432 2958 ⁸⁸.
3476 2922 3497 2956 ι

1920 2998 2386 3069 Quemadmodum
2419 3000 2564 3054 enim
2598 3007 2683 3054 est
2715 2999 2889 3069 imago
2907 2997 3107 3063 Patris,
3134 3003 3187 3052 et
3209 2995 3499 3066 sapientia.

1922 3101 1979 3148 et
2025 3090 2219 3163 gloria,
2282 3100 2338 3148 et
2398 3091 2673 3163 splendor,
2734 3100 2791 3147 et
2855 3090 3164 3155 character,
3200 3088 3281 3143 sic
3338 3085 3499 3140 etiam

1923 3187 2101 3243 virtus
2157 3186 2492 3253 censebitur,
2561 3201 2661 3256 per
2715 3197 2879 3255 quam
2932 3182 3112 3255 opifex
3153 3181 3276 3242 fuit.
3316 3187 3421 3246 est,
3448 3187 3504 3233 et

1922 3280 2028 3335 erit
2050 3278 2289 3337 omnium
2320 3286 2709 3335 creaturarum.
2760 3296 2780 3331 ι
2814 3275 3007 3332 Omnia
3032 3273 3177 3329 enim
3201 3287 3300 3342 per
3323 3271 3500 3341 ipsum
3578 3327 3582 3331 ,

1924 3373 2063 3430 facta
2099 3381 2249 3438 sunt,
2276 3383 2331 3428 et
2363 3373 2481 3428 sine
2506 3371 2624 3442 ipso
2671 3369 2873 3424 iactum
2912 3376 2996 3423 est
3034 3366 3168 3422 nibil
3197 3365 3263 3418 ⁸⁸.
3305 3381 3325 3417 »
3351 3362 3504 3418 Sicut

1922 3465 2067 3522 enim
2108 3460 2413 3519 mechanici
2456 3461 2670 3532 quidam
2704 3459 2966 3522 artificeS,
2987 3466 3113 3527 puta
3136 3455 3273 3510 fabri
3296 3453 3499 3519 aerarii,

1924 3567 2016 3614 aut
2038 3558 2197 3630 periti
2223 3555 2497 3628 lapidarii,
2548 3555 2715 3628 616
2754 3568 2863 3608 nnn
2912 3551 3071 3606 aliter
3101 3551 3215 3619 ipsa
3242 3563 3350 3604 suae
3370 3546 3506 3601 artis

1923 3667 2091 3723 opera
2117 3666 2286 3724 quam
2326 3665 2423 3706 sua
2457 3663 2645 3713 manu,
2702 3645 3075 3709 fabricatione.
3126 3653 3181 3698 et
3238 3641 3504 3696 industria

1924 3744 2169 3801 faciunt-2
2196 3743 2406 3806 eadem,
2436 3740 2647 3810 opinor,
2702 3738 2914 3793 ratione
2952 3735 3094 3791 Deus
3116 3749 3181 3790 ac
3206 3733 3502 3802 Paterquae

1924 3839 1974 3894 vi
2015 3834 2317 3894 conditrice
2388 3831 2569 3889 facere
2629 3831 2731 3887 sibi
2798 3827 3161 3900 proposuerit,
3222 3840 3321 3897 per
3380 3822 3503 3878 Filii

1924 3931 2202 3993 virtutem,
2257 3925 2422 3981 veluti
2473 3938 2571 3996 per
2619 3922 2897 3993 propriam
2964 3920 3151 3976 saciet.
3234 3915 3501 3984 Quocirca

1923 4021 2140 4078 divinus
2167 4019 2336 4075 David
2381 4032 2505 4074 cum
2555 4015 2824 4071 viventem
2876 4023 2933 4069 et
2977 4011 3316 4084 hypostatice
3352 4007 3501 4064 exsi-

1923 4123 2157 4170 stentem
2186 4112 2295 4168 vim
2323 4120 2379 4166 et
2408 4109 2781 4182 operationem
2828 4107 3003 4162 Patris
3054 4103 3248 4159 Filium
3303 4115 3505 4171 eogno-

1921 4216 2120 4276 sceret,
2144 4204 2489 4278 precabatur,
2536 4203 2756 4260 dicens:
2787 4219 2806 4253 ι
2849 4199 3065 4263 Manna,
3114 4198 3275 4260 Dens,
3317 4191 3504 4246 virtuti

1923 4312 2052 4358 tuae:
2130 4299 2389 4356 confirma
2436 4297 2561 4364 boc,
2591 4297 2755 4362 Deus,
2805 4293 2945 4364 qnod
3005 4300 3260 4361 operatus
3324 4301 3385 4341 es
3449 4284 3504 4340 in

1922 4394 2077 4449 nobis
2103 4393 2175 4450 ⁸⁸.
2222 4411 2243 4444 ›
2288 4390 2489 4448 Paulus
2520 4398 2701 4444 autem
2749 4383 3189 4457 sapientissimus
3225 4379 3501 4436 Christum

227 4471 320 4525 τὸν
353 4471 505 4538 Υῑὸν»
537 4472 936 4543 κατηντῑὸόλεῑν
967 4470 1142 4540 λέγων
1171 4485 1185 4500 “
1224 4473 1555 4541 (Ἔνῒεῑλαῑ,
1594 4479 1623 4531 ὁ
1664 4478 1817 4547 θεὸς,
1855 4477 1897 4532 ὓ
1930 4486 2021 4541 Dei
2089 4486 2343 4539 virtutem
2386 4491 2442 4537 et
2497 4479 2592 4536 Dei
2623 4478 2946 4550 sapientiam
2994 4489 3115 4532 esse
3172 4473 3346 4545 palam
3394 4469 3506 4526 cla-

225 4566 294 4636 τῇ
326 4565 550 4636 δυνάμει
578 4583 670 4620 σου
690 4581 706 4597 ·
735 4564 1074 4633 δυνάμωσον,
1102 4566 1130 4619 6
1160 4561 1311 4631 Θεὸς,
1341 4566 1514 4634 τοῦτο,
1546 4569 1574 4623 6
1605 4589 1819 4646 κατηρ-

1923 4575 2128 4632 mabat.

225 4661 364 4717 τίσω
413 4661 471 4714 ἐν
517 4662 667 4734 ἡμῖν.
700 4680 720 4715 ι
775 4659 988 4728 Παῦλος
1042 4660 1100 4714 δέ
1162 4663 1190 4716 6
1248 4661 1594 4733 σοφώτατος,
1644 4668 1880 4743 Χριστὸν
1956 4670 2091 4728 Θεοῦ
2139 4668 2370 4740 δύναμιν
2419 4665 2516 4722 καὶ
2564 4663 2699 4719 Θεοῦ
2758 4662 2950 4734 σοφίαν
3001 4661 3361 4733 ἀνεκεκράγει
3411 4675 3505 4713 σα-

228 4772 368 4828 φως.

299 4848 362 4901 Β.
404 4846 525 4900 Οὐδ’
561 4847 627 4901 ἂν
678 4846 834 4901 αὐτοὶ
882 4849 1038 4917 φαῖεν
1071 4845 1297 4902 ἄναλκιν
1343 4844 1484 4905 εἶναι
1527 4853 1619 4908 τὸν
1664 4855 1814 4922 Υίδν,

224 4940 345 4995 ἀλλ’
372 4940 513 5006 οὐδὲ,
563 4941 621 4992 ἐν
657 4940 758 5011 ἴσῳ
799 4941 1105 5011 προφήταις
1150 4938 1248 4993 καὶ
1289 4939 1630 5011 ἀποστόλοις,
1674 4947 1813 5002 ἐλεῖν

225 5034 286 5088 ἐν
318 5022 493 5104 χρόνῳ
526 5032 587 5086 τὸ
611 5031 866 5086 δύνασθαι
897 5031 1037 5085 κατὰ
1081 5031 1265 5104 χάριν,
1296 5031 1480 5088 λαδεῖν
1517 5035 1575 5089 δὲ
1612 5038 1814 5108 μᾶλλον

227 5125 364 5195 αὐτῇ
410 5127 474 5195 τῇ
511 5124 740 5192 ὑπάρξει
772 5121 1358 5195 συγκαταδεὸλημένον
1402 5123 1566 5189 εὐθὺς
1608 5126 1670 5181 τὸ
1705 5129 1812 5183 πᾶν

225 5215 406 5270 ὁτιοῦν
435 5213 696 5269 δύνασθαι
730 5212 1050 5285 κατορθοῦν.

298 5306 363 5359 Α.
404 5307 467 5360 Oi
497 5305 682 5377 ἐχθροὶ
710 5303 868 5378 ἡμῶν
899 5305 1137 5376 ἀνόητοι,
1156 5305 1296 5362 κατὰ
1316 5308 1380 5363 τδ
1400 5310 1805 5384 γεγραμμένον.

239 5400 479 5469 Ἀγνοεῖν
502 5398 613 5470 γάρ
641 5398 849 5452 ἐοίκασι
879 5397 941 5451 τὸ
972 5396 1324 5470 ζητούμενον.
1353 5401 1812 5477 Πολυπραγμονεῖ

225 5490 287 5545 δὲ
326 5491 459 5562 ἡμῖν
495 5491 576 5552 είς
605 5490 664 5543 τὸ
692 5489 867 5565 παρὸν
896 5491 924 5543 6
947 5488 1125 5559 λόγος,
1160 5490 1281 5562 οὐχὶ
1324 5492 1529 5563 πηνίκα
1561 5495 1654 5550 καὶ
1691 5495 1810 5561 πῶς

228 5582 466 5638 δέδωκεν
496 5582 524 5634 6
559 5581 747 5653 Πατὴρ
793 5580 855 5634 τὸ
902 5580 1162 5636 δύνασθαι
1206 5583 1282 5655 τῷ
1321 5583 1458 5657 Υίῷ,
1506 5586 1622 5641 ἀλλ’
1652 5588 1810 5660 είπερ

301 5741 347 5775 ‘¹'
380 5739 522 5797 Psal.
549 5756 676 5808 nvn,
718 5739 770 5795 8.
848 5740 891 5772 θ’
913 5738 1067 5795 Joan.
1099 5755 1148 5810 v,
1184 5741 1264 5797 19.
1341 5743 1382 5776 ⁸¹
1415 5739 1570 5800 Joan.
1606 5761 1713 5812 σιν,
1746 5747 1833 5802 50.

1990 4856 2051 4911 B.
2089 4852 2169 4912 Ne
2207 4853 2311 4925 ipsi
2355 4849 2580 4923 quidem
2637 4846 2874 4905 dixerint
2918 4844 3186 4901 imbellem
3243 4860 3365 4904 esse
3414 4845 3506 4904 Fi·

1920 4949 2071 5012 tium,
2096 4946 2191 5003 sed
2223 4958 2397 5016 neque
2426 4942 2647 5014 perinde
2677 4955 2741 4995 ac
2768 4937 3060 5009 propbetas
3107 4947 3161 4992 et
3210 4937 3500 5008 apostolos,

1917 5037 2187 5108 accepisse
2215 5050 2309 5107 per
2338 5031 2656 5103 gratiatnin
2706 5039 2946 5101 tempore
3002 5038 3344 5101 potestatem,
3408 5030 3502 5084 sed

1917 5129 2165 5199 accipere
2198 5125 2378 5196 potius
2406 5139 2646 5181 unacum
2669 5132 2864 5179 natura
2890 5139 2985 5179 sua
3013 5123 3228 5178 insitam
3261 5118 3501 5187 cujusvis

1920 5216 1993 5271 rei
2022 5215 2279 5272 facienda
2310 5222 2654 5285 potestatem.

1991 5307 2055 5361 Α.
2113 5305 2317 5361 Inimici
2373 5305 2546 5361 nostri
2601 5304 2941 5375 insipientes,
2979 5312 3038 5357 ut
3068 5300 3329 5372 scriptum
3389 5309 3493 5357 cst.

1920 5399 2172 5470 lgnorare
2191 5399 2335 5455 enim
2355 5397 2608 5455 videntur
2633 5396 2685 5453 id
2702 5397 2844 5470 quod
2860 5396 2912 5451 in
2928 5394 3226 5466 quaestione
3247 5394 3494 5452 vertitur.

1921 5490 2074 5547 Nune
2112 5501 2293 5548 autem
2331 5491 2654 5563 inquirimus
2701 5505 2807 5546 non
2849 5487 3067 5561 quando
3116 5495 3171 5544 ct
3227 5488 3498 5559 quomodo

1921 5583 2079 5641 l’atcr
2164 5594 2485 5657 potestatem
2532 5583 2743 5642 dederit
2803 5582 2960 5651 Filio,
3038 5583 3133 5640 sed
3199 5590 3385 5637 utrum
3439 5580 3494 5636 in

1914 5746 1958 5779 θ’
1992 5745 2156 5803 Marc.
2191 5762 2285 5815 xn,
2328 5747 2419 5802 2l.
2497 5746 2542 5780 ⁸⁸
2580 5698 2736 5804 «loun.
2771 5761 2808 5813 t,
2833 5745 2885 5801 5.
2965 5742 3010 5777 ⁸⁸
3043 5737 3491 5807 Psal.t.xvtt,2⁰.
