3809 6125
287 295 416 353 §0ss

1353 302 1439 359 DE
1478 302 2001 367 88.ΤΒΙΝ1ΤΑΤΕ
2040 310 2385 373 mALoGts
2425 316 2514 373 Vl.

3423 320 3561 376 1012

281 410 568 476 θεσπέσιος
600 413 778 486 γράφε
786 434 801 469 ι
830 415 1079 481 Παῦλος·
1112 436 1131 469 ι
1157 416 1248 471 Διὸ
1277 418 1556 488 βασιλείαν
1579 422 1875 478 ἀσάλευτον
1904 430 1950 489 Α
1980 426 2053 483 tia
2087 427 2152 483 ⁸⁷.
2186 448 2205 481 ι
2239 429 2405 501 Cujus
2434 445 2561 502 ergo
2590 432 2739 503 regni
2775 433 3018 490 dicemus
3053 435 3223 506 ipsum
3271 434 3360 492 hic
3408 451 3558 493 tneu-

281 504 826 576 παραλαμὸάνοντες.
875 506 1071 579 ἔχομεν
1104 507 1284 580 χάριν,
1316 509 1383 563 δι’
1412 505 1481 583 ῆς
1519 511 1872 584 λατρεύωμεν

278 595 593 668 ευαρέστως
631 598 712 670 τῷ
743 598 880 671 Θεῷ.
913 618 932 652 ι
983 599 1274 665 Βασιλείας
1312 597 1426 656 οῦν
1449 604 1557 673 ἀρα
1593 605 1695 675 τῆς
1728 605 1869 670 τίνος

279 688 442 742 αὑτὸν
465 688 866 762 διαμεμνῆσθαι
892 692 1141 763 φήσομεν
1165 692 1224 747 ἔν
1252 710 1317 764 γε
1345 695 1602 761 τουτοισι,
1629 697 1868 767 φράσαις

1980 520 2181 576 tionem
2208 521 2424 589 fecisse,
2450 523 2648 579 doceas
2673 538 2884 594 precor.
2913 524 3042 582 Vide
3076 541 3239 595 porro
3265 543 3373 598 quo
3396 539 3556 598 pacto

1976 608 2153 680 ipsum
2171 611 2385 667 firmum
2410 612 2524 669 fore
2556 614 2653 680 ait,
2687 624 2742 670 et
2805 616 3181 673 inconcussum
3236 632 3556 688 permansu-

1978 716 2113 755 rum.
2126 701 2240 760 Hoc
2266 704 2410 760 enim
2439 706 2710 775 significat
2738 706 2823 761 illa
2859 723 2983 774 vox,
3016 709 3377 768 ἀσάλευτον.

280 780 368 841 ἂν,
398 772 445 833 ὦ
480 782 693 851 ἐταῖρε;
731 780 896 852 wop:
904 800 918 835 t
956 782 1014 835 δὲ
1051 783 1201 849 ὅπως
1263 784 1436 855 αὐτὴν
1497 787 1897 861 ἐρηρεισμένην
1932 789 2154 849 ἔσεσθαι
2201 793 2371 876 λέγε.,
2419 799 2513 852 καὶ
2551 797 2639 852 ἀεὶ
2704 798 2973 871 λαχοῦσαν
3019 801 3081 855 τὸ
3123 803 3555 858 ἀκατάσειστον·

276 872 428 941 ο-ηλοῖ
454 874 586 945 γὰρ,
617 868 771 945 οἶμαί
808 892 935 942 που,
969 878 1118 930 τουτὶ
1148 877 1211 931 τδ
1237 877 1603 938 ἀσάλευτον.

352 964 414 1018 Β.
450 963 524 1018 Ου
565 963 769 1033 σφόδρα
816 962 882 1019 ἀν
915 964 1097 1035 ἔχοιμι
1137 966 1327 1036 σαφῶς
1357 970 1553 1036 εἰπεῖν,
1581 967 1870 1043 βουλοίμην

275 1054 325 1109 δ
358 1054 425 1110 ἂν
458 1054 634 1124 ἔγωγε
652 1054 1009 1111 διαπυθέσθαι
1045 1073 1164 1113 σου.

346 1172 413 1224 Α.
450 1168 904 1225 Ἐκδασανιστέον
941 1171 1005 1244 δὴ
1043 1168 1160 1237 οῦν.
1191 1172 1321 1227 ἐπεί·
1343 1190 1425 1228 τοι
1461 1173 1630 1241 δοκεῖ,
1664 1174 1870 1247 πότερα

273 1262 374 1335 τὴν
411 1262 540 1316 Υίοῦ
570 1261 869 1342 βασιλείαν,
898 1265 1066 1336 ῆγουν
1092 1265 1193 1336 τὴν
1221 1265 1317 1320 καὶ
1344 1265 1528 1332 αὐτοῖς
1551 1267 1666 1328 τοῖς
1694 1265 1870 1333 ἁγίοις

272 1354 669 1426 δοθησομένην,
708 1356 893 1427 φησίν.
931 1358 992 1410 Et
1025 1358 1124 1429 μὲν
1164 1352 1263 1413 οῦν,
1299 1357 1517 1429 ἀμείνω
1546 1356 1659 1426 ,τοῦ
1698 1374 1868 1427 μετα-

274 1447 495 1504 πίπτειν
517 1447 777 1501 δύνασθαι
832 1448 928 1501 καὶ
960 1450 1413 1521 ἀπαρακόμιστον
1434 1444 1576 1506 εἶναί
1604 1466 1739 1520 φασι
1770 1449 1870 1522 τήν

272 1556 335 1595 τε
379 1538 663 1612 βασιλείαν
694 1539 788 1594 καὶ
816 1539 1090 1613 ὑπεροχὴν
1109 1540 1203 1595 τοῦ
1230 1540 1383 1607 Υίοῦ,
1412 1538 1870 1614 πεφλυαρηκότας

272 1633 399 1702 είκῆ
443 1632 900 1708 κατερυθριάσειν
944 1628 1100 1705 οἵμαί
1136 1650 1239 1687 που
1272 1633 1400 1698 τοὺς
1436 1632 1762 1697 διεναντίας.
1805 1633 1870 1687 Et

2051 971 2111 1028 B.
2150 973 2301 1029 Haud
2326 976 2549 1031 inultum
2572 977 2719 1033 clare
2748 979 3019 1048 explicare
3035 996 3195 1053 queo,
3222 984 3315 1041 sed
3336 985 3463 1043 illud
3490 1005 3555 1045 cx

1980 1076 2033 1121 te
2067 1068 2255 1121 audire
2285 1067 2469 1122 velitn.

2051 1178 2115 1235 A.
2150 1178 2586 1238 Examinandum
2638 1192 2725 1239 est
2775 1185 2976 1255 igitur„
3016 1188 3231 1258 quando
3276 1189 3349 1246 ita
3400 1191 3553 1258 libet,

1978 1284 2159 1327 utrum
2196 1270 2319 1326 Filii
2343 1286 2566 1342 regnum
2598 1274 2761 1341 dicat,
2784 1291 2853 1330 an
2883 1276 3011 1333 illud
3047 1280 3193 1350 quod
3210 1283 3556 1339 sanctisdatt-

1978 1363 2102 1418 dunt
2136 1372 2241 1419 est.
2266 1362 2321 1418 Si
2352 1380 2485 1436 ergo
2512 1365 2846 1424 immutabile
2876 1380 2930 1424 et
2964 1371 3240 1429 immobile
3299 1372 3424 1431 Filii
3466 1392 3556 1432 re·

1978 1468 2141 1525 gnum
2185 1463 2240 1510 et
2272 1454 2611 1523 majestatem
2658 1472 2780 1514 esse
2812 1460 2986 1527 aiunt,
3032 1458 3239 1533 pudore
3292 1466 3554 1524 sullusum

1977 1546 2044 1601 iri
2068 1546 2139 1601 ob
2169 1561 2335 1603 vanas
2350 1562 2477 1603 suas
2497 1563 2669 1618 nugas
2698 1549 3040 1608 adversarios
3065 1561 3211 1623 puto.
3238 1553 3332 1610 Sin
3350 1566 3555 1621 autern.

1980 1639 2173 1694 relicto
2227 1654 2290 1693 ac
2322 1639 2692 1709 praetermisso
2730 1640 2888 1706 Filio,
2922 1641 3197 1699 immobile
3236 1648 3441 1703 sanctis
3470 1664 3556 1704 re-

270 1724 331 1779 δὲ
349 1724 416 1797 δὴ
441 1725 700 1797 μεθέντες
721 1726 814 1778 καὶ
833 1725 1158 1795 διωσάμενοι
1179 1726 1270 1780 τὸν
1283 1724 1434 1790 Υἱὸν,
1456 1725 1872 1797 ἀπαραποίητον
1904 1739 1947 1793 Β
1976 1746 2137 1799 gnum
2170 1728 2286 1785 fore
2315 1731 2517 1795 dicent,
2552 1730 2785 1801 primum
2810 1733 3027 1802 quidem
3056 1734 3171 1804 ipso
3198 1736 3363 1792 etiam
3394 1737 3557 1794 Citri-

270 1815 501 1873 ἔσεσθαι
546 1819 663 1882 τοῖς
721 1817 898 1887 ἁγίοις
947 1818 1009 1871 τὸ
1053 1817 1356 1889 βασιλεύειν
1403 1816 1618 1890 ἐροῦσι,
1653 1818 1872 1890 πρῶτον

276 1908 382 1984 μὲν
414 1910 669 1981 ἀμείνους
696 1909 790 1963 καὶ
813 1908 978 1963 αὐτοῦ
1007 1910 1340 1982 φανήσονται
1370 1908 1464 1963 τοῦ
1488 1908 1754 1983 Χριστοῦ,
1777 1909 1872 1966 καὶ

274 2001 477 2074 μοῖραν
513 1998 614 2071 ῆδη
650 1999 909 2072 λαχόντες
936 2001 1036 2071 τὴν
1082 2000 1344 2056 ἐπέκεινα
1372 1999 1481 2055 τῶν
1525 1999 1716 2067 αὑτοῦ,
1760 2002 1808 2055 εἰ
1844 2001 1873 2054 ό

275 2091 385 2166 μὲν
412 2090 719 2162 ἀπόδλητον
748 2093 1034 2165 ποιήσεται
1056 2092 1156 2165 τὴν
1182 2092 1359 2165 ἀρχὴν
1382 2109 1397 2123 ·
1432 2094 1481 2147 oi
1502 2091 1873 2168 δὲάμήρυτον

270 2184 375 2241 καὶ
400 2183 624 2255 διηνεκῆ
654 2183 913 2255 λαχόντες
942 2184 1041 2254 τὴν
1071 2184 1359 2255 εὐθυμίαν,
1383 2184 1480 2239 καὶ
1499 2172 1563 2238 τδ
1585 2184 1645 2239 ὲν
1667 2183 1872 2255 pesato

274 2275 494 2332 κεῖσθαι
525 2274 627 2344 τῆς
660 2272 818 2345 δόξης
846 2274 1331 2347 διακεκτήσονται.

346 2364 409 2421 Β.
445 2365 680 2448 ΙἈ’ριστα
719 2364 879 2437 ἔφης.

342 2479 414 2536 Δ.
454 2478 528 2532 Τὸ
552 2479 608 2534 δὲ
635 2478 700 2551 δὴ
723 2478 818 2532 καὶ
840 2479 1097 2550 ἀγροῖκον
1121 2478 1265 2533 οῦτω
1289 2480 1561 2534 ποιεῖσθαι
1588 2479 1689 2554 τὴν
1711 2498 1872 2536 συκο-

272 2571 529 2646 φαντίαν,
568 2571 682 2635 πῶς
720 2571 822 2625 οὐκ
857 2570 1214 2641 ἀπόπληκτον
1249 2573 1488 2645 κομιδῇ;
1523 2573 1598 2626 Τὸ
1636 2572 1737 2643 μὲν
1763 2573 1872 2645 γὰρ

270 2648 480 2740 χρῆναι
518 2666 736 2737 κρατεῖν
779 2664 875 2718 καὶ
913 2662 1225 2734 βασιλεύειν
1267 2664 1375 2718 τῶν
1402 2664 1563 2728 ὅλων,
1607 2666 1872 2736 προσήκοι

271 2757 343 2814 ἂν
368 2756 468 2828 οὐχ
494 2755 665 2827 ἑτέρῳ
687 2754 907 2827 μᾶλλον,
929 2753 963 2826 ἢ
988 2753 1141 2826 αὐτῷ
1161 2752 1238 2825 τῷ
1259 2752 1504 2828 Χριστῷ,
1526 2754 1628 2810 οὐκ
1648 2754 1872 2825 ἐπίκτη-

268 2867 368 2905 τον
411 2848 446 2920 ἤ
498 2848 649 2903 δοτδν
689 2846 1003 2900 πλουτοῦντι
1037 2846 1098 2901 τὸ
1140 2846 1350 2919 χρῆμα,
1385 2844 1641 2920 καθάπερ
1685 2847 1869 2918 ἡμεῖς,

269 2942 414 2999 ἀλλά
438 2944 559 3004 τοῖς,
577 2939 676 3010 τῆς
713 2938 945 3008 φυσικῆς
986 2938 1309 3010 κυριότητος
1359 2937 1631 3011 ἑπόμενον.
1657 2938 1870 3008 λόγοις·

279 3056 299 3090 r
339 3038 407 3090 Ol.
473 3034 529 3087 δέ
592 3047 658 3098 γε
720 3027 1153 3100 συμπάσχοντες,
1209 3030 1309 3086 καὶ
1362 3027 1870 3105 συμδασιλέύσομεν

273 3126 455 3196 αὐτῷ,
484 3142 503 3175 ι
538 3118 684 3175 καθὰ
718 3118 1044 3190 γέγραπται,
1070 3121 1304 3183 Οὐκοῦν.
1337 3125 1366 3176 ὁ
1395 3123 1492 3194 μὲν
1544 3123 1641 3179 τοῦ
1669 3125 1870 3197 κατάρ·

186 3198 211 3223 ”
275 3236 345 3291 χε
355 3233 406 3271 ιν
434 3214 654 3284 κυριος·
685 3209 1059 3282 εισποίητοιδὲ
1078 3213 1265 3281 ἡμεῖς,
1293 3212 1387 3266 καὶ
1413 3213 1602 3286 ephr*
1624 3215 1703 3287 τῷ
1733 3217 1873 3273 κατὰ

284 3304 508 3382 μέθεξιν
535 3302 976 3375 ὲκτετιμημένοι.
1014 3296 1671 3383 Συμὸασιλεύσουσιὴάρ
1715 3305 1872 3377 βασι-

272 3397 490 3454 λεύοντι
519 3395 596 3468 τῷ
624 3394 849 3466 Χριστῷ
856 3390 1051 3451 ,Εἶτα
1087 3394 1209 3477 πῶς
1234 3392 1537 3473 ἀσάλευτόν
1559 3394 1743 3465 ῐξουσι
1775 3398 1872 3472 τὴν

270 3490 373 3548 ἐπὶ
409 3488 549 3563 τῷδε
590 3487 920 3560 φιλιπιμίσν,
962 3482 1097 3543 xit
1102 3468 1393 3559 ’ὶδηνεκῶς
1430 3488 1871 3562 βασιλεύσουσιν,

310 3587 326 3639 ί
373 3581 867 3654 κατασεισθήσεται
902 3583 994 3636 καὶ
1037 3578 1326 3653 καταλήξει
1370 3601 1472 3637 ποτ
1476 3584 1504 3637 ὲ
1534 3583 1597 3638 τὸ
1632 3581 1872 3657 Χριστοῦ

316 3676 501 3750 ρὰτος,
530 3667 591 3728 ου
620 3676 713 3729 καὶ
747 3676 1004 3747 μετόχους
1032 3675 1231 3740 αὐτους
1255 3669 1396 3731 εἷναί
1422 3694 1640 3748 φαμεν;
1685 3678 1805 3735 Καὶ
1823 3679 1872 3732 εί

228 3810 235 3817 .
272 3769 379 3839 τῆς
417 3767 696 3838 βασιλείας
746 3768 928 3832 αὐτοῖς
952 3770 981 3821 ό
1009 3767 1245 3839 χορηγὸς
1274 3769 1370 3822 καὶ
1427 3769 1692 3842 πρύτανις
1736 3772 1874 3825 ἀπο-

186 3910 199 3941 5
254 3854 625 3922 ’πεπαύσεται
659 3858 758 3929 τῆς
792 3858 987 3929 ἀρχῆς,
1026 3857 1131 3912 ποῦ
1158 3857 1229 3913 τὰ
1269 3857 1452 3914 αὐτῶν
1483 3859 1563 3914 ἔτι
1595 3861 1871 3929 κείσεται;

186 3944 201 4023 f
279 3953 435 4004 ποῖον
466 3949 656 4021 ἔχοντα
684 3948 884 4022 βάθρον
910 3965 925 4014 ;
954 3949 1065 4003 Ποῦ
1091 3950 1311 4021 γάρέτι
1342 3949 1797 4022 συμμεθέξουσιν,
1825 3955 1874 4007 εἰ

273 4044 347 4099 τὸ
395 4042 663 4112 κεκληκδς
724 4044 804 4107 εἰς
849 4041 1007 4107 δόξαν
1056 4040 1312 4108 ἀσθενεῖς
1369 4037 1448 4096 Ἧ
1497 4042 1600 4096 οὐκ
1657 4043 1872 4116 ἀνάγκη

186 4192 223 4221 s,
279 4136 733 4206 συγκατολισθεῖν
783 4139 898 4201 τοῖς
956 4136 1211 4207 ἀνέχουσι
1262 4137 1323 4191 τὺ
1370 4136 1722 4209 ἀνεχόμενον,
1779 4139 1876 4194 καὶ

271 4230 398 4290 τοῖς
421 4228 719 4282 κατωτάτω
749 4226 969 4299 βάθροις
995 4227 1282 4300 συνιζῆσαι
1308 4227 1378 4283 τὰ
1400 4230 1872 4302 ὲπερηρεισμένα;

274 4320 416 4374 Ὅτε
466 4320 646 4374 τοίνυν
678 4321 711 4390 ἡ
745 4321 844 4392 τῆς
884 4320 1135 4384 εὐκλείας
1164 4319 1392 4392 κρηπὶς,
1437 4320 1532 4376 καὶ
1559 4324 1589 4378 ὁ
1613 4322 1714 4394 τῆς
1743 4323 1875 4394 εὐη-

1976 1828 2061 1876 sto
2089 1821 2401 1890 superiores
2420 1821 2771 1887 videbuntur,
2792 1830 2847 1877 et
2870 1822 3027 1894 longe
3055 1824 3317 1893 potiorem
3340 1828 3552 1883 demum

1976 1927 2138 1982 quam
2172 1912 2288 1984 ipse
2309 1913 2677 1969 conditionem
2712 1913 2914 1980 sortiti,
2939 1915 2985 1969 si
3010 1915 3100 1971 ltic
3124 1917 3338 1986 quidem
3387 1919 3548 1991 811

1979 2015 2201 2072 regnum
2226 2000 2369 2072 quod
2427 2001 2600 2056 amitti
2666 2001 2835 2072 possit
2868 2002 3128 2072 obtineat,
3171 2003 3242 2059 illi
3305 2020 3434 2062 vero
3472 2008 3557 2062 itt-

1980 2092 2131 2148 linita
2156 2102 2211 2148 et
2230 2101 2486 2165 perpetua
2515 2092 2776 2150 felicitate
2796 2093 3077 2166 gloriaque
3108 2098 3377 2152 constanti
3432 2099 3543 2153 sint

1976 2184 2211 2256 praediti.

2046 2366 2107 2421 Β.
2146 2364 2470 2421 Rectissime
2503 2363 2707 2422 dixisti.

2047 2478 2256 2535 A.Jam
2295 2487 2556 2536 verotam
2604 2487 2821 2552 agreste
2873 2478 3129 2538 cavillum
3177 2479 3334 2538 nobis
3362 2481 3551 2539 obtru-

1978 2572 2126 2636 dere,
2153 2587 2331 2629 nonne
2355 2570 2593 2642 stuporis
2612 2585 2677 2627 ac
2730 2572 2997 2628 vecordiae
3016 2572 3389 2643 plenissimum
3434 2573 3554 2633 est!

1977 2663 2249 2736 imperare
2286 2664 2432 2720 enim
2461 2678 2525 2721 ac
2539 2677 2775 2735 praeesse
2818 2677 2998 2721 rerum
3037 2664 3414 2736 universitati,
3447 2682 3553 2723 nott

1975 2759 2066 2816 alii
2090 2774 2250 2831 quam
2283 2758 2386 2831 ipsi
2411 2757 2627 2814 Cltristo
2658 2757 2930 2824 convenit,
2955 2756 3049 2830 qui
3093 2773 3201 2814 uon
3260 2758 3390 2814 illud
3455 2744 3554 2815 ceu

1975 2835 2267 2906 ascititium
2302 2847 2590 2905 etaliunde
2620 2853 2903 2917 acceptum
2956 2854 3142 2902 nostro
3183 2860 3333 2903 more
3375 2846 3555 2917 possi-

1975 2943 2089 3008 det,
2117 2941 2210 2997 sed
2243 2938 2505 2996 naturalis
2529 2937 2916 2994 dominationis
2971 2936 3272 2994 rationibus
3325 2935 3557 3009 conjun-

1978 3042 2142 3091 ctum.
2174 3051 2193 3087 t
2227 3030 2337 3089 Nos
2363 3040 2545 3088 autem
2570 3030 2617 3086 si
2645 3028 3058 3101 compatiamur,
3088 3038 3144 3087 et
3198 3029 3556 3102 conregnabi-

1980 3142 2101 3184 mus
2132 3127 2255 3198 ipsi,
2279 3144 2299 3180 ι
2335 3125 2473 3182 sicut
2495 3122 2755 3195 scriptum
2780 3132 2865 3180 est
2886 3122 2953 3178 ⁸⁸.
3002 3120 3189 3194 ltaque
3223 3123 3312 3180 itic
3338 3123 3553 3195 quidem

1975 3218 2235 3291 regnandi
2257 3206 2533 3282 dominus,
2566 3229 2664 3270 nos
2714 3228 2844 3270 vero
2881 3214 3141 3280 ascititii,
3164 3222 3221 3269 et
3265 3215 3557 3285 participa-

1977 3310 2123 3366 tione
2146 3307 2376 3379 quadam
2412 3305 2611 3365 ornati.
2640 3302 3064 3377 conregnabunt
3108 3305 3254 3361 enim
3305 3301 3555 3376 regnanti

1974 3390 2216 3457 Christo.
2248 3400 2315 3454 At
2362 3396 2983 3470 quomodoimmobilem
3014 3395 3067 3452 in
3097 3395 3436 3453 cohonorem
3458 3396 3555 3451 lta-

1976 3490 2202 3557 bebum,
2235 3505 2299 3546 ac
2321 3498 2579 3562 perpetuo
2595 3487 2874 3560 regnaturi
2887 3495 3030 3553 sunt,
3062 3486 3109 3544 si
3137 3487 3554 3544 concutiendum

1975 3599 2040 3642 ac
2070 3583 2364 3640 finiendum
2387 3589 2471 3639 est
2495 3580 2787 3652 aliquando
2814 3579 3028 3636 Christi*
3047 3579 3354 3651 imperium,
3404 3579 3556 3647 cuius

1975 3675 2139 3730 etiam
2160 3672 2458 3749 participes
2490 3671 2642 3742 ipsos
2670 3684 2794 3728 esse
2845 3669 3118 3727 dicimus?
3176 3669 3267 3737 Et,
3306 3670 3354 3726 si
3400 3671 3552 3742 regni

1977 3766 2200 3836 largitor
2256 3779 2321 3820 ac
2366 3763 2688 3822 distributor
2738 3777 2971 3833 regnare
3004 3761 3240 3827 desinet,
3303 3774 3548 3833 quonam

1977 3858 2191 3914 demum
2218 3856 2335 3912 loco
2365 3869 2454 3912 res
2473 3867 2659 3911 eorum
2684 3853 2879 3909 futurae
2908 3851 3066 3910 sunt?
3087 3867 3194 3924 quo
3232 3852 3554 3909 fundamen·

1979 3957 2034 4002 ιο
2082 3943 2363 4002 nituntur?
2394 3943 2497 4002 Ubi
2526 3945 2672 4000 enim
2698 3942 2813 4013 iam
2843 3957 2951 3999 una
2980 3944 3274 4016 participes
3296 3952 3477 4009 erunt,
3495 3943 3542 3999 si

1978 4039 2032 4096 id
2047 4039 2194 4110 quod
2222 4038 2289 4092 ad
2319 4035 2547 4110 gloriam
2572 4035 2788 4093 vocavit
2811 4034 3130 4092 infirmitate
3160 4034 3412 4092 iaborat?
3442 4035 3556 4091 An-

1978 4146 2083 4189 non
2102 4144 2323 4186 necesse
2356 4138 2442 4186 est
2467 4142 2592 4185 cum
2634 4127 2702 4186 iis
2727 4141 2849 4200 quse
2868 4127 3136 4183 extollunt
3179 4127 3234 4184 id
3267 4127 3412 4198 quod
3458 4142 3554 4183 ex-

1977 4224 2185 4283 tollitur
2209 4238 2317 4280 una
2337 4223 2595 4281 decidere
2620 4260 2637 4287 .
2685 4230 2742 4278 et
2762 4221 2884 4278 imis
2911 4221 3283 4278 fundamentis
3308 4221 3467 4277 simul
3489 4235 3553 4277 ea

1978 4315 2103 4381 niti,
2129 4328 2250 4386 quae
2270 4313 2325 4369 in
2347 4312 2664 4370 iis-fundata
2692 4310 2861 4368 sunt?
2897 4309 3034 4368 Cum
3055 4310 3221 4382 igitur
3257 4310 3345 4367 illa
3370 4310 3555 4382 glori-“c

278 4411 486 4486 μερίας
500 4410 747 4482 θεμέλιος
765 4410 1281 4482 κατασεισθήσεται,
1305 4413 1427 4466 κατ’
1445 4414 1664 4479 αυτους.
1692 4430 1874 4469 συνοι-
1905 4431 1949 4488 D
1978 4404 2190 4462 basiset
2210 4403 2491 4461 felicitatis
2513 4403 2943 4469 fundamentum,
2973 4411 3033 4459 ut
3061 4402 3138 4459 illi
3162 4402 3376 4467 volunt,
3420 4417 3555 4460 con-

272 4505 515 4581 χὴσεταί
543 4523 645 4559 που
663 4507 881 4569 πάντως
909 4505 991 4569 εἰς
1020 4503 1080 4559 τὸ
1105 4503 1365 4570 δυσκλεές
1388 4522 1449 4560 τε
1479 4508 1577 4562 καὶ
1597 4509 1654 4562 ὲν
1686 4502 1878 4578 ὕφέσεί
1976 4494 2284 4552 cutiendum
2307 4494 2429 4549 sit·
2457 4492 2619 4548 simul
2650 4493 2814 4548 etiarn
2846 4493 3034 4563 utiquc
3075 4494 3128 4549 in
3159 4491 3553 4565 ignobilitatem

272 4599 379 4654 καὶ
409 4598 444 4668 ὴ
465 4596 574 4652 τῶν
603 4597 774 4667 ἀγίων
797 4597 971 4660 ὲλπίς.

350 4708 417 4764 Β.
459 4709 613 4763 Συνοι
598 4708 842 4781 χήσεται
886 4708 998 4780 γάρ
1044 4704 1157 4773 οῦν,
1202 4709 1278 4774 ὡς
1316 4708 1433 4764 ἔστι
1464 4710 1643 4783 σαφής
1675 4728 1735 4765 τε
1780 4726 1874 4766 και

270 4793 490 4866 ἀληθὴς
515 4797 544 4850 ό
575 4796 747 4866 λόγος.

351 4910 419 4963 Α.
451 4908 516 4962 Τί
537 4909 593 4963 δὲ
611 4909 673 4980 δὴ
703 4910 797 4964 καὶ
820 4909 1007 4981 μαθὼν
1026 4911 1054 4964 ὁ
1079 4909 1187 4963 τῶν
1204 4909 1361 4964 θείων
1390 4910 1519 4982 ἡμῖν
1547 4913 1862 4983 μυστηρίων

273 4999 586 5073 ῖερουργὸς,
640 4998 774 5052 Θεοῦ
827 4997 1103 5069 βασιλείαν
1152 4996 1404 5069 ὠνόμαζε
1454 4996 1554 5069 τὴν
1606 4998 1868 5069 Χριστοῦ;

272 5091 490 5164 Γράφει
517 5091 624 5163 γὰρ
655 5084 789 5145 ὧδε·
845 5109 864 5143 ι
891 5089 1061 5145 Τοῦτο
1089 5089 1199 5161 γὰρ
1227 5089 1343 5143 tm
1374 5087 1758 5157 γινώσκοντες,
1787 5089 1871 5142 δτι

274 5186 393 5249 πᾶς
424 5184 642 5254 πόρνος,
677 5183 710 5255 ἢ
748 5182 1078 5252 ἀκάθαρτος,
1125 5180 1160 5252 ἤ
1210 5180 1563 5253 πλεονέκτης,
1618 5180 1674 5245 6..
1721 5180 1872 5233 ἐστιν

274 5273 696 5344 εἰδωλολάτρης,
735 5273 834 5327 οὐκ
865 5271 978 5342 ἔχει
1010 5271 1375 5344 κληρονομίαν
1417 5271 1477 5325 ὲν
1513 5272 1582 5343 τῇ
1629 5269 1875 5341 βασιλείᾳ

273 5361 378 5417 τοῦ
402 5363 444 5416 Χ
456 5361 641 5433 ριστοῦ
669 5362 763 5416 καὶ
779 5361 936 5417 Θεοῦ.
952 5380 971 5413 ι
993 5360 1361 5434 Ἐνδοιάσαιμι
1383 5360 1493 5434 γὰρ
1510 5360 1577 5415 ἂν
1591 5359 1866 5432 ούδαμῶς,

273 5455 359 5519 ὡς
375 5455 592 5524 ὅτῳπερ
626 5455 691 5508 ἂν
716 5454 1014 5526 ἐνυπάρχοι
1042 5453 1272 5523 φυσικὸν
1301 5452 1527 5525 ἀξίωμα
1558 5453 1619 5507 τδ
1665 5455 1866 5524 χρῆναι

278 5549 531 5618 κρατεῖν,
561 5545 750 5616 ἕψεταί
779 5563 881 5600 που
927 5547 1144 5611 πάντως
1181 5545 1452 5618 αὐτῷκαὶ
1488 5544 1550 5600 τδ
1589 5544 1700 5599 δεῖν
1728 5539 1865 5599 εἶναι

354 5722 399 5753 ⁸⁷
437 5719 598 5779 ilcbr.
634 5739 728 5791 ιιι,
753 5723 842 5778 28.
901 5724 942 5755 ³⁵

1976 4594 2099 4655 spes
2127 4590 2438 4639 sanctorum
2454 4579 2743 4637 dilabetur.

2048 4700 2108 4755 B.
2145 4698 2420 4756 Dil.tbetur
2450 4705 2618 4754 certc.
2645 4696 2795 4753 Adeo
2814 4695 2961 4753 clara
2982 4707 3109 4754 sunt
3136 4712 3201 4754 ac
3245 4712 3370 4756 vcra
3434 4712 3554 4770 quae

1978 4792 2134 4848 dicis.
3196 4782 3204 4790 ’

2040 4902 2241 4960 A..latn
2265 4918 2397 4960 vero
2425 4903 2552 4974 quid
2572 4917 2750 4959 eausae
2779 4912 2862 4958 est
2910 4915 3010 4956 cur
3058 4908 3245 4958 noster
3271 4898 3361 4959 ille
3417 4900 3555 4958 divi-

1975 5012 2168 5053 norum
2193 4996 2572 5069 mysteriorum
2601 4995 2831 5050 antistes
2861 4993 2952 5050 Dei
2984 5008 3211 5064 regnum
3234 4993 3551 5061 nominarit,

1972 5087 2103 5143 illud
2132 5085 2334 5142 Christi
2361 5083 2622 5156 regnum?
2644 5081 2736 5142 Sic
2755 5083 2901 5140 enim
2925 5083 3118 5140 scribit
3143 5098 3155 5134 :
3191 5101 3212 5136 ι
3253 5080 3367 5140 Hoc
3405 5082 3550 5137 enint

1975 5177 2168 5231 scitote
2199 5174 2582 5245 intelligentes,
2646 5172 2790 5244 quod
2849 5172 3029 5229 omnis
3090 5172 3405 5238 fornicator,
3458 5181 3548 5228 aut

1977 5264 2308 5330 immundus,
2344 5275 2439 5322 aut
2465 5280 2683 5328 avarus,
2709 5265 2801 5334 qui
2834 5265 3203 5323 est-idolorum
3225 5275 3547 5329 servus‚non

1976 5358 2139 5415 ltabet
2177 5357 2545 5416 haereditatem
2608 5357 2662 5413 in
2713 5371 2878 5431 regno
2924 5355 3128 5413 Citristi
3168 5362 3225 5410 et
3273 5352 3372 5410 net
3412 5353 3479 5411 θ’.
3526 5373 3546 5408 ι

1977 5449 2160 5520 Neque
2191 5451 2334 5507 enim
2364 5450 2720 5507 dubitaverim
2784 5462 3021 5519 unquam
3072 5447 3213 5517 quod
3246 5445 3553 5518 cuicunque

1977 5553 2214 5614 potestas
2245 5543 2545 5615 imperandi
2580 5543 2838 5601 naturalis
2866 5550 2950 5600 est
2981 5541 3235 5613 dignitas,
3267 5541 3408 5597 ltuuc
3433 5555 3552 5596 om·-

975 5723 1013 5776 ll
1065 5724 1302 5782 Tituotlt.
1337 5738 1398 5791 tt,
1448 5723 1529 5777 ta.
1604 5723 1650 5756 ⁸⁹
1674 5721 1866 5795 Epltcs.
1904 5738 1955 5780 ν.
1992 5721 2045 5779 5.
