3809 6125
329 312 445 371 885

1402 320 1488 376 m:
1521 319 1624 381 SS.
1668 323 2050 385 ‘mimum
2090 328 2441 388 mametis
2474 329 2561 386 tv.

3475 330 3580 383 886

256 420 268 433 ⁵
325 424 471 481 εἶναι
529 424 897 497 πρωτότθκῠς,
952 429 1073 502 ὥρα
1117 448 1219 485 που
1267 433 1407 505 τάχα
1456 439 1592 509 μηδὲ
1640 439 1909 512 ὑπάρχειν
1937 449 1981 507 A
2011 446 2224 514 genitus
2262 444 2477 515 quidem
2519 439 2761 500 vicissim
2802 440 2874 497 sit
2913 439 3077 511 510
3116 452 3181 495 ex
3223 452 3290 494 eo
3326 439 3466 508 quoti
3506 440 3579 496 sit

264 525 269 530 ’
322 513 466 579 ὅλως
497 515 707 570 οἴεσθαι
752 518 844 572 τὸν
879 518 1023 575 Υίόν.
1065 520 1433 593 ’Δντιφέρεται
1478 527 1587 599 γὰρ
1633 531 1903 601 ἀλλήλοιν,

321 608 422 664 καὶ
458 610 625 663 οἱονεὶ
647 610 1037 678 συνδιόλλυται,
1060 614 1240 684 σφίσιν
1274 617 1456 682 αὐτοῖς
1478 623 1903 691 προσπταίοντα,

320 701 422 755 καὶ
448 699 549 771 τὴν
573 700 683 757 τῶν
710 705 1126 775 σημαινομένων
1153 708 1518 779 άντεξάγοντα
1564 711 1815 784 δύναμιν,
1842 714 1905 768 τὸ

319 793 692 864 πρωτότοκος,
742 794 838 847 καὶ
884 800 1200 871 μονογενής.
1237 801 1364 865 Πῶς
1407 804 1516 874 γὰρ
1557 804 1624 857 ἂν
1663 807 1750 874 ἐφ’
1784 805 1904 869 ἑνδς

317 886 418 941 καὶ
467 883 669 939 ταυτοῦ
720 886 968 941 τάττοιτό
1017 906 1077 942 τε
1133 890 1396 965 ἑκάτερον
1454 897 1546 952 καὶ
1600 895 1796 966 ἀληθὲς
1844 896 1903 949 δν

315 979 527 1041 νοοῖτο;

389 1155 457 1209 Β.
480 1152 598 1207 Οὐκ
643 1151 711 1206 ἂν
745 1154 948 1223 ἑτέρως
981 1156 1216 1223 δύναιτο,
1265 1159 1517 1232 καθάπερ
1550 1162 1785 1232 ἐγῷμαι,
1826 1166 1899 1234 μὴ

312 1241 822 1314 παρειστρεχούοης
846 1242 944 1312 τῆς
973 1244 1111 1314 μετὰ
1138 1247 1338 1317 σαρκὸς
1370 1250 1699 1320 οἰκονομίας.

384 1332 591 1389 mitat
645 1333 754 1404 μὴν
790 1332 898 1386 ἴσθι
927 1350 1008 1388 τοι
1049 1336 1412 1409 πεφρονηκὼς
1440 1338 1540 1410 οὐχ
1586 1338 1773 1409 ἕτερόν
1822 1357 1895 1401 τι.

309 1423 471 1495 παρὰ
496 1422 560 1477 τὸ
590 1424 703 1486 τοῖς
723 1423 903 1491 ἁγίοις
927 1424 1021 1480 καὶ
1048 1424 1330 1498 θεηγόροις
1352 1427 1563 1494 δοκοῦν,
1587 1429 1637 1483 οῗ
1659 1430 1750 1483 τὸν
1770 1430 1900 1500 περὶ

308 1515 520 1570 τούτων
569 1516 701 1585 ἡμῖν
739 1515 1046 1586 παρέδοσάν
1079 1535 1138 1570 τε
1193 1519 1287 1572 καὶ
1333 1517 1668 1592 διεσάφησαν
1717 1520 1895 1590 λόγον.

320 1606 382 1660 '0
411 1604 514 1677 μὲν
541 1605 652 1676 γὰρ
695 1605 984 1671 θεσπέσιος
1028 1608 1300 1680 Ἰωάννης,
1351 1611 1445 1672 καὶ
1485 1611 1769 1681 μονογενῆ,
1804 1612 1898 1665 καὶ

304 1698 446 1752 Θεὸν
474 1697 831 1769 κατωνόμασε
852 1698 943 1752 τὸν
971 1702 1034 1753 ὲκ
1058 1700 1193 1755 Θεοῦ
1225 1702 1418 1770 Λόγον,
1444 1702 1538 1756 καὶ
1566 1702 1674 1773 μὴν
1698 1702 1795 1758 καὶ
1837 1702 1899 1756 τὸ

2009 533 2423 603 primogenitus,
2464 530 2716 602 sequitur
2758 532 3051 599 putandum
3093 542 3268 599 neque
3309 528 3578 584 exsistere

2008 635 2229 691 prorsus
2266 622 2481 678 Filium.
2516 620 2875 691 Opponuntur
2901 619 3049 675 enim
3089 620 3232 676 inter
3262 633 3344 685 se,
3376 628 3433 673 et
3469 633 3578 675 una

2008 712 2400 781 quodammodo
2437 721 2662 781 pereunt
2697 719 2886 765 mutuo
2921 711 3163 775 incursu,
3195 717 3250 764 et
3281 723 3463 765 rerum
3496 709 3578 763 si-

2008 800 2381 871 gnificatarum
2412 801 2460 854 vi
2493 809 2547 856 et
2575 801 2786 856 ratione
2815 798 3046 854 invicem
3076 797 3343 868 opposita,
3370 796 3578 865 primo·

2005 892 2223 962 genitus
2261 904 2318 949 et
2372 892 2698 963 unigenitus.
2758 890 3039 959 Quomodo
3079 890 3221 950 enim
3265 891 3332 947 de
3374 905 3483 945 uno
3521 896 3579 944 et

2004 984 2193 1039 eodem
2244 992 2534 1051 utrumqne
2578 990 2831 1054 ponetur,
2875 995 3172 1056 verumque
3216 994 3338 1040 esse
3382 995 3575 1037 cense-

2003 1074 2187 1129 bitur?

2075 1167 2137 1222 Β.
2178 1166 2295 1222 Non
2329 1166 2529 1236 poterit
2562 1166 2739 1229 aliter,
2775 1175 2834 1221 ut
2878 1178 3021 1236 reor,
3051 1165 3155 1224 nisi
3189 1162 3577 1226 incarnationis

1878 1298 1885 1306 .
2004 1255 2337 1325 dispensatio
2364 1256 2524 1312 simul
2552 1256 2891 1312 admittatur.

2073 1346 2139 1399 Δ.
2180 1346 2341 1415 Atqui
2391 1345 2535 1401 scias
2584 1353 2640 1401 te
2687 1359 2797 1400 non
2846 1344 2987 1399 alind
3033 1344 3323 1414 quidquam
3373 1347 3577 1403 sentire

2005 1449 2163 1503 quam
2196 1434 2338 1504 quod
2370 1433 2545 1489 visum
2570 1442 2653 1487 est
2682 1431 2888 1487 sanctis
2919 1430 3169 1491 Patribus
3196 1444 3261 1486 ac
3288 1431 3573 1502 theologis,

2002 1525 2091 1592 qui
2136 1524 2276 1578 hanc
2313 1522 2471 1579 nobis
2509 1522 2810 1577 doctrinam
2850 1521 3190 1582 tradiderunt
3224 1529 3280 1576 et
3314 1534 3578 1593 exposue-

2003 1624 2151 1671 runt.
2187 1616 2414 1670 Divinus
2445 1614 2590 1670 enim
2621 1612 2862 1668 ¹loannes
2897 1627 3019 1672 cum
3057 1612 3423 1682 unigenitum,
3462 1620 3572 1666 tum

2005 1706 2175 1762 Deum
2207 1706 2508 1761 nominavit
2536 1720 2602 1760 ex
2635 1706 2744 1761 Deo
2764 1704 3029 1770 Verbum,
3057 1703 3185 1776 quin
3214 1712 3271 1766 et
3296 1702 3572 1765 :eternita-

303 1794 551 1865 ἄναρχον
585 1796 644 1848 ὲν
676 1794 853 1865 χρόνῳ
882 1796 1454 1869 προσμεμαρτύρηκεν
1478 1798 1554 1862 ὡς
1582 1795 1722 1867 Θεῷ.
1755 1793 1896 1849 Παῦ-
1927 1779 1970 1834 Β
2003 1804 2109 1850 tem
2146 1796 2220 1859 ei,
2253 1804 2443 1865 utpote
2480 1794 2612 1860 Deo,
2644 1792 2888 1859 ascribit.
2916 1791 3116 1863 Paulus
3148 1801 3328 1860 autem
3365 1800 3570 1857 noster,

301 1883 396 1948 λος
423 1883 485 1937 δὲ
522 1884 703 1954 ἡμῖνό
730 1884 826 1938 καὶ
857 1885 1094 1955 Χριστοῦ
1120 1885 1327 1956 γέμων,
1362 1883 1614 1954 ἐμπλεώς
1640 1902 1700 1937 τε
1728 1882 1898 1937 Πνεύ-

306 1990 480 2045 ματος
505 1974 685 2043 ἁγίου,
726 1976 818 2027 καὶ
867 1974 1089 2047 ἄριστος
1120 1978 1178 2030 ὲν
1219 1973 1634 2047 μυσταγωγοίς·
1672 1995 1691 2027 t
1726 1975 1895 2029 Ὅταν

300 2064 383 2127 δὲ.
408 2065 597 2135 φησὶν,
634 2066 907 2140 εἰσαγάγῃ
937 2067 1028 2121 τὸν
1069 2070 1414 2140 πρωτότοκον
1455 2070 1538 2132 εἰς
1583 2069 1683 2138 τὴν
1717 2069 1897 2130 οἰκου-

307 2156 502 2229 μένην,
534 2155 715 2225 λέγει·
768 2157 878 2212 Καὶ
918 2159 1454 2230 προσκυνησάτωσαν
1492 2157 1642 2229 αὐτῷ
1692 2158 1896 2221 πάντες

306 2243 533 2314 ἄγγελοι
554 2243 713 2310 Θεοῦ,
745 2264 763 2297 ι
807 2247 1017 2315 καιρὸν,
1053 2243 1207 2320 οἶμαί
1241 2266 1366 2316 που,
1400 2248 1492 2304 τὸν
1516 2249 1792 2319 πρέποντα
1817 2249 1895 2319 τῷ

313 2336 650 2407 πρωτότοκος
703 2338 995 2409 ἀπονέμων
1027 2340 1117 2393 τὸν
1167 2341 1307 2412 μετὰ
1355 2342 1577 2413 σαρκός.
1626 2341 1893 2413 Παρήχθη

316 2426 430 2497 γὰρ
451 2426 613 2493 οὕτως
654 2430 738 2494 εἰς
775 2431 1001 2501 κόσμον,
1035 2432 1215 2488 καίτοι
1246 2432 1411 2492 πάλαι
1439 2451 1500 2488 τε
1534 2433 1631 2487 καὶ
1667 2433 1894 2487 διαπαν-

307 2517 419 2581 τὸς,
448 2518 506 2572 ἄν
524 2520 676 2591 αὐτῷ
697 2538 757 2574 τε
789 2521 885 2586 ὢν,
919 2524 1010 2582 καὶ
1038 2524 1131 2577 ὑπ’
1163 2523 1331 2578 αὐτοῦ
1365 2523 1438 2596 μὴ
1469 2525 1889 2595 γινωσκόμενος.

299 2607 581 2664 Δέδεικται
615 2612 672 2666 δὲ
703 2611 845 2667 οὕτω
884 2613 1069 2669 λοιπὸν
1103 2616 1334 2686 μεσίτης
1366 2616 1503 2669 Θεοῦ
1544 2615 1641 2670 καὶ
1680 2615 1894 2687 ἀνθρώ-

297 2715 443 2763 πων,
463 2699 606 2772 ἔχων
638 2703 737 2771 μὲν
767 2703 897 2759 ἴδιόν
923 2722 982 2758 τε
1015 2706 1110 2759 καὶ
1134 2705 1435 2778 ἐξαίρετον,
1468 2706 1530 2759 τὸ
1564 2701 1705 2762 εἶναι
1731 2723 1891 2775 μονο-

295 2790 502 2861 γενής·
536 2790 668 2854 Θεὸς
712 2792 821 2863 γὰρ
849 2789 918 2865 ἦν
962 2796 1028 2848 ὲκ
1054 2793 1212 2860 Θεοῦ,
1249 2796 1412 2867 μόνος
1456 2797 1522 2849 ἐκ
1574 2795 1760 2865 μόνον,
1799 2795 1892 2849 καὶ

297 2880 636 2952 ἀπορῤἠτως
691 2885 1087 2954 γεγεννημένος
1111 2904 1126 2917 ·
1179 2886 1366 2959 ἐπειδὴ
1410 2886 1469 2941 δὲ
1517 2887 1708 2956 γέγονε
1766 2886 1889 2941 καθ’

291 2972 474 3042 ἡμᾶς,
509 2974 630 3026 τότε
662 2973 750 3045 δὴ,
772 2975 895 3029 τότε
926 2978 1022 3030 καὶ
1052 2978 1129 3041 ὡς
1165 2979 1414 3050 ἀδελφοῖς
1436 2980 1539 3051 ἠδη
1567 2979 1888 3046 σψντετάξε-

290 3082 396 3121 ται
423 3064 514 3117 διὰ
539 3065 631 3117 τοῦ
657 3066 937 3129 καλεῖσθαι
971 3071 1336 3142 πρωτότοκος.
1368 3073 1477 3127 Ποῦ
1513 3073 1623 3146 γὰρ
1660 3077 1695 3146 ἡ
1721 3075 1890 3131 κένω-

295 3172 414 3221 σις,
437 3158 486 3210 εἰ
512 3157 588 3229 μὴ
617 3159 675 3211 ἐν
694 3158 772 3229 τῷ
796 3161 1052 3230 γενέσθαι
1080 3162 1424 3233 πρωτότοκον
1447 3166 1512 3220 ὲκ
1542 3166 1882 3239 μονογενοῦς,

296 3249 401 3313 καὶ
441 3249 500 3300 ὲν
526 3248 788 3320 κτίσμασι
836 3252 952 3322 μεθ’
995 3253 1154 3325 ἡμῶν
1180 3252 1254 3320 ὡς
1299 3254 1586 3326 ἄνθρωπον
1623 3257 1713 3312 τὸν
1747 3260 1886 3332 ὑπὲρ

300 3339 487 3401 ιπᾶσαν
511 3339 612 3410 τὴν
637 3339 850 3408 κτίσιν;
878 3341 990 3400 Ποῦ
1027 3341 1086 3396 δὲ
1114 3343 1252 3408 ὅλως
1288 3341 1601 3419 ἐπτώχευσε
1632 3347 1886 3413 πλούσιος

298 3426 403 3494 ὢν,
431 3430 479 3485 εἰ
503 3427 578 3501 μὴ
608 3430 942 3502 προσλαὸὼν
976 3434 1172 3505 ὁρᾶται
1194 3434 1257 3497 τὸ
1282 3435 1586 3508 ἀλλότριον,
1611 3439 1679 3494 δι’
1699 3435 1761 3496 οῦ
1790 3442 1886 3495 καὶ

299 3519 681 3594 ἰπτώχευσενς
711 3525 775 3582 Εἰ
819 3525 877 3580 δὲ
906 3527 966 3581 ἐν
1002 3525 1081 3598 τῷ
1113 3530 1452 3585 κεκενῶσθαι
1495 3532 1661 3604 μόνῳ,
1690 3533 1788 3589 καὶ
1826 3535 1886 3587 ὲν

300 3612 383 3683 τῷ
407 3614 507 3684 τῆς
536 3616 778 3685 ὑφέσεως
804 3619 1000 3689 χρόνῳ,
1036 3620 1097 3674 τὸ
1126 3623 1352 3694 γενητόν
1389 3625 1528 3689 ἐστι,
1557 3626 1650 3678 καὶ
1676 3625 1740 3679 τὸ
1762 3643 1889 3680 συν-

300 3701 558 3771 τετάχθαι
603 3707 897 3776 κτίσμασιν
920 3726 934 3739 ·
959 3705 1048 3780 ἆρ’
1078 3710 1198 3781 οὐχὶ
1232 3712 1435 3782 πρέποι
1478 3714 1546 3769 ἂν
1583 3717 1786 3788 ἥκιστά
1821 3735 1885 3786 γε

299 3795 383 3866 τῷ
409 3795 485 3867 μὴ
513 3798 812 3870 κενωθῆναι
855 3801 917 3854 τὸ
956 3802 1204 3874 γενητὸν,
1238 3802 1375 3859 ἀλλὰ
1414 3805 1476 3859 τὸ
1526 3807 1885 3880 ὑπερκεῖσθαι

301 3887 503 3950 κτίσιν,
537 3891 630 3943 καὶ
655 3890 812 3961 δόξης
852 3893 1110 3948 ἐπέκεινα
1138 3897 1240 3965 τῆς
1267 3894 1360 3950 τοῦ
1387 3900 1714 3970 πεποιῆσθαι
1751 3901 1884 3972 δρα-

307 3982 465 4050 tuin

375 4071 435 4125 B.
472 4072 677 4143 Πρέποι
710 4074 817 4146 γὰρ
845 4075 930 4130 ἄν.

379 4165 444 4216 Α.
471 4163 582 4218 Καὶ
613 4166 662 4218 εί
699 4165 760 4218 τὸ
796 4168 1139 4238 πρωτότοκος
1184 4169 1244 4223 ὲν
1272 4169 1350 4241 τῷ
1375 4171 1444 4224 δι’
1485 4173 1633 4242 ἡμᾶς
1667 4174 1885 4229 ἑλέσθαι

304 4252 501 4309 παθεῖν
525 4254 622 4324 τὴν
649 4254 1053 4330 θρυλλουμένην
1077 4259 1373 4331 πτωχείαν,
1391 4257 1453 4316 εὖ
1480 4262 1624 4334 μάλα
1653 4281 1885 4336 παρεισ·

303 4344 584 4413 κρίνεται,
641 4347 1048 4418 σννεπτώχευσε
1093 4350 1202 4422 γὰρ
1264 4352 1418 4423 ἡμῖν,
1472 4353 1728 4418 πλούσιος
1772 4356 1880 4426 ὢν,

303 4437 512 4508 ἀραρὸς
533 4437 598 4492 ἂν
621 4437 708 4509 είη
738 4439 832 4493 καὶ
856 4439 1075 4512 ἀληθὲς,
1102 4437 1256 4513 οῑμαί
1285 4461 1407 4509 που,
1428 4445 1494 4500 τὸ
1522 4447 1718 4518 χρῆναι
1745 4449 1883 4500 νοεῖν

302 4529 383 4592 ὡς
413 4523 482 4599 ἦν
505 4529 563 4583 ὲν
591 4530 670 4600 τῷ
709 4530 786 4602 μὴ
821 4531 1157 4601 πτωχεῦσαι,
1191 4537 1505 4608 μονογενής.
1534 4537 1746 4608 Χρῆναι
1776 4537 1886 4610 γάρ

302 4617 460 4691 οἶμαι
509 4621 689 4692 πάντη
731 4638 790 4676 τε
829 4623 923 4677 καὶ
958 4624 1198 4689 πάντως,
1227 4625 1346 4679 οὐδὲ
1386 4626 1447 4680 ἓν
1483 4629 1571 4682 ἐπ’
1603 4629 1752 4701 αὐτῷ
1778 4630 1888 4684 διε-

303 4711 540 4782 ψεῦσθαι
580 4715 694 4766 τοῖν
734 4713 1040 4783 όνομάτοιν.
1069 4716 1226 4771 Ἐστι
1259 4716 1315 4770 δὲ
1340 4719 1397 4772 ὲν
1420 4719 1623 4791 ταυτῷ,
1654 4721 1750 4776 καὶ
1787 4739 1888 4792 μο-

306 4803 533 4875 νογενὴς
580 4805 676 4859 καὶ
718 4804 1094 4874 πρωτότοκος,
1127 4806 1203 4870 ὡς
1252 4808 1376 4872 Υἱὸς
1418 4810 1655 4882 άληθῶς,
1697 4813 1791 4866 καὶ
1821 4813 1884 4867 οὐ

306 4895 538 4966 ποίημα·

377 4985 438 5041 Β.
480 4986 640 5041 Ἀλλὰ
669 4986 930 5053 τέθειται,
965 4987 1120 5056 φασὶ,
1149 4990 1240 5042 καὶ
1277 4989 1415 5044 κατὰ
1445 4990 1553 5069 τῷν
1592 4993 1885 5062 ὁμολογου-

307 5080 487 5152 μένως
515 5081 840 5152 ποιημάτων
872 5064 954 5146 τὸ,
984 5080 1129 5147 Υἱὸς,
1152 5082 1342 5153 ὄνομα.
1372 5099 1390 5133 ι
1428 5079 1570 5151 Ἐγὼ
1604 5082 1711 5154 γὰρ
1731 5079 1881 5154 εἶπα,

304 5172 441 5242 φησί
461 5188 476 5203 ·
508 5172 633 5226 Θεοί
663 5174 808 5236 ὲστε,
835 5173 931 5227 καὶ
959 5173 1064 5228 υἱοὶ
1108 5173 1362 5243 Ὑψίστου
1387 5173 1607 5238 πάντες.
1643 5192 1664 5226 ι

376 5267 443 5317 Α.
473 5259 606 5319 Εἶτα
630 5264 705 5327 τί,
740 5263 967 5334 φράσον,
1000 5265 1091 5318 τὸν
1119 5263 1334 5334 άληθῶς
1362 5281 1421 5319 τε
1445 5264 1540 5320 καὶ
1566 5263 1724 5333 φύσει
1753 5265 1885 5322 Θεὸν

306 5355 404 5409 καὶ
440 5355 591 5419 Υίὸν,
634 5356 693 5422 ἐξ
740 5356 910 5427 αὐτῆς
937 5358 1036 5426 τῆς
1064 5355 1252 5420 οὐσίας
1295 5358 1574 5426 πεφηνότα
1615 5355 1707 5410 τοῦ
1750 5357 1884 5412 Θεοῦ

306 5446 402 5498 καὶ
435 5447 671 5518 Πατρὸς,
698 5447 1008 5520 ἀδικήσειεν
1031 5447 1096 5502 ἂν
1119 5449 1197 5511 είς
1221 5447 1398 5513 δόξαν,
1427 5449 1595 5521 ἠγονν
1619 5450 1699 5514 είς
1725 5449 1886 5511 αὐτὸν

305 5537 401 5591 τὸν
436 5537 535 5593 τοῦ
573 5556 690 5604 πως
715 5536 854 5594 εἶναι
893 5540 1181 5611 νοούμενον
1209 5539 1385 5609 λόγον,
1418 5542 1466 5596 εί
1492 5541 1585 5597 καὶ
1607 5540 1762 5612 ἡμεῖς
1789 5540 1886 5595 αὐ-

381 5713 426 5746 “
463 5713 626 5773 lictor.
656 5733 691 5784 ι,
719 5717 772 5773 G.
851 5718 889 5750 ‘³¹
927 5717 1109 5773 lTiuu.
1141 5733 1198 5782 n,
1225 5717 1275 5772 5.

2004 1887 2095 1957 qui
2123 1895 2179 1941 et
2203 1885 2424 1943 Christo
2446 1886 2704 1953 abundat,
2732 1892 2787 1940 et
2813 1882 3014 1953 Spiritu
3040 1890 3229 1939 sancto
3254 1881 3442 1954 plenus
3466 1894 3571 1945 est,

1999 1977 2488 2049 praestantissimus
2513 1977 2603 2031 ille
2632 1976 3011 2047 mysteriorum
3038 1974 3306 2048 interpres
3335 1990 3352 2028 ι
3384 1992 3403 2025 ι
3439 1974 3571 2028 Cum

1999 2078 2211 2132 autern,
2253 2069 2455 2139 inquit,
2493 2066 2786 2123 introducit
2827 2064 3243 2134 Primogenitnm
3290 2063 3342 2118 in
3384 2064 3568 2122 orbem

1998 2170 2179 2228 terrae,
2203 2160 2336 2216 dicit
2365 2182 2378 2216 z
2406 2160 2475 2217 Et
2504 2159 2733 2215 adorent
2758 2173 2881 2214 eum
2907 2170 3101 2214 omnes
3127 2157 3300 2226 attgeli
3333 2155 3424 2214 Dei
3445 2155 3511 2221 ⁸⁰,
3545 2173 3566 2207 ι

2000 2262 2237 2321 tempus,
2262 2260 2322 2308 ut
2348 2251 2564 2321 opinor,
2591 2264 2887 2322 congruum
2919 2249 3162 2309 tribuens
3187 2248 3570 2318 primogenito,

1998 2342 2128 2398 illud
2171 2340 2583 2398 incarnationis.
2624 2340 2715 2397 Sic
2755 2338 2898 2400 enim
2938 2338 3160 2393 eductus
3198 2346 3284 2392 est
3321 2338 3375 2391 in
3416 2353 3569 2392 mun-

1998 2433 2156 2498 dum,
2190 2431 2440 2503 quamvis
2475 2429 2605 2489 olim
2641 2439 2697 2485 ει
2733 2444 2947 2501 semper
2973 2429 3045 2483 ‘in
3078 2428 3196 2499 ipso
3229 2438 3378 2484 esset
3418 2436 3472 2482 et
3504 2427 3571 2482 als

1998 2529 2112 2598 ipso
2147 2542 2253 2591 nou
2286 2534 2691 2597 agnosceretur.
2729 2525 2821 2582 Sic
2852 2535 3031 2588 autem
3070 2525 3284 2586 demum
3321 2530 3571 2589 ostensus

1995 2629 2079 2676 est
2104 2619 2369 2674 mediator
2390 2616 2486 2673 Dei
2512 2625 2563 2673 et
2590 2617 2869 2674 hominum
2888 2615 2953 2683 ⁸²,
2981 2615 3186 2674 itabens
3210 2614 3262 2671 id
3288 2616 3569 2686 proprium

1993 2720 2049 2768 et
2080 2709 2376 2775 eximium„
2410 2710 2553 2780 quod
2584 2717 2704 2763 erat
2736 2707 3069 2778 unigenitus.
3101 2704 3245 2766 Deus
3276 2706 3418 2769 enim
3454 2714 3571 2760 erat

1993 2816 2061 2857 ex
2099 2802 2230 2865 Deo,
2267 2815 2405 2854 unus
2438 2814 2502 2853 ex
2539 2813 2669 2864 uno,
2706 2806 2760 2853 et
2793 2797 3135 2854 ineffabiliter
3165 2797 3398 2868 genitus.
3433 2794 3568 2849 Cum

1993 2900 2176 2946 autem
2212 2889 2390 2945 sactus
2423 2890 2496 2945 sit
2527 2888 2688 2944 ltomo
2722 2888 2879 2945 sicuti
2917 2902 3038 2954 nos,
3073 2898 3200 2954 tunc
3233 2895 3404 2950 certe,
3442 2893 3568 2942 tunc

1992 2982 2158 3040 etiam
2193 2982 2337 3037 inter
2363 2980 2563 3036 fratres
2592 2979 2947 3035 collocabitur
2975 2993 3042 3034 ex
3077 2992 3141 3034 eo
3172 2976 3313 3048 qnod
3347 2985 3570 3031 vocatur

1993 3073 2411 3144 primogenitus.
2434 3072 2536 3130 Ubi
2564 3072 2708 3127 enim
2736 3071 2825 3127 illa
2852 3070 3102 3138 inanitio,
3127 3070 3228 3125 nisi
3255 3069 3310 3125 in
3337 3083 3403 3125 eo
3428 3067 3569 3137 qnod

1995 3163 2170 3220 [actus
2196 3172 2281 3219 est
2308 3162 2703 3234 primogenitus
2733 3175 2797 3216 ex
2830 3159 3128 3231 unigenito,
3156 3167 3212 3215 et
3242 3158 3387 3213 inter
3412 3170 3570 3220 crea·

1995 3262 2144 3309 turas
2183 3253 2461 3309 nobiscum
2494 3258 2553 3308 ut
2586 3251 2771 3317 homo,
2807 3249 2853 3303 is
2885 3247 2980 3319 qui
3012 3261 3227 3303 omnem
3261 3253 3566 3300 creaturam

1996 3346 2255 3418 superat?
2289 3342 2393 3402 Ubi
2423 3343 2633 3401 veroin
2667 3343 2979 3401 universum
3014 3337 3191 3403 [actus
3219 3347 3305 3393 est
3332 3350 3566 3407 egenus,

1993 3456 2117 3496 cum
2148 3440 2221 3496 sit
2248 3439 2401 3495 dives
2422 3439 2491 3508 ⁸⁹,
2520 3437 2621 3493 nisi
2651 3445 2927 3506 assumpta
2960 3449 3019 3490 re
3048 3432 3255 3500 aliena,
3283 3447 3382 3501 per
3405 3444 3564 3505 quam

1995 3533 2171 3588 tactus
2203 3545 2417 3602 quoque
2451 3530 2523 3587 sit
2558 3527 2796 3598 egenus?
2823 3525 2978 3594 Quod
3011 3526 3056 3583 si
3094 3525 3148 3583 in
3182 3539 3247 3580 eo
3281 3522 3396 3579 solo
3423 3521 3567 3592 quod

1995 3622 2235 3679 inanitus
2273 3629 2389 3688 est,
2436 3629 2493 3674 et
2553 3618 2610 3675 in
2661 3615 3060 3677 extenuationis
3102 3623 3341 3684 tempore
3392 3605 3567 3666 l'a'ctns

1992 3727 2114 3772 esse
2146 3721 2202 3768 et
2226 3711 2370 3768 inter
2404 3718 2685 3767 creaturas
2710 3715 3048 3778 computatus
3075 3706 3360 3777 reperitur,
3406 3717 3566 3758 num-

1984 3807 2124 3877 'quid
2167 3805 2370 3863 tactum
2410 3817 2531 3861 esse
2571 3812 2910 3872 nequaquam
2954 3799 3004 3853 ei
3046 3796 3328 3853 conveniet
3368 3793 3413 3849 si
3459 3807 3563 3847 non

1996 3898 2161 3955 luerit
2190 3896 2454 3961 inanitus,
2481 3894 2575 3950 sed
2604 3901 2867 3949 creaturae
2899 3888 3239 3963 praecellere,
3268 3896 3324 3942 et
3348 3900 3562 3942 omnem

1994 3992 2217 4051 tactui-az
2242 3989 2468 4062 gloriam
2500 3986 2793 4058 superare?

2063 4083 2122 4141 Β.
2161 4082 2237 4139 lta
2271 4094 2509 4152 prorsus.

2063 4176 2131 4230 A.
2167 4172 2265 4239 Et,
2295 4172 2340 4227 si
2369 4170 2493 4226 illud
2511 4208 2527 4237 ,
2550 4167 2977 4241 primogenitus,
3003 4167 3057 4220 in
3086 4179 3151 4220 co
3175 4163 3318 4237 quod
3345 4172 3565 4235 propter

1993 4281 2093 4323 nos
2130 4264 2240 4334 pati
2276 4261 2446 4320 voluit
2479 4260 2746 4330 insignem
2782 4258 2927 4315 illam
2964 4256 3303 4329 pauperiem,
3338 4253 3560 4324 potissi·

1993 4375 2138 4417 mum
2197 4356 2533 4427 intelligitur,
2590 4352 2872 4410 nobiscum
2928 4349 3071 4405 enirn
3128 4362 3328 4418 egenus
3389 4343 3561 4400 lactus

1918 4477 1965 4537 D
1991 4459 2220 4509 estcum
2245 4458 2394 4505 esset
2437 4445 2671 4514 dives·³,
2711 4453 2841 4510 stat,
2880 4443 3094 4514 opinor,
3121 4438 3559 4508 intelligendum.

1990 4544 2044 4597 in
2082 4556 2152 4597 eo
2190 4540 2332 4611 quod
2375 4553 2479 4594 non
2524 4543 2699 4607 egeat,
2743 4549 2861 4591 esse
2905 4530 3260 4601 unigenitum.
3300 4527 3563 4583 Existimo

1988 4633 2133 4689 enim
2175 4629 2380 4684 nullum
2421 4625 2579 4697 plane
2615 4625 2828 4680 illorum
2864 4624 3146 4679 hominum
3180 4620 3247 4679 de
3281 4620 3395 4693 ipso
3428 4617 3564 4672 falso

1990 4725 2192 4781 dietum
2231 4735 2374 4777 esse.
2420 4717 2620 4774 Eadem
2663 4725 2843 4771 autem
2890 4725 2979 4771 est
3028 4714 3166 4769 ratio
3208 4710 3466 4784 unigeniti
3509 4719 3563 4764 et

1990 4813 2356 4886 primogeniti,
2395 4810 2559 4883 520
2596 4812 2651 4867 iu
2691 4814 2948 4880 quantum
2990 4815 3071 4863 est
3095 4820 3236 4877 'vere
3271 4803 3462 4871 Filius,
3506 4810 3562 4857 et

1992 4920 2098 4962 uon
2130 4905 2357 4961 factura.

2063 4996 2125 5051 Β.
2165 4999 2236 5055 At
2281 5004 2592 5065 usurpatur,
2643 4991 2913 5063 inquiunt,
2956 4989 3087 5046 illud
3130 5003 3350 5053 nomon,
3396 4985 3561 5053 lilius,

1992 5087 2155 5145 etiam
2190 5085 2373 5156 procul
2411 5084 2572 5140 dubio
2601 5085 2668 5139 de
2697 5081 2961 5138 creaturis
2991 5098 3007 5137 ε
3043 5099 3063 5135 ι
3102 5079 3215 5152 Ego
3247 5080 3392 5147 enim
3427 5078 3561 5145 dixi,

1994 5179 2171 5249 inquit
2199 5196 2215 5234 ι
2249 5176 2331 5232 Dii
2363 5175 2515 5240 estis.
2543 5183 2600 5231 et
2629 5172 2722 5230 lilii
2755 5171 2968 5230 Excelsi
2997 5186 3189 5231 omnes
3211 5170 3276 5226 ⁸⁸.
3316 5189 3337 5239 p

2064 5269 2130 5325 Α.
2172 5269 2277 5324 Sed
2299 5265 2449 5337 quid,
2468 5279 2670 5335 quaeso,
2690 5264 2803 5318 veri
2826 5262 3199 5332 naturalisque
3217 5260 3315 5315 Dei
3329 5274 3396 5316 ac
3414 5258 3557 5329 Filii,

1994 5375 2057 5417 ex
2094 5361 2207 5430 ipsa
2241 5357 2335 5414 Dei
2369 5373 2433 5412 ac
2461 5355 2642 5413 Patris
2670 5357 2971 5412 substantia
3007 5355 3174 5427 geniti
3207 5354 3433 5424 gloriam
3472 5354 3563 5408 lae-

1993 5452 2103 5517 det,
2136 5459 2231 5506 aut
2259 5459 2406 5506 certe
2437 5449 2606 5519 ipsam
2640 5448 2781 5504 modi
2815 5463 2921 5518 quo
2950 5448 3213 5505 exsistere
3241 5445 3557 5518 intelligitur

1992 5539 2279 5608 rationem,
2314 5538 2360 5596 si
2402 5553 2500 5595 nos
2531 5538 2633 5611 ipsi
2663 5551 2896 5610 qnoque,
2929 5535 3057 5595 licet
3086 5545 3278 5593 natura
3310 5534 3555 5595 terrestri

1356 5720 1398 5749 ⁶²
1435 5717 1476 5771 ll
1503 5719 1628 5774 Cor.
1660 5734 1771 5786 itu,
1799 5719 1850 5774 9.
1931 5718 1975 5749 ‘⁸
2014 5717 2147 5774 lbid.
2225 5718 2269 5749 ⁸⁸
2302 5716 2425 5774 Psal
2471 5733 2653 5782 mxxxi,
2681 5717 2733 5772 6.
