3809 6125
397 302 502 359 503

1381 308 1440 365 S.
1477 310 1750 369 emtam
1787 312 2257 373 ALExANutttNt
2293 317 2612 376 mentm).

3492 377 3498 383 ,
3536 307 3647 366 504

397 427 559 476 tatem
592 430 1002 491 cognoscentcs,
1039 431 1094 478 ct
1127 424 1327 481 veritas
1353 434 1435 481 est
1455 426 1706 484 Christus
1723 430 1768 463 ’'
1796 448 1811 483 ι
1842 430 1959 500 ipse
1988 434 2034 491 Α
2059 448 2171 496 τες,
2204 433 2425 505 ἀλήθεια
2440 435 2497 488 δὲ
2522 437 2551 487 ὀ
2575 432 2825 504 Χριστὸς,
2853 429 3012 491 αὐτὸς
3034 428 3143 500 ἄρα
3167 425 3312 479 ἐστὶν
3334 425 3363 477 ὁ
3385 424 3522 489 Θεὸς
3548 426 3649 480 καὶ

398 512 580 580 itaque
602 522 685 568 est
713 512 854 569 Deus
879 522 935 568 et
965 514 1242 569 Set-vator.
1261 516 1350 580 At,
1368 516 1413 571 si
1434 518 1534 573 ltoc
1557 527 1661 583 est,
1685 521 1955 588 quomodo

395 618 498 656 nou
530 604 604 657 sit
641 613 829 658 natura
867 605 1008 659 Deus
1048 605 1254 661 Filius?
1297 607 1502 678 Atque
1531 618 1687 678 pacto
1717 610 1808 681 qui
1856 626 1957 665 na-

396 701 511 744 tura
561 701 645 747 est
691 693 881 761 filius,
910 697 1174 751 creaturis
1205 700 1630 753 annumeretur?
1653 700 1957 755 Absurdum

393 781 536 835 enim
574 783 732 837 simul
785 794 841 839 et
875 785 1242 855 blasphemum
1301 788 1353 842 id
1400 798 1500 843 cst.
1554 788 1669 843 Non
1711 800 1793 844 est
1832 806 1961 861 ergo

395 881 644 927 creatura
678 874 881 941 Filius,
933 877 1027 930 scd
1077 879 1255 948 potius
1303 879 1440 934 Deus
1473 889 1528 934 ct
1573 879 1851 944 Servatur,
1892 894 1956 934 ex

399 959 678 1018 Salvatore
706 964 812 1020 Deo
841 979 905 1019 ac
931 964 1117 1021 Patre.

1061 1080 1287 1138 ALtUD.

470 1207 491 1242 ι
528 1188 680 1248 Unus
723 1194 893 1260 enim,
952 1194 1113 1260 Deus,
1171 1211 1307 1251 uuus
1341 1208 1395 1252 et
1451 1196 1715 1253 mediator
1765 1196 1855 1252 Dei
1908 1207 1963 1252 et

397 1283 695 1352 hominum,
738 1286 901 1341 homo
931 1285 1179 1343 Christus
1215 1286 1394 1355 Jesus,
1439 1290 1529 1358 qui
1571 1290 1717 1345 dedit
1755 1290 1964 1343 redem-

399 1375 638 1445 ptionem
683 1377 1032 1449 semetipsum
1076 1394 1176 1449 pro
1203 1380 1454 1436 omnibus
1483 1380 1552 1433 ⁰⁸.
1588 1399 1610 1434 ι
1649 1379 1705 1436 Si
1764 1382 1966 1435 media-

401 1478 486 1521 tor
541 1477 626 1525 est
680 1466 774 1524 Dei
838 1478 894 1525 et
954 1470 1232 1526 hominum
1285 1470 1443 1526 lesus
1499 1470 1786 1538 Christus,
1858 1487 1962 1525 nou

399 1554 719 1613 naturaliter
763 1565 926 1627 atque
974 1559 1338 1615 essentialiter
1391 1561 1499 1615 Deo
1548 1568 1605 1614 et
1656 1558 1964 1614 hominibus

397 1645 704 1714 copulatus,
733 1649 827 1703 sed
856 1658 1060 1703 tantum
1094 1651 1470 1718 reconcilians,
1498 1658 1659 1719 atque
1692 1651 1744 1703 in
1773 1647 1963 1704 amici·

403 1736 531 1791 tiam
561 1739 824 1795 reducens
862 1755 982 1810 quae
1014 1756 1045 1795 a
1074 1751 1257 1796 mutua
1281 1741 1421 1797 inter
1449 1755 1510 1796 se
1533 1741 1792 1796 societate
1818 1741 1965 1796 dese-

399 1838 610 1895 rerant,
643 1830 745 1885 ltoc
767 1838 851 1885 est
900 1831 1173 1891 hominem
1209 1842 1265 1888 et
1292 1831 1482 1897 Deum,
1513 1832 1783 1900 quomodo
1824 1832 1963 1886 Pau-

402 1918 483 1974 lus
512 1932 635 1973 eum
668 1919 801 1973 dicit
846 1934 1035 1983 unum,
1091 1934 1214 1976 cum
1257 1931 1311 1978 et
1341 1922 1431 1976 alii
1464 1922 1616 1977 multi
1663 1936 1730 1977 ex
1759 1922 1964 1977 sanctis

400 2024 465 2066 eo
495 2010 795 2067 ministerio
840 2011 987 2083 digni
1031 2013 1202 2069 habiti
1253 2014 1382 2076 sint,
1417 2024 1578 2084 atque
1614 2016 1730 2085 ipse
1757 2014 1965 2084 primus

401 2098 698 2156 exclamet:
757 2118 777 2153 ι
816 2099 1088 2171 Rogamus
1121 2117 1217 2172 pro
1258 2103 1497 2169 Christo,
1525 2103 1949 2159 reconciliamini

320 2189 334 2197 “
404 2190 514 2245 Deo
537 2190 626 2246 ”i
662 2209 684 2244 ι
713 2190 839 2246 Fuit
870 2201 924 2248 et
945 2192 1132 2249 beatus
1159 2191 1334 2250 Moses
1362 2195 1626 2250 mediator
1651 2195 1966 2251 ministrans

403 2278 658 2336 israelitis
693 2279 863 2353 legem
906 2281 1022 2338 Dei.
1065 2282 1190 2338 Fuit
1242 2293 1298 2338 et
1334 2285 1768 2355 sapientissimus
1812 2285 1967 2341 ¹let-e·

403 2374 540 2429 mias
562 2374 750 2430 dicens
768 2375 835 2429 ad
864 2374 1032 2430 Deum
1061 2376 1128 2430 de
1155 2375 1450 2433 Israelitis:
1482 2395 1501 2427 ι
1527 2375 1832 2432 Recordare
1862 2377 1965 2432 mei

403 2466 598 2521 stantis
639 2480 823 2522 coram
860 2477 912 2522 te
955 2468 1022 2522 ad
1056 2467 1382 2539 loquendum
1415 2482 1513 2538 pro
1540 2468 1673 2537 ipsis
1699 2468 1738 2522 ¹.
1773 2486 1794 2520 a
1826 2468 1966 2535 Quin

400 2566 458 2612 et
505 2556 704 2629 singuli
737 2567 1049 2613 sanctorum
1099 2560 1483 2629 prophetarum
1517 2558 1621 2613 hoc
1653 2558 1969 2628 praestitisse

402 2649 770 2705 inveniuntur.
821 2649 1105 2717 Quomodo
1164 2650 1328 2720 igitur
1379 2649 1647 2705 mediator
1687 2664 1826 2705 unus
1883 2655 1969 2705 est

2065 526 2271 599 Σωτήρ.
2294 527 2357 580 Et
2385 527 2441 580 δὲ
2467 525 2642 588 τοῦτο,
2669 524 2784 587 πῶς
2818 524 2878 576 οὐ
2902 521 3060 593 φύσει
3087 519 3221 582 Θεὸς
3254 519 3283 571 ὀ
3313 518 3441 581 Υἱός
3465 536 3481 582 ;
3518 517 3651 586 Πῶς

1991 676 1997 684 ,
2063 616 2121 670 δὲ
2154 618 2245 669 καὶ
2278 619 2307 669 ὀ
2335 616 2493 684 φύσει
2528 615 2657 677 Υἱὸς
2683 616 2739 666 ὲν
2769 613 3035 682 ποιήμασι
3066 608 3449 680 ὲξαριθμοῖτο;
3485 609 3653 661 Ἀτο-

2066 723 2165 759 πον
2204 705 2311 775 γὰρ
2340 706 2475 775 ὁμοῦ
2506 723 2565 758 τε
2604 705 2700 758 καὶ
2736 702 3034 773 δύσφημον.
3072 700 3282 754 Οὐκοῦν
3331 700 3393 752 οὐ
3428 699 3649 770 ποίημα
3686 766 3695 773 -

2065 798 2093 849 ὁ
2126 797 2274 858 Υἱὸς,
2308 794 2438 858 Θεὸς
2465 796 2521 848 δὲ
2560 796 2756 866 μᾶλλον
2776 796 2869 849 καὶ
2906 792 3120 862 Σωτὴρ,
3157 791 3221 843 ὲκ
3261 790 3521 862 Σωτῆρος
3547 793 3648 846 καὶ

2066 884 2200 939 Θεοῦ
2226 886 2453 957 Πατρός.

2748 1081 2946 1137 ΑΛΛΟ.

2141 1219 2160 1251 ι
2197 1190 2291 1264 Εἷς
2326 1198 2435 1271 γὰρ
2464 1196 2616 1261 Θεὸς,
2652 1192 2732 1260 εἷς
2766 1196 2862 1250 καὶ
2897 1193 3121 1265 μεσίτης
3154 1191 3289 1246 Θεοῦ
3315 1193 3413 1246 καὶ
3442 1192 3648 1264 ἀνθρὼ-

2067 1308 2205 1356 πων,
2238 1292 2521 1364 ἅνθρωπος
2543 1288 2778 1361 Χριστὸς
2814 1285 3043 1359 Ἰησοῦς.
3066 1286 3095 1337 ὁ
3117 1285 3242 1348 δοὺς
3273 1284 3472 1339 ἑαυτὸν
3500 1285 3650 1338 ἀντί-

2067 1384 2257 1457 λυτρον
2286 1383 2427 1456 ὑπὲρ
2453 1380 2694 1435 πάντων.
2728 1399 2747 1431 a
2785 1380 2849 1432 Et
2878 1376 3103 1449 μεσίτης
3126 1375 3245 1429 ἐστὶ
3266 1374 3404 1428 Θεοῦ
3438 1375 3534 1430 καὶ
3556 1375 3648 1428 ἀν·

2068 1476 2301 1549 Θρώπων
2335 1473 2543 1548 Ἰησοῦς
2574 1474 2603 1526 ὀ
2634 1471 2889 1544 Χριστὸς,
2922 1470 2984 1524 οὐ
3029 1468 3189 1539 φύσει
3218 1467 3314 1521 καὶ
3367 1467 3646 1531 οὐσιωδῶς

2068 1565 2189 1637 Θεῷ
2212 1583 2272 1619 τε
2304 1566 2399 1620 καὶ
2423 1562 2733 1635 ἀνθρώποις
2760 1560 3186 1631 συναπτόμενος,
3221 1556 3565 1611 διαλλάττων
3590 1556 3647 1610 δὲ

2073 1655 2255 1727 μόνον,
2277 1656 2372 1710 καὶ
2416 1656 2495 1719 είς
2530 1654 2707 1723 φιλίαν
2740 1652 2976 1719 εἰσάγων
3011 1650 3079 1703 τὰ
3124 1648 3227 1719 τῆς
3265 1648 3417 1721 πρὸς
3443 1647 3646 1720 ἁλληλα

2068 1746 2355 1809 κοινωνίας
2393 1744 2872 1814 άποστατήσαντα,
2906 1739 3186 1794 τουτέστιν
3213 1736 3514 1809 ἄνθρωπον
3557 1738 3648 1791 καὶ

2062 1837 2214 1903 Θεὸν,
2236 1836 2354 1900 πῶς
2374 1836 2471 1890 ἕνα
2500 1836 2663 1905 φησιν
2686 1837 2715 1887 ὀ
2745 1832 2953 1896 Παῦλος
2976 1830 3171 1893 αὺτόνς
3197 1830 3320 1883 ἐπεὶ
3350 1830 3448 1879 καὶ
3470 1828 3645 1895 ἕτεροι

2061 1928 2168 1983 τῶν
2193 1928 2361 1996 ἁγίων
2386 1925 2568 1979 πολλοὶ
2590 1926 2688 1993 τῆς
2709 1920 2966 1990 τοιαύτης
2987 1918 3249 1989 ἠξίωνται
3270 1916 3640 1986 λειτουργίας,

2046 2019 2159 2086 Δτιιιιι).
2185 2015 2347 2081 αὐτὸς
2372 2013 2437 2087 δὴ
2456 2013 2694 2086 πρῶτος,
2712 2010 2986 2066 άναὸοῶν·
3016 2029 3035 2060 ι
3065 2006 3303 2079 Δεόμεθα
3330 2004 3470 2075 ὑπὲρ
3494 2005 3636 2074 Χρι-

2066 2107 2214 2170 στοῦ,
2255 2105 2633 2176 καταλλάγητε
2658 2102 2737 2173 τῷ
2755 2101 2875 2173 Θεῷ
2928 2098 3171 2169 »Γέγονε
3212 2095 3423 2170 μεσίτης
3462 2094 3557 2147 καὶ
3600 2093 3631 2144 ὁ

2068 2197 2334 2268 μακάριος
2376 2195 2583 2264 Μωσῆς
2609 2193 2934 2263 διακονήσας
2962 2192 3076 2254 τοῖς
3102 2189 3240 2252 υίοῖς
3270 2182 3485 2257 Ἰσραὴλ
3538 2181 3633 2236 τὸν

2066 2289 2218 2362 παρά
2249 2285 2385 2342 Θεοῦ
2419 2288 2601 2357 νόμον.
2646 2284 2891 2353 Μεσίτης
2925 2282 3140 2353 ὑπῆρχε
3172 2277 3264 2335 καὶ
3304 2278 3335 2331 ὸ
3365 2275 3640 2342 πάνσοφος

2077 2380 2345 2455 Ἱερεμίας
2381 2380 2557 2449 λέγων
2599 2377 2736 2451 πρὸς
2774 2375 2906 2430 Θεὸν
2948 2374 3024 2438 ὡς
3049 2371 3179 2444 περὶ
3217 2368 3330 2424 τῶν
3360 2366 3426 2421 ἐκ
3453 2364 3646 2436 γένους

2079 2472 2293 2544 Ἰσραήλ
2312 2489 2325 2502 ·
2365 2490 2384 2522 ι
2409 2469 2703 2541 Μνήσθητι
2728 2467 3020 2538 ἑστηκότος
3052 2480 3152 2536 μου
3182 2459 3328 2516 κατὰ
3358 2456 3649 2529 πρόσωπόν

2070 2582 2188 2629 σου,
2225 2561 2320 2617 τοῦ
2350 2560 2583 2633 λαλῆσαι
2613 2560 2754 2630 ὑπὶρ
2793 2557 2992 2612 αὐτῶν.
3033 2574 3053 2608 a
3088 2551 3249 2610 Ἀλλά
3288 2550 3387 2605 καὶ
3413 2549 3650 2610 ἓκαστος

2066 2655 2178 2710 τῶν
2221 2652 2393 2723 ἁγίων
2435 2650 2731 2723 προφητῶν
2775 2648 2934 2703 τοῦτο
2962 2641 3279 2714 πεποιηκὼς
3304 2638 3646 2712 εὑρίσκεται.

403 2738 673 2807 Christus,
711 2739 757 2796 ai
792 2739 962 2809 ipsius
989 2739 1249 2797 mediatio
1274 2739 1344 2796 ab
1375 2739 1603 2795 aliorum
1644 2740 1972 2797 mediatione
2069 2748 2196 2812 Πῶς
2242 2743 2336 2801 οὖν
2368 2745 2594 2819 μεσίτης
2624 2736 2704 2807 εἷς
2743 2744 2772 2795 ὀ
2821 2739 3074 2813 Χριστὸς,
3122 2738 3172 2790 εἰ
3203 2734 3278 2807 μή
3326 2750 3381 2787 τι
3412 2731 3568 2799 ξενον
3592 2728 3650 2783 τὸ
3681 2721 3686 2726 ’

403 2842 510 2885 non
536 2827 758 2887 diflert!
782 2828 942 2900 Atqui
983 2844 1122 2886 unus
1149 2840 1232 2886 est
1272 2830 1560 2897 mediator,
1590 2839 1652 2886 ut
1682 2845 1810 2886 vere
1840 2830 1972 2887 dicit
2070 2839 2160 2892 ἐπ’
2192 2836 2394 2904 αὐτοῦς
2439 2834 2579 2889 Ἀλλ’
2605 2832 2753 2887 ἐστιν
2799 2825 2900 2897 εἷς,
2932 2830 3009 2895 ὡς
3053 2829 3082 2881 ὁ
3122 2824 3338 2888 Παῦλος
3364 2820 3648 2893 ἁληθευων

404 2918 619 2976 Paulus.
649 2920 874 2976 Diverso
922 2919 1106 2991 itaque
1143 2920 1321 2988 modo,
1351 2935 1528 2991 neque
1558 2922 1632 2976 ita
1676 2921 1826 2975 sicut
1853 2920 2225 3001 amq-2201
2266 2927 2445 2991 sem<
2487 2926 2595 2998 ἄρα
2645 2925 2742 2979 καὶ
2770 2924 2867 2993 οὺχ
2906 2920 3106 2993 ὁμοίως
3146 2919 3260 2981 τοῖς
3307 2915 3531 2991 ἄλλοις,
3557 2910 3649 2966 καὶ

403 3021 490 3069 est
520 3010 785 3068 mediator
829 3010 1128 3072 Clu-istus.
1163 3012 1410 3083 ratioque
1449 3012 1780 3068 diversitatis
1814 3011 1971 3070 nohis
2070 3017 2218 3082 ὅπως
2256 3017 2429 3072 εἰπεῖν
2475 3014 2793 3084 ἀναγκαῖον.
2824 3007 3035 3065 Οὐκοῦν
3088 3005 3392 3078 ἐπειδήπερ
3442 3002 3508 3056 τὸ
3557 2999 3648 3054 δύο

404 3104 716 3174 explicanda
731 3112 831 3160 est.
846 3103 981 3160 Cum
1002 3105 1385 3175 igiturquodin
1409 3104 1584 3160 medio
1605 3106 1830 3160 duorum
1846 3120 1977 3175 quo-
2003 3105 2045 3164 C
2076 3108 2241 3164 τινῶν
2267 3107 2408 3162 κατὰ
2443 3106 2610 3179 μέσου
2638 3105 2909 3176 κείμενον,
2950 3099 3272 3172 ἀμφοτέρων
3304 3095 3406 3168 δη)
3408 3093 3513 3167 αδὴ
3538 3096 3649 3158 τοῖς

409 3191 652 3245 rumdam
711 3192 996 3259 consistit,
1042 3202 1332 3263 utrumque
1377 3193 1489 3248 suis
1534 3194 1972 3249 extremitatibus
2077 3201 2227 3264 ιδιοις
2248 3199 2437 3270 ἄκροις
2478 3198 2802 3266 ἐφάπτεται,
2836 3193 3073 3264 συνέχων
3098 3193 3180 3254 είς
3215 3189 3448 3261 ἑνότητα
3466 3187 3539 3240 τὰ
3566 3187 3648 3241 δι-

406 3280 642 3352 uttingit,
677 3296 743 3337 ea
767 3298 887 3354 quae
917 3283 1129 3341 diversa
1169 3294 1328 3339 erant
1367 3285 1574 3340 unitate
1617 3285 1846 3355 quadam
1874 3300 1971 3340 co-

408 3371 621 3441 pulans,
640 3375 904 3430 mediator
929 3390 1056 3431 vero
1089 3374 1180 3430 Dei
1203 3385 1258 3430 et
1277 3375 1553 3431 hominum
1579 3385 1663 3431 est
1685 3375 1969 3442 Christus,

409 3465 750 3522 manifestum
782 3475 865 3523 est
897 3467 1038 3536 quod
1081 3467 1246 3522 Deum
1302 3466 1516 3537 quidem
1563 3476 1621 3520 ut
1674 3467 1834 3533 Deus,
1873 3467 1974 3522 ho-

411 3559 586 3614 miues
609 3573 738 3615 vero
768 3568 826 3612 ut
865 3561 1050 3624 homo,
1078 3560 1252 3628 tangit
1293 3559 1634 3613 naturaliter.
1665 3558 1781 3627 lpse
1825 3559 1971 3613 enim

407 3659 492 3706 cst
521 3664 626 3720 pax
669 3659 851 3705 nostra
883 3651 928 3716 ⁵,
955 3651 1044 3720 qui
1090 3665 1186 3719 per
1237 3648 1639 3703 similitudinem
1675 3650 1842 3704 nostri
1874 3649 1975 3703 ltu·

411 3758 623 3799 manant
652 3754 900 3798 naturam
929 3757 1049 3796 cunt
1079 3742 1259 3798 divina
1293 3741 1525 3796 essentia
1553 3739 1731 3810 297,
1755 3739 1975 3811 copulat.

410 3842 575 3903 atquc
607 3834 748 3892 unit.
795 3833 1077 3901 Quomodo
1121 3833 1266 3887 enim
1323 3831 1480 3885 aliter
1519 3832 1716 3884 divinae
1767 3843 1975 3886 naturae

411 3928 699 3996 participes
728 3926 1104 3982 invenientur?
1127 3927 1412 3993 Quocirca,
1430 3925 1477 3979 si
1491 3935 1780 3979 estuatura
1812 3922 1971 3986 Deus,

409 4018 644 4086 ejusdem
679 4033 802 4074 cum
860 4018 1086 4073 naturali
1120 4019 1227 4074 Deo
1268 4033 1333 4072 ac
1380 4015 1543 4071 Patre
1579 4025 1784 4071 natura:
1814 4024 1974 4085 atque

408 4112 679 4177 esseutiae,
706 4126 816 4182 quo
852 4120 1008 4180 pacto
1051 4125 1187 4180 opus
1231 4118 1288 4164 et
1327 4118 1580 4164 creatura
1632 4122 1752 4164 esse
1789 4118 1970 4178 queat,

413 4218 534 4259 cum
576 4212 786 4259 tantum
811 4201 901 4258 hic
925 4215 1108 4257 sermo
1149 4198 1499 4256 absurditatis
1524 4199 1761 4254 habeat?

1071 4328 1302 4386 ALtut).

480 4469 499 4499 c
533 4449 736 4506 Fidelis
827 4461 1026 4513 sermo,
1089 4458 1140 4502 et
1195 4448 1341 4502 omni
1379 4449 1696 4518 acceptioue
1743 4448 1969 4538 dignus:

409 4544 460 4596 in
517 4542 619 4597 ltoc
653 4541 978 4606 laboramus„
1040 4549 1339 4604 certamus,
1400 4540 1524 4608 quia
1582 4554 1863 4608 speramus
1917 4539 1969 4594 iu

407 4633 573 4687 Deum
623 4633 827 4696 vivum,
876 4629 966 4701 qui
996 4638 1082 4685 est
1114 4629 1361 4684 Salvator
1390 4633 1630 4685 omnium
1658 4631 1968 4694 ltoininum,

403 4731 460 4775 υι
493 4721 727 4777 maxime
758 4721 994 4777 fidelium
1017 4722 1057 4776 ⁸.
1102 4739 1122 4773 a
1170 4719 1365 4773 Beatus
1395 4719 1676 4775 Psalmis-ta
1718 4736 1839 4774 cum
1876 4736 1972 4789 per

409 4814 670 4883 Spiritum
701 4823 946 4869 sanctum
999 4828 1116 4884 qum
1150 4814 1326 4867 sutura
1357 4823 1540 4867 essent
1572 4812 1969 4881 contemplare·

411 4917 519 4971 tur,
566 4916 622 4960 et
657 4904 957 4961 Salvatoris
1001 4907 1169 4961 nostri
1218 4905 1605 4959 iucarnationis
1653 4905 1969 4958 beneficium

409 4995 736 5058 declararet,
763 4997 834 5050 ita
861 4997 928 5048 ad
965 4997 1138 5066 ipsum
1179 4996 1485 5051 exclamat:
1520 5014 1539 5046 ι
1567 4997 1702 5064 Spes
1730 4995 1968 5048 omnium

409 5089 596 5144 tiniutu
621 5099 802 5156 terrae,
823 5097 876 5142 et
907 5089 1108 5142 inmari
1134 5088 1519 5159 tonge⁸.›cmn
1546 5088 1709 5158 igitur
1724 5088 1970 5141 Christus

409 5183 481 5235 sit
508 5194 632 5250 spes
664 5180 930 5241 omnium,
962 5187 1015 5232 et
1045 5179 1096 5231 in
1127 5196 1246 5233 eum
1274 5193 1462 5233 omnes
1482 5178 1763 5232 credentes
1786 5191 1970 5243 spera-

412 5277 619 5341 vimus;
664 5271 870 5328 Paulus
912 5285 1040 5325 vero
1076 5272 1246 5339 ipsum
1291 5268 1458 5324 Deum
1488 5269 1755 5321 viventem
1795 5276 1972 5331 vocat,

413 5361 718 5430 intelligens
769 5360 1022 5415 nimirum
1059 5359 1234 5428 ipsum
1281 5358 1382 5412 hoc
1436 5366 1625 5411 natura
1665 5372 1758 5409 sua
1805 5370 1971 5410 esse:

413 5452 683 5520 qumnudo
719 5453 823 5505 erit
853 5448 1124 5514 ereatura,
1159 5459 1211 5503 et
1247 5464 1350 5502 non
1389 5449 1563 5517 potius
1595 5446 1764 5501 Filius
1793 5449 1975 5499 vivens

481 5627 946 5690 ”loan.x1v‚6.
1049 5621 1401 5688 ·Ιιιῑ1.5,ι;.
1480 5618 1962 5680 ''llCor.v‚‘.².o

413 5628 1042 5762 10.⁸lsal.l.xtv,'7.⁹

2075 3292 2346 3364 ηρημὲνα,
2398 3290 2622 3361 μεσίτης
2649 3287 2711 3343 δὲ
2743 3284 2881 3343 Θεοῦ
2937 3285 3029 3338 καὶ
3072 3279 3380 3353 ἀνθρωπων
3430 3277 3600 3332 ἐστὶν
3618 3277 3650 3330 6

2073 3379 2329 3451 Χριστὸς,
2364 3377 2631 3451 πρόδηλον
2651 3375 2735 3429 ὅτι
2756 3371 2891 3429 Θεοῦ
2925 3372 3023 3444 μὲν
3056 3371 3130 3434 ὡς
3160 3368 3314 3431 Θεὸς,
3343 3366 3648 3453 ἀνθρώπων

2074 3471 2133 3525 δὲ
2162 3469 2237 3533 ὠς
2264 3466 2550 3538 ἄνθρωπος
2582 3465 2816 3518 ἅπτεται
2859 3458 3124 3530 φυσικῶς.
3158 3457 3329 3520 Αὐτὸς
3355 3454 3480 3529 τῷ
3499 3432 3648 3510 δ’στιν

2074 3565 2109 3634 ἡ
2160 3561 2351 3633 εἰρήνη
2392 3559 2569 3630 ἡμῶν,
2600 3556 2686 3608 διὰ
2738 3555 2835 3624 τῆς
2862 3552 2998 3622 πρὸς
3028 3552 3176 3621 ἡμᾶς
3222 3546 3547 3620 ὁμοιώσεως
3570 3547 3645 3610 εἰς

2075 3653 2301 3723 ἑνότητα
2339 3668 2436 3703 και
2476 3646 2758 3701 κοινωνίαν
2789 3643 2889 3714 τῆς
2921 3642 3070 3704 Θείας
3103 3641 3291 3702 οὐσίας
3314 3638 3417 3710 τὴν
3438 3635 3641 3709 ἀνθρώ-

2078 3762 2180 3797 που
2211 3743 2372 3813 φύσιν
2410 3738 2747 3809 ἀναδεσμῶν.
2792 3737 2944 3788 Ἐπεὶ
2989 3734 3105 3797 πῶς
3142 3733 3208 3786 ἂν
3241 3733 3453 3802 ἑτέρως
3505 3731 3636 3800 stipt-

2079 3835 2341 3905 σκοίμεθα
2371 3834 2520 3895 θείας
2546 3846 2761 3901 φυσεως
2790 3826 3037 3882 κοινωνοί
3057 3822 3315 3891 ;Οὐκοῦν
3344 3823 3503 3892 εἴπερ
3528 3816 3640 3872 ἐστὶ

2078 3925 2237 3993 φύσει
2259 3923 2412 3987 Θεὸς,
2438 3920 2516 3990 τῶ
2542 3936 2646 3973 κατ
2649 3918 2683 3970 ὰ
2710 3915 2870 3984 φύσιν
2903 3913 3021 3982 Θεῷ
3051 3911 3143 3963 καὶ
3180 3908 3361 3980 Πατρὶ
3390 3903 3632 3976 συμφυής

2075 4034 2135 4069 τε
2163 4016 2257 4068 καὶ
2284 4012 2591 4083 ὁμοούσιος,
2614 4008 2731 4070 πῶς
2764 4006 2829 4060 ἂν
2852 4005 2939 4074 εἴη
2970 4003 3170 4072 κτίσμα
3198 4001 3233 4071 ἢ
3263 4000 3488 4071 ποίημα,
3509 3992 3631 4048 πολ-

2074 4106 2170 4178 λὴν
2203 4106 2413 4177 ἔχοντος
2436 4103 2529 4156 τῦο
2561 4102 2721 4169 λόγου
2748 4098 2845 4170 τὴν
2867 4101 2932 4152 άτ
2936 4113 3024 4150 οπ.
3015 4095 3130 4159 αν;

2761 4321 2959 4374 ΑΑΑΟ.

2008 4446 2050 4500 t)
2155 4461 2174 4493 ι
2208 4441 2402 4503 Πιστὸς
2425 4441 2452 4491 ὁ
2488 4438 2665 4504 λς,όγο
2698 4435 2790 4488 καὶ
2820 4437 2999 4502 πάσης
3042 4430 3311 4500 ἀποδοχῆς
3352 4427 3507 4492 ἄξιος
3527 4427 3643 4487 ·εἰς

2077 4531 2236 4587 τοῦτο
2260 4529 2367 4603 γὰρ
2398 4527 2695 4598 κοπιῶμεν,
2728 4525 2824 4579 καὶ
2862 4518 3261 4591 ἀγωνιζόμεθα,
3298 4518 3381 4571 ὅτι
3414 4516 3643 4587 ἠλπίκει·

2081 4641 2183 4696 μεν
2200 4623 2291 4677 ἐπὶ
2310 4623 2379 4674 Θε
2359 4620 2428 4691 -ᾧ
2448 4618 2631 4684 ζῶντι,
2658 4618 2715 4680 ὃς
2741 4617 2849 4668 ἐστι
2872 4615 3062 4686 Σωτὴρ
3084 4611 3302 4664 πάντων
3320 4606 3642 4679 ἀνθρώπιον,

2085 4714 2320 4786 μάλιστα
2349 4709 2574 4764 πιστῶν.
2599 4727 2617 4758 ›
2652 4708 2711 4759 ‘0
2744 4704 3011 4776 μακάριος
3044 4698 3343 4770 ιΙαλμῳδὸς
3366 4697 3459 4751 διὰ
3477 4695 3645 4752 Πνεῦ-

2082 4825 2189 4878 ματ
2171 4823 2249 4868 .;ο
2277 4803 2431 4872 ἁγίου
2460 4801 2530 4854 τὰ
2558 4800 2790 4870 ἐσόμενα
2814 4796 2923 4868 ὁρω
2907 4814 2975 4860 ν,
3001 4795 3096 4847 καὶ
3135 4793 3236 4862 τῆς
3271 4789 3371 4844 τοῦ
3394 4789 3646 4861 Σωτῆρος

2079 4897 2234 4968 ἡμῶν
2258 4893 2551 4963 ἐπιδημίας
2576 4892 2674 4960 τὴν
2705 4889 2863 4960 χάριν
2889 4883 3357 4952 ὲκδιδασκόμενος,
3379 4880 3647 4949 ἁνεφὼνει

2089 4990 2225 5060 βοῶν
2264 4988 2340 5050 ὡς
2371 4986 2504 5056 πρὸς
2530 4983 2717 5036 αὐτόν·
2746 4999 2765 5031 ι
2800 4981 2864 5031 ‘tl
2892 4977 3047 5041 ἐλπὶς
3078 4976 3295 5029 πάντων
3337 4972 3452 5025 τῶν
3482 4973 3648 5041 περά·

2080 5097 2189 5132 των
2231 5078 2333 5146 τῆς
2372 5076 2496 5143 γῆς,
2532 5073 2625 5126 καὶ
2662 5070 2771 5123 τῶν
2813 5067 2868 5117 ὲν
2910 5067 3153 5136 Θαλάσσῃ
3201 5061 3447 5133 μακράν.
3480 5079 3501 5113 ι
3529 5060 3648 5113 Ὅτι

2078 5170 2257 5223 τοίνυν
2288 5171 2321 5238 ἡ
2343 5169 2559 5221 πάντων
2585 5163 2738 5226 ὲλπίς
2763 5158 2907 5214 ἐστιν
2930 5161 2957 5211 ὁ
2984 5156 3239 5229 Χριστὸς,
3265 5155 3361 5208 καὶ
3384 5154 3474 5207 ἐπ’
3504 5150 3650 5217 αὐτῷ

2080 5262 2280 5321 πάντες
2317 5256 2628 5325 ἠλπίκαμεν
2652 5255 2700 5306 οἱ
2738 5247 3101 5311 πιστεύοντες,
3141 5245 3273 5299 Θεὸν
3315 5243 3376 5298 δὲ
3408 5243 3598 5307 ζῶντα
3621 5243 3649 5294 ὀ

2078 5351 2287 5412 Παῦλος
2318 5350 2482 5402 αὑτὸν
2531 5345 2814 5409 ἀποκαλεῖ,
2842 5343 3001 5396 τοῦτο
3031 5339 3174 5394 κατὰ
3203 5338 3369 5409 φύσιν
3397 5338 3534 5392 ὅντα
3563 5353 3645 5405 γι·

2076 5441 2322 5505 νώσκων,
2353 5439 2467 5502 πῶς
2494 5439 2644 5492 ἔσται
2674 5436 2782 5488 τῶν
2829 5431 3072 5502 γενητῶν
3096 5425 3176 5493 εἷς
3208 5447 3293 5492 τις
3335 5429 3434 5482 καὶ
3461 5426 3648 5490 αὐτὸς.

2051 5611 2283 5669 ¹Jcrctn.
2316 5629 2466 5675 mu,
2499 5612 2586 5663 2⁰.
2665 5613 2682 5639 ’
2714 5609 2904 5677 ΙίμΙιοε.
2942 5621 2999 5669 ιι,
3031 5603 3108 5658 lb.
3188 5603 3207 5632 ³
3239 5602 3256 5656 Ι
3285 5602 3428 5657 Tim.
3473 5618 3547 5666 tv,
3586 5600 3644 5666 9.
