3809 6125
273 383 410 442 ΗΠ

1327 402 1415 457 DE
1455 403 1557 461 SS.
1598 403 1978 461 'rle'rA'rE
2011 401 2361 460 nlALoctls
2397 402 2513 461 vll.

3382 400 3520 455 tlte

269 499 450 556 πάντα
469 501 564 556 ‘⁶03
600 503 736 559 9εοῦ
762 504 850 560 καὶ
865 506 1095 581 Πατρῦς,
1130 510 1283 577 ὄντος
1314 532 1373 568 τε
1403 504 1666 588 ζωῆςτοῦ
1685 516 1838 586 Υίοῦ,
1869 525 1916 581 Λ
1944 517 2215 583 virtutem,
2264 525 2318 572 et
2369 516 2515 571 aliud
2590 516 2848 587 quiddam
2896 529 3016 570 esse
3053 513 3217 568 vitam
3275 510 3515 582 negabit,

268 589 332 644 τδ
358 591 586 663 Πνεῦμά
615 594 727 647 ἐστι
754 595 817 648 τὸ
865 595 1181 666 ζωοποιοῦν,
1213 602 1299 664 τίς
1334 602 1399 657 ἂν
1441 605 1704 679 ἀποτέμοι
1742 609 1839 662 καὶ

268 679 595 745 ὲξοικίσαιτο
629 686 731 757 τῆς
761 683 907 757 ζωῆς
928 687 1029 760 τὴν
1057 687 1321 757 ζωοποιὸν
1357 694 1526 766 αὐτῆς
1570 696 1800 769 δύναμιν
1819 739 1836 767 ,

267 772 364 826 καὶ
393 771 581 847 ἔτερόν
600 793 653 829 τι
676 776 775 848 τὴν
794 778 938 851 ζωὴν
965 780 1238 852 ἀποφανεῖ
1268 786 1522 857 παρόπερ
1566 783 1706 842 εἶναι
1736 806 1836 842 πε·

1942 623 2102 677 «piam
2133 610 2277 677 quod
2299 622 2419 665 esse
2447 606 2709 676 creditur,
2746 608 2856 663 imo
2876 620 3007 661 vero
3027 620 3131 660 non
3161 603 3272 673 jam
3309 602 3475 657 vitam
3494 602 3521 655 Ἰ

1943 697 2045 765 Qui
2077 700 2221 755 enim
2239 698 2541 754 vivificandi
2575 706 2843 767 potestate
2892 695 3122 752 naturali
3166 703 3339 760 caret,
3391 706 3522 761 ouo-

1944 790 2104 846 modo
2132 791 2346 846 demum
2374 790 2702 859 intelligatur
2736 789 2881 843 vita?

267 862 576 929 πίστευται,
622 867 822 937 μᾶλλον
871 869 930 924 δὲ
980 871 1129 945 ζωὴν,
1173 875 1275 931 οὐκ
1311 875 1426 944 έτι;
1491 878 1564 932 Τὸ
1601 878 1710 950 γάρ
1739 877 1834 933 τοῦ
1872 878 2159 945 ζωοποιεῖν
2188 877 2450 937 δύνασθαι
2495 882 2636 936 κατὰ
2697 881 2859 951 φύσιν
2922 876 3233 952 τητώμενον
3256 920 3272 944 ,
3307 876 3424 941 πῶς
3450 874 3519 931 ἂν

265 955 346 1010 ἔτι
371 959 543 1011 νοοῖτο
571 958 682 1031 ζωή
706 976 722 1026 ;

336 1051 401 1106 Β.
430 1051 704 1106 Ζωοποιδν
732 1053 792 1107 τὸ
823 1054 1051 1128 Πνεῦμά
1086 1072 1274 1130 φασιν,
1304 1059 1382 1127 ὡς
1422 1062 1706 1120 διακονοῦν
1728 1066 1842 1127 τοῖς

265 1141 528 1213 κτίσμασι
561 1141 662 1215 τὴν
710 1142 862 1215 παρὰ
889 1145 1025 1201 Θεοῦ
1059 1146 1224 1221 ζωὴν,
1266 1149 1330 1204 οὐ
1371 1150 1479 1223 μὴν
1520 1152 1843 1224 αὐτόχρημα

265 1230 436 1303 ζωήν.

334 1324 404 1375 Α.
440 1321 581 1377 Ἀλλ’
602 1325 665 1379 ού
693 1324 1019 1398 θεσμοθέται
1047 1328 1142 1384 καὶ
1168 1329 1386 1401 ὁρισταὶ
1415 1329 1524 1387 τῶν
1549 1331 1692 1406 ὑπὲρ
1714 1331 1841 1389 νοῦν

267 1409 365 1465 καὶ
392 1411 571 1480 λόγον,
597 1415 646 1468 οί
673 1416 926 1489 κίδδηλον
952 1417 1094 1472 οῦτω
1121 1417 1519 1494 νοσοῦντεςτὴν
1555 1421 1841 1494 παραφθο·

266 1499 369 1571 ράν
395 1500 720 1573 είσδεχθεῖεν
740 1502 826 1571 ἂν,
858 1505 1070 1576 ἄμαχον
1099 1506 1289 1579 ῶσπερ
1310 1524 1364 1561 τι
1389 1507 1452 1562 τό
1475 1524 1631 1579 σφισι
1649 1506 1839 1561 δοκοῦν

263 1592 723 1663 είσκεκομικότες·
785 1595 1203 1662 ὐποτετάξονται
1236 1597 1293 1650 δὲ
1351 1595 1470 1667 μεθ’
1522 1597 1682 1669 ἡμῶν
1726 1598 1840 1661 τοῖς

267 1682 434 1755 ίεροῖς
465 1700 523 1737 τε
546 1684 641 1738 καὶ
672 1684 834 1749 θείοις
865 1686 1214 1757 Γράμμασιν,
1252 1688 1316 1742 οὐ
1353 1688 1456 1755 τῆς
1484 1689 1617 1761 παρ’
1650 1687 1837 1759 ἐτέρου

265 1771 411 1844 ζωῆς
441 1774 735 1847 ὑπουργὸν,
763 1776 880 1830 ἀλλ’
903 1776 1224 1849 αὐτόχρημα
1258 1777 1403 1849 ζωὴν
1430 1777 1698 1849 ὑπάρχειν
1723 1776 1841 1830 δια-

2017 1058 2077 1115 Β.
2119 1056 2378 1114 vivificus
2405 1067 2486 1112 est
2520 1056 2776 1127 Spiritus,
2838 1055 3108 1126 inquiunt,
3162 1056 3216 1109 in
3254 1069 3518 1125 quantum

1944 1149 2209 1204 creaturis
2228 1149 2393 1204 vitam
2421 1162 2543 1218 quae
2567 1164 2596 1203 a
2620 1148 2730 1204 Deo
2754 1155 2862 1214 est,
2880 1147 3177 1213 ministrat,
3206 1163 3312 1204 uon
3338 1160 3519 1208 autem

1945 1240 2176 1310 ipsamet
2205 1239 2336 1293 vita.

2016 1328 2084 1381 A.
2126 1326 2198 1382 At
2223 1341 2320 1384 eos
2343 1341 2525 1383 rerum
2573 1341 2711 1397 quas
2756 1340 2856 1382 nec
2879 1325 3043 1382 fando
3092 1343 3194 1384 nec
3232 1329 3524 1401 cogitando

1943 1418 2219 1489 possimus
2260 1418 2496 1487 assequi,
2528 1418 2919 1473 constitutores
2953 1427 3008 1472 et
3036 1419 3278 1475 arbitros
3303 1436 3399 1476 eos
3428 1421 3523 1491 qui

1942 1516 2094 1564 tanta
2124 1508 2372 1564 laborant
2390 1508 2559 1563 animi
2587 1508 2921 1580 corruptela,
2947 1523 3291 1579 nequaquam
3323 1512 3523 1566 admit·-

1945 1609 2276 1668 temus,cum
2303 1614 2402 1658 suo
2430 1600 2542 1667 illo,
2562 1610 2621 1656 ut
2651 1600 2988 1668 existimant,
3012 1602 3213 1657 invicto
3233 1618 3525 1673 argumen-

1944 1702 2019 1760 to,
2051 1695 2145 1749 sed
2182 1694 2461 1750 nobiscum
2492 1693 2664 1748 sacris
2686 1707 2752 1748 ac
2774 1692 2976 1748 divinis
3028 1692 3252 1749 Litteris
3312 1694 3523 1749 obtem-

1943 1785 2229 1856 perabunt,
2264 1800 2384 1854 quae
2431 1784 2718 1840 manifeste
2772 1784 3073 1854 proedicant
3135 1785 3411 1840 vivificum
3467 1793 3525 1841 et

263 1862 625 1934 κηρύττουσιν
653 1864 920 1935 ἐναργῶς,
953 1866 1014 1920 τὸ
1034 1866 1135 1937 τῆς
1163 1867 1306 1920 κατὰ
1329 1866 1492 1936 φύσιν
1520 1864 1687 1938 ζωῆς,
1706 1864 1841 1931 <wo-
1869 1870 1913 1926 B
1941 1885 2187 1930 sanctum
2221 1873 2479 1944 Spiritum
2517 1888 2622 1928 non
2652 1872 2721 1927 ab
2766 1872 2872 1930 alio
2920 1874 3132 1928 traditae
3185 1876 3309 1930 vitae
3357 1877 3524 1931 nutui-

264 1954 420 2009 ποιόν
444 1971 503 2008 τε
535 1955 629 2010 καὶ
658 1955 813 2025 ἀγιον
841 1956 1088 2029 Πνεῦμα.
1141 1950 1269 2011 Ὧδε
1302 1958 1412 2031 γάρ
1460 1973 1565 2016 που
1599 1959 1763 2014 πάλιν
1810 1960 1839 2012 ὁ

267 2046 536 2117 μακάριος
562 2046 667 2120 ἔφη
686 2048 916 2113 Παῦλος·
943 2069 962 2102 ι
980 2050 1114 2105 Είδὲ
1134 2050 1195 2104 τὸ
1221 2051 1447 2122 Πνεῦμα
1467 2049 1564 2106 τοῦ
1592 2051 1842 2124 ἐγείραν-

263 2154 358 2202 τος
389 2138 596 2209 Ἰησοῦν
627 2142 691 2193 ὲκ
711 2140 921 2213 νεκρῶν
948 2142 1087 2195 οίκεῖ
1107 2144 1165 2196 ὲν
1191 2142 1342 2214 ὑμῖν,
1383 2145 1410 2197 ό
1441 2142 1666 2216 ἀγείρας
1707 2144 1842 2214 Χρι-

266 2230 391 2285 στὸν
450 2229 658 2303 Ἰησοῦν
707 2232 774 2285 ὲκ
829 2234 1037 2305 νεκρῶν
1071 2232 1398 2306 ζωοποιήσει
1441 2236 1537 2291 καὶ
1565 2235 1633 2291 τὰ
1674 2235 1845 2308 θνητά

267 2321 500 2394 σώματα
522 2324 698 2394 ὐμῶν,
730 2323 820 2378 διά
840 2324 935 2378 τοῦ
963 2324 1300 2389 ἐνοικοῦντος
1325 2324 1493 2396 αὐτοῦ
1530 2325 1844 2398 Πνεύματος

265 2414 324 2467 ὲν
350 2415 501 2486 ύμῖν.
547 2434 566 2467 ο
593 2414 667 2468 Τὸ
695 2412 840 2486 ζωῆς
865 2412 959 2470 οῦν
993 2416 1218 2487 Πνεῦμα
1241 2416 1342 2485 τῆς
1379 2415 1519 2472 κατὰ
1562 2415 1725 2488 φύσιν
1755 2416 1841 2489 είη

265 2508 330 2581 δή
357 2526 460 2563 που
484 2509 701 2573 πάντως
721 2509 788 2564 ἂν
810 2510 941 2581 παρ’
964 2509 1135 2582 αὐτὴν
1155 2509 1258 2581 οὐχ
1284 2509 1491 2581 ἕτερον,
1529 2508 1674 2564 κατά
1699 2525 1763 2579 γε
1783 2509 1845 2563 τδ

266 2601 585 2675 ἀμωμήτως
609 2603 731 2675 ἔχον
762 2603 842 2668 είς
874 2601 1144 2675 ὀρθότητα
1171 2602 1469 2674 λογισμῶν.
1503 2601 1604 2674 Etr]
1634 2602 1744 2674 γὰρ
1778 2601 1846 2656 ἂν

265 2695 417 2761 ὅπως
463 2696 523 2751 οὐ
568 2697 703 2768 ζωὴ,
752 2696 814 2750 τὸ
857 2696 1016 2767 ῥίζαν
1043 2696 1167 2767 ἔχον
1192 2694 1293 2768 τὴν
1321 2694 1469 2767 ζωὴν
1494 2734 1512 2760 ,
1539 2695 1634 2750 καὶ
1665 2694 1848 2767 πηγὴν

267 2788 421 2844 ῶσπε
429 2808 461 2862 ρ
485 2790 609 2845 τινὰ
628 2790 727 2862 τὴν
756 2791 1055 2862 ἀκήρατον,
1083 2789 1177 2844 καὶ
1193 2789 1392 2853 παντὸς
1411 2786 1668 2844 ἐπέκεινα
1694 2803 1850 2858 γενη·

265 2879 362 2934 τοῦ
385 2879 478 2934 τοῦ
496 2878 629 2933 Θεοῦ
662 2880 859 2949 φύσιν;
888 2881 1012 2933 ’Ότι
1042 2880 1151 2953 γάρ
1181 2879 1241 2945 ἐξ
1265 2879 1440 2951 αὐτῆς
1487 2876 1847 2950 ἐκπορεύεται

265 2974 367 3042 τῆς
393 2968 490 3023 τοῦ
539 2969 677 3022 Θεοῦ
719 2969 815 3023 καὶ
857 2970 1074 3040 Πατρὸς
1100 2971 1322 3036 οὐσίας,
1358 2971 1461 3026 οὐκ
1504 2968 1846 3041 ἀσυμφανὲς,

269 3060 624 3132 προκείσεται
656 3058 712 3111 δὲ
755 3063 870 3123 τοῖς
902 3077 965 3127 γε
991 3060 1209 3130 ἀληθῶς
1246 3063 1567 3135 ἀρτίφροσιν
1610 3061 1849 3128 εὐκόλως

273 3151 424 3209 ἰδεῖν,
455 3147 519 3199 ἔκ
546 3163 608 3216 γε
634 3147 727 3201 τοῦ
753 3147 1006 3218 λελέχθαι
1035 3148 1244 3217 σαφῶς·
1285 3168 1302 3202 ι
1362 3150 1425 3205 Ὀ
1467 3153 1688 3225 δγείρας
1718 3156 1853 3227 Χρι.

274 3239 400 3293 στὸν
449 3237 656 3310 Ἰησοῦν
689 3240 753 3293 ἐκ
802 3239 1035 3310 νεκρῶν,
1062 3237 1395 3312 ζωοποιήσει
1442 3241 1536 3295 καὶ
1579 3246 1647 3298 τά
1675 3245 1846 3319 θνητὰ

272 3329 501 3402 σώματα
527 3329 681 3402 ὑμῶν
706 3330 795 3385 διὰ
824 3329 920 3385 τοῦ
949 3328 1290 3397 ἐνοικοῦντος
1315 3330 1484 3389 αὐτοῦ
1529 3334 1846 3406 Πνεύματος

267 3423 326 3475 ἐν
354 3422 502 3494 ὑμῖν.
534 3440 552 3473 ι
587 3422 748 3476 Ἴδιον
761 3421 870 3493 γάρ
889 3420 983 3477 τοῦ
1004 3420 1143 3477 Θεοῦ
1163 3421 1224 3476 τὸ
1243 3426 1363 3489 ταῖς
1392 3424 1690 3498 ἡμετέραις
1709 3444 1848 3499 καρ-

265 3514 408 3578 δίαις
427 3513 814 3587 ἐνηυλισμένον
841 3510 1102 3580 ζωοποιόν
1125 3515 1242 3569 ἐστι
1263 3514 1509 3588 Πνεῦμα.
1534 3516 1608 3571 Τὸ
1630 3517 1687 3571 δὲ
1716 3518 1847 3574 ἴδιον

265 3605 360 3659 τοῦ
386 3603 545 3674 Θεοῦ,
567 3604 663 3659 καὶ
692 3605 751 3673 ἐξ
780 3605 948 3661 αὐτοῦ
968 3607 1110 3661 κατὰ
1136 3606 1317 3677 φύσιν,
1336 3610 1385 3661 εί
1406 3609 1552 3682 ζωῆς
1577 3608 1844 3681 τητᾶσθαι

266 3695 532 3769 δώσομεν,
563 3699 721 3771 εἴπερ
750 3699 997 3770 ὲπακτὴν
1025 3697 1139 3771 ἔχει
1161 3698 1260 3770 τὴν
1295 3699 1463 3773 ζωὴν,
1496 3700 1614 3767 πῶς
1641 3704 1742 3758 οὐκ
1776 3703 1845 3759 ἃν

267 3792 439 3845 νοοῖτο
459 3790 686 3861 δυνάμει
718 3792 945 3862 νεκρόν;
985 3792 1050 3846 Ὅ
1082 3790 1192 3864 γὰρ
1218 3790 1286 3845 ἂν
1317 3793 1585 3864 ἐνδέχοιτο
1626 3794 1843 3861 παθεῖν,

267 3881 397 3954 εἴπῃ
426 3899 511 3947 τις
537 3880 623 3948 ἂν,
656 3882 751 3937 καὶ
779 3885 828 3940 εί
855 3884 1023 3956 μήπω
1055 3883 1277 3954 γέγονεν
1299 3885 1358 3938 ὲν
1399 3885 1479 3957 τῷ
1504 3885 1700 3943 παθεῖν
1719 3927 1735 3954 ,
1767 3887 1845 3952 ὥς

269 3975 438 4040 ἅπαν,
467 3970 625 4045 οἶμαί
657 3992 781 4042 που,
807 3975 869 4029 τὸ
900 3977 1280 4049 είσκεκρίσθαι
1311 3978 1521 4046 δοκοῦν,
1557 3979 1592 4051 ἡ
1613 3979 1705 4034 καὶ
1727 3981 1845 4034 είσ·

267 4065 493 4138 ποίητον
522 4067 758 4139 ἀληθῶς,
788 4068 889 4123 οὐκ
909 4067 1221 4124 ἀνύποπτον
1254 4071 1334 4135 είς
1364 4071 1690 4141 ἀπόστασιν,
1728 4072 1844 4128 ἀλλ’

267 4159 327 4212 ὲν
365 4158 517 4231 eosq»
547 4159 644 4214 τοῦ
674 4159 971 4217 διαπεσεῖν.
1000 4160 1218 4227 Φύσεως
1243 4162 1353 4235 γάρ
1388 4163 1488 4218 οὐκ
1527 4163 1844 4237 ἐρηρεισται

268 4249 478 4319 νόμοις,
509 4248 634 4304 οὐτε
664 4249 770 4323 μὴν
797 4251 1190 4306 άκατάσειστον
1221 4252 1333 4324 ἔχει
1363 4253 1462 4326 τὴν
1488 4254 1651 4326 ἕδραν
1683 4256 1746 4311 τὸ
1767 4255 1845 4322 ὡς

269 4341 328 4395 ὲν
360 4340 510 4407 τάξει
539 4343 970 4414 συμὸεὸηκότος,
997 4345 1093 4400 καὶ
1121 4345 1198 4410 ὡς
1217 4345 1285 4400 ἂν
1314 4347 1444 4401 εῖδει
1469 4346 1580 4420 [to.
1611 4350 1672 4404 ὲν
1691 4343 1843 4423 εῖδει]

271 4433 450 4505 βαφῆς
474 4437 588 4499 τοῖς
621 4433 770 4500 ἅπαξ
793 4435 1005 4491 ἐλοῦσιν
1033 4437 1455 4509 ἐπερριμμένον.

339 4614 400 4666 Β.
434 4614 673 4685 Ἀραρεν
694 4606 806 4676 οῦν,
836 4612 920 4665 ὅτι
945 4610 1009 4664 τὸ
1037 4608 1265 4683 Πνεῦμα
1293 4609 1407 4684 ζωὴ
1426 4650 1441 4677 ,
1477 4612 1722 4682 φυσικῶς
1748 4612 1845 4686 δη·

268 4705 444 4759 λονότι
475 4704 569 4758 καὶ
598 4704 659 4758 οὐ
697 4702 998 4776 μεθεκτῶς.

339 4796 404 4849 A.
434 4797 755 4852 Παντάπασι
791 4795 890 4868 μὲν
940 4789 1056 4864 οῦν,
1092 4788 1137 4849 ὦ
1170 4796 1385 4868 ἑταῖρε,
1429 4795 1590 4852 τοῦτο
1625 4798 1684 4852 δὲ
1720 4796 1846 4872 εἴσῃ

268 4886 450 4952 καλῶς
471 4888 564 4941 καὶ
597 4887 657 4954 ἐξ
679 4887 881 4960 ἑτέρων
901 4887 1142 4943 ἐννοιῶν.
1167 4886 1303 4941 Θεοῦ
1338 4888 1436 4960 μὲν
1464 4888 1571 4961 γὰρ
1596 4887 1846 4959 λέγοντος

266 4982 448 5035 ἕπαῒοι
477 4997 563 5044 τις
593 4979 682 5044 ἂν,
713 4980 808 5034 καὶ
835 4979 1116 5052 μονονουχὶ
1143 4977 1481 5046 λειποταξίου
1502 4981 1721 5054 γραφὴν
1747 4999 1845 5036 κα-

266 5069 555 5142 ταχέοντος
580 5070 690 5125 τῶν
714 5073 781 5141 τῇ
824 5069 1000 5126 κτίσει
1049 5071 1508 5144 λελατρευκότων·
1546 5091 1567 5124 ι
1619 5073 1842 5146 Ἐξέστη

267 5165 298 5218 ὁ
324 5162 556 5234 οὐρανὸς
576 5162 671 5216 ἐπὶ
697 5161 894 5233 τούτῳ,
928 5164 1020 5218 καὶ
1039 5161 1259 5235 ἔφριξεν
1286 5164 1381 5218 ἐπὶ
1402 5163 1585 5219 πλεῖον
1613 5165 1841 5238 σφόδρα,

267 5254 418 5323 λέγει
469 5252 696 5326 Κύριος,
732 5253 814 5306 ὅτι
841 5251 934 5307 δύο
972 5254 1079 5326 γάρ
1110 5254 1325 5328 πονηρά
1355 5255 1612 5326 ἐποίησεν
1641 5257 1672 5310 ὁ
1715 5255 1843 5321 λαός

272 5361 396 5417 pou·
422 5344 522 5416 ἐμὲ
540 5344 899 5413 ἐγκατέλιπον
919 5346 1102 5417 πηγὴν
1122 5345 1315 5411 ὕδατος
1342 5346 1563 5412 ζῶντος,
1589 5347 1683 5403 καὶ
1700 5347 1844 5420 ὠρυ-

271 5437 369 5503 ξαν
417 5438 628 5501 ἑαυτοῖς
675 5436 912 5501 λάκκους
945 5439 1473 5509 συντετριμμένους,
1503 5438 1555 5493 ot
1581 5439 1646 5494 οὐ
1680 5438 1843 5511 δυνή-

271 5544 458 5582 σονται
504 5526 649 5598 ῦδωρ
688 5529 954 5599 συνέχειν.
1001 5546 1020 5581 ι
1068 5529 1579 5601 Προσπεφωνηκότα
1629 5530 1688 5585 δὲ
1730 5533 1845 5597 τοῖς

285 5619 561 5683 Ἰουδαίοις
592 5621 896 5691 εὑρήσομεν
928 5620 1021 5674 τὸν
1069 5619 1271 5688 Κύριον
1301 5619 1461 5692 ὴμῶν
1512 5621 1720 5694 Ἰησοῦν
1756 5623 1845 5677 τὸν

342 5793 390 5827 ⁸⁸
433 5796 590 5852 Rom.
642 5812 758 5864 νιιι,
807 5796 891 5852 ll.
968 5797 1011 5830 ⁸²
1050 5796 1247 5855 Jercm.
1289 5813 1348 5865 ιι,
1386 5797 1467 5863 ¹2,
1506 5799 1587 5856 ¹5.

1945 1973 2140 2029 strum,
2172 1965 2267 2021 sed
2290 1965 2574 2035 ipsammet
2595 1964 2783 2030 vitam,
2817 1970 2873 2019 et
2888 1964 3015 2018 vitae
3035 1968 3333 2020 secundum
3366 1976 3524 2022 natu-

1945 2071 2061 2110 ram
2079 2054 2411 2126 largitorem.
2441 2051 2535 2110 Sic
2560 2054 2705 2109 enim
2736 2052 2931 2109 alicubi
2961 2068 3150 2108 rursus
3180 2054 3369 2110 beatus
3383 2053 3527 2109 Pau·

1947 2148 2035 2206 lus
2062 2148 2201 2203 dixit
2232 2162 2246 2199 t
2276 2166 2295 2200 ι
2326 2146 2478 2213 Quod
2512 2146 2557 2202 si
2583 2145 2751 2217 656
2778 2144 3014 2216 Spiritus
3038 2145 3155 2210 ejus
3181 2148 3270 2214 qui
3296 2146 3528 2199 suscita-

1948 2237 2026 2293 vit.
2070 2234 2303 2293 Jesuma
2328 2236 2579 2301 mortuis,
2609 2234 2817 2290 habitat
2853 2234 2908 2289 in
2953 2234 3131 2299 vobis,
3162 2234 3251 2304 qui
3290 2235 3527 2290 suscita-

1945 2330 2027 2384 vit
2047 2326 2233 2385 Jesum
2263 2328 2540 2384 Christum
2564 2342 2593 2381 a
2629 2325 2879 2392 mortuis,
2914 2325 3213 2380 vivificabit
3237 2334 3291 2379 et
3321 2331 3528 2381 m‘orta·

1948 2421 2016 2476 lia
2038 2434 2264 2489 corpora
2285 2427 2489 2484 vestra,
2521 2432 2620 2489 per
2652 2417 3052 2473 inhabitantem
3095 2415 3357 2488 Spiritum
3410 2416 3528 2485 eius

1948 2511 2003 2568 in
2046 2510 2282 2567 vobis⁸⁸.
2317 2529 2340 2565 ι
2374 2508 2514 2566 Vitae
2547 2509 2716 2581 igitur
2746 2508 2891 2564 illius
2919 2507 3221 2564 secundum
3271 2514 3524 2563 naturam

1949 2601 2184 2673 Spiritus
2208 2600 2347 2657 alius
2367 2599 2568 2671 abipsa
2611 2613 2721 2655 non
2775 2596 2962 2665 luerit,
2998 2596 3151 2669 juxta
3207 2607 3411 2654 rectam
3472 2605 3529 2653 ct

1948 2696 2215 2752 sinceram
2238 2693 2564 2752 doctrinam.
2599 2692 2882 2761 Quomodo
2914 2690 3059 2746 enim
3084 2692 3192 2747 rita
3259 2706 3367 2746 nou
3421 2688 3530 2746 erit

1949 2787 2016 2853 is,
2041 2786 2133 2856 qui
2161 2786 2398 2843 radicem
2421 2785 2584 2841 habet
2608 2784 2801 2848 vitam,
2820 2793 2876 2837 et
2907 2781 3111 2839 sontem
3145 2782 3309 2837 veluti
3333 2797 3526 2854 quem·

1949 2878 2073 2933 dam
2100 2876 2245 2933 illam
2270 2876 2631 2933 immortalem
2685 2883 2742 2931 et
2783 2873 2932 2930 omni
2987 2881 3239 2929 creatura
3281 2873 3526 2942 superio·

1948 2983 2065 3024 rem
2108 2968 2224 3024 Dei'
2262 2967 2565 3025 naturam?
2618 2966 2696 3023 Ex
2733 2966 2848 3037 ipsa
2917 2965 3063 3023 enim
3118 2966 3211 3022 Dei
3260 2980 3324 3021 ac
3351 2965 3529 3020 Patris

1949 3060 2257 3118 substantia
2293 3059 2589 3134 procedere
2642 3060 2864 3115 dubium
2898 3074 3005 3113 non
3044 3066 3149 3123 est,
3182 3065 3236 3115 et
3300 3056 3531 3129 quicun-

1952 3168 2059 3226 que
2094 3163 2244 3210 recta
2276 3162 2456 3208 mente
2484 3161 2610 3209 sunt
2634 3150 2865 3220 praediti,
2903 3149 3060 3205 facile
3091 3150 3143 3205 id
3195 3149 3531 3220 perspicient

1949 3262 2016 3304 ex
2048 3261 2114 3304 co
2139 3246 2283 3317 quod
2302 3245 2452 3301 clare
2474 3244 2678 3300 dictum
2697 3251 2779 3299 est
2806 3258 2822 3296 ι
2851 3263 2871 3297 ι
2897 3243 2998 3311 Qui
3024 3242 3312 3300 suscitavit
3343 3241 3527 3297 lesum

1948 3337 2221 3395 Christum
2248 3350 2281 3390 a
2314 3335 2564 3400 mortuis,
2603 3334 2902 3391 vivificabit
2932 3331 3249 3390 etmortalia
3300 3346 3527 3402 corpora

1947 3437 2148 3494 vestra,
2180 3440 2278 3497 per
2310 3426 2701 3484 inhabitantem
2728 3425 2991 3496 Spiritum
3012 3425 3128 3494 ejus
3178 3425 3232 3481 in
3292 3424 3466 3480 vobis.
3501 3439 3524 3476 ι

1952 3518 2189 3590 Spiritus
2216 3519 2363 3576 enim
2394 3518 2483 3575 ille
2502 3518 2596 3577 Dei
2621 3519 2715 3591 qui
2744 3518 2955 3575 habitat
3009 3517 3063 3573 in
3117 3514 3374 3573 cordibus
3425 3528 3525 3569 no-

1948 3611 2075 3668 stris
2097 3610 2341 3668 vivilicus
2363 3619 2445 3668 est
2481 3610 2735 3682 Spiritus.
2759 3608 2995 3681 Spiritus
3021 3618 3202 3665 autem
3250 3607 3344 3662 Dei
3402 3619 3530 3676 pro·

1946 3703 2117 3775 prius,
2143 3710 2199 3758 et
2222 3703 2313 3774 qui
2349 3717 2414 3760 ex
2440 3704 2561 3775 ipso
2581 3701 2874 3760 secundum
2903 3709 3154 3758 naturam
3188 3699 3454 3769 procedit,
3478 3697 3524 3751 si

1948 3795 2058 3850 vita
2098 3793 2246 3850 illum
2287 3808 2478 3850 ‹mr-ere
2523 3793 2905 3861 concedemus,
2959 3791 3229 3862 siquidem
3282 3787 3522 3843 ascititia

1946 3888 2059 3943 vita
2086 3887 2158 3943 sit
2178 3886 2460 3957 proeditus,
2499 3900 2608 3955 quo
2634 3893 2794 3956 pacto
2825 3899 2931 3942 non
2972 3880 3286 3940 censebitur
3327 3879 3528 3935 virtute

1946 3977 2232 4033 mortuus?
2257 3976 2412 4044 Quod
2462 3974 2606 4031 enim
2668 3975 2778 4045 pati
2825 3978 3027 4046 potest,
3074 3970 3282 4041 inquiet
3307 3967 3525 4038 aliquis,

1945 4068 2159 4127 etiamsi
2183 4069 2421 4124 nondum
2448 4066 2692 4139 patiendi
2725 4075 2937 4137 tempus
2962 4062 3224 4134 attigerit,
3255 4070 3314 4117 ut
3339 4071 3395 4116 et
3408 4075 3528 4116 om·-

1947 4176 2016 4218 ne
2045 4161 2099 4217 id
2121 4159 2262 4231 quod
2292 4158 2591 4215 ascititium
2631 4165 2875 4230 putatur,
2922 4163 3015 4212 aut
3051 4167 3243 4210 revera
3281 4160 3364 4207 est
3389 4151 3530 4205 asci-

1947 4259 2085 4317 tum,
2106 4265 2213 4308 non
2243 4251 2489 4307 creditur
2521 4262 2715 4320 expers
2740 4247 3017 4314 interitus,
3041 4244 3137 4302 sed
3182 4242 3240 4298 in
3294 4239 3525 4296 cadendi

1947 4348 2091 4397 metu
2125 4349 2230 4398 est.
2265 4338 2483 4396 Naturae
2515 4341 2662 4395 enim
2714 4337 2929 4408 legibus
2994 4335 3211 4391 firmum
3254 4347 3364 4387 non
3415 4338 3524 4395 est,

1946 4447 2123 4505 neque
2144 4432 2394 4488 stabilem
2422 4433 2602 4488 sedern
2638 4431 2800 4486 babet
2827 4428 2971 4500 quod
3023 4427 3143 4482 vice
3206 4421 3525 4486 accidentis,

1872 4554 1920 4610 D
1946 4532 2003 4579 et
2033 4524 2208 4578 instar
2226 4521 2427 4578 coloris
2450 4521 2611 4577 rebus
2626 4521 2796 4576 semel
2823 4520 3104 4576 inductum
3131 4523 3233 4574 est.

2023 4614 2085 4671 B.
2116 4613 2237 4669 Stat
2257 4614 2443 4691 igitur,
2471 4613 2736 4685 Spiritum
2770 4626 2897 4668 esse
2945 4612 3136 4676 vitam,
3198 4604 3526 4664 naturaliter

1952 4705 2233 4772 nimirum,
2261 4722 2366 4762 non
2397 4716 2574 4761 autem
2616 4717 2715 4775 per
2743 4701 3241 4775 participationem.

2023 4800 2089 4854 A.
2114 4798 2190 4853 lta
2223 4813 2465 4870 prorsus,
2497 4797 2690 4853 amice.
2710 4795 2825 4852 iloc
2848 4803 3028 4850 autem
3053 4801 3108 4849 et
3132 4805 3200 4847 ex
3215 4789 3338 4845 aliis
3361 4787 3529 4844 ratio-

1951 4891 2110 4947 nibus
2137 4889 2305 4962 probe
2331 4889 2618 4962 intelliges.
2642 4888 2809 4946 Deum
2833 4886 2980 4944 enim
3002 4885 3192 4941 audies
3210 4883 3524 4954 loquentem

1951 4992 2007 5040 et
2044 4983 2197 5054 quasi
2219 4981 2451 5038 deserte
2481 4980 2687 5036 militiae
2732 4985 3078 5035 accusantem
3116 4989 3214 5032 eos
3252 4973 3343 5044 qui
3372 4984 3525 5026 crea-

1949 5086 2129 5132 turam
2158 5075 2438 5133 coluerant
2465 5088 2481 5129 :
2520 5089 2541 5126 ι
2568 5069 2861 5141 Obstupuit
2880 5069 3074 5126 coelum
3100 5080 3265 5138 super
3294 5064 3417 5125 boc,
3468 5068 3527 5116 et

1950 5166 2222 5223 inhorruit
2241 5161 2699 5237 plurimum,dicit
2745 5161 3033 5217 Dominus.
3059 5156 3177 5213 Duo
3204 5153 3348 5210 enim
3382 5151 3526 5206 mala

1948 5257 2079 5314 fecit
2104 5257 2332 5330 populus
2360 5271 2511 5312 meus
2544 5271 2559 5310 ι
2590 5266 2678 5309 me
2710 5246 3335 5322 dereliqueruntsontem
3371 5257 3527 5314 aquae

1951 5349 2110 5417 τίνω,
2133 5357 2191 5404 et
2219 5347 2469 5405 foderunt
2503 5346 2605 5403 sibi
2630 5345 2897 5401 cisternas
2922 5337 3210 5404 contritas,
3248 5349 3374 5406 qua
3415 5349 3523 5389 non

1948 5448 2203 5511 poterunt
2263 5453 2460 5509 aquam
2493 5440 2773 5497 continere
2791 5434 2860 5492 ⁸⁸.
2897 5451 2920 5488 ι
2952 5428 3298 5517 Inveniemus
3346 5435 3526 5482 antem

1951 5532 2240 5590 Dominum
2295 5540 2538 5588 nostrum
2591 5530 2778 5589 lesum
2813 5527 3090 5585 Christum
3145 5518 3361 5577 Judaeos
3391 5517 3526 5573 allo·

1951 5634 2203 5695 quentem
2228 5641 2242 5681 ι
2275 5644 2301 5679 a
2327 5624 2385 5682 Si
2405 5625 2528 5697 quis
2553 5625 2687 5691 sitit,
2714 5621 2896 5679 veniat
2917 5623 2983 5678 ad
3011 5633 3116 5684 mc,
3147 5625 3202 5673 et
3229 5614 3399 5671 bibat.
3424 5607 3527 5678 Qui
