3809 6125
260 357 368 413 '145

1250 349 1309 405 S.
1353 349 1625 406 cvntLLt
1667 349 2140 406 AlAExANDRtM
2177 351 2497 407 Aucutm‘.

3423 346 3542 405 754

265 474 475 535 sistere,
500 484 619 535 nec,
645 469 848 538 absque
872 467 1123 536 passione
1143 476 1195 521 et
1219 466 1362 522 [luxu
1385 468 1477 538 qui
1505 469 1556 522 in
1581 467 1916 538 gignendo&
1950 472 2113 536 νοεῖν,
2138 470 2232 524 καὶ
2259 472 2322 523 οὐ
2350 470 2473 540 δίχα
2499 470 2724 535 πάθους,
2755 470 2848 524 καὶ
2874 467 3152 541 ἀπορροῆς
3169 506 3184 531 ,
3218 466 3322 535 τῆς
3348 467 3413 520 ἐκ
3436 466 3542 521 τοῦ

266 563 381 618 fleri
409 562 625 624 dicitur,
646 541 1049 629 genitum'esse,
1081 558 1207 614 licet
1243 560 1388 614 omni
1412 559 1620 613 ratione
1661 560 1846 630 adiga-

269 668 390 708 mur
442 661 501 705 ut
546 651 835 705 credamus
887 663 1108 703 causam
1160 647 1388 719 alicuius
1435 648 1585 717 prius
1633 659 1848 703 exstare

266 752 510 810 causato,
541 753 597 797 et
623 741 980 811 quodeunque
1010 740 1269 811 gignitur,
1293 741 1551 809 genitoris
1584 739 1847 808 quodam·

266 836 426 891 modo
457 844 705 891 naturam
737 833 968 888 laedere:
995 832 1173 903 prodit
1229 832 1372 886 enim
1427 839 1684 900 tanquam
1711 846 1841 901 pars

268 927 431 982 iliius.
454 903 752 994 {injiciatur
776 925 960 995 itaque
987 925 1076 979 iiia
1107 934 1298 978 natura
1330 934 1386 980 et
1434 924 1663 978 veritate
1688 938 1848 994 gene·

268 1020 429 1084 ratio,
460 1032 579 1087 quae
601 1027 807 1071 naturae
835 1016 903 1071 ab
919 1016 1064 1071 omni
1102 1016 1350 1084 passione
1387 1014 1598 1078 abente,
1626 1027 1682 1070 et
1712 1016 1848 1070 labis

269 1110 494 1164 immuni
548 1109 931 1165 necessitatem
999 1106 1158 1179 plane
1202 1108 1462 1178 importat
1514 1107 1715 1163 noxum
1754 1122 1851 1178 pa-

270 1202 456 1255 tiendi.

331 1314 398 1366 A.
434 1312 508 1365 At
538 1308 800 1380 numquid
844 1307 988 1364 istud
1033 1308 1192 1376 piane
1246 1319 1331 1365 est
1377 1311 1520 1377 quod
1560 1309 1704 1365 dixi?
1728 1307 1854 1365 Suis

265 1403 792 1468 enimsermombus,
827 1399 1191 1472 quodeunque
1215 1402 1469 1473 placitum
1522 1412 1629 1464 est.
1681 1401 1846 1456 veluti

266 1492 746 1554 sncuminducunt.
766 1500 823 1546 et
844 1491 896 1546 in
920 1491 1168 1548 diversas
1225 1504 1321 1546 eos
1364 1497 1574 1545 mutant
1627 1490 1851 1557 fortnas,

265 1596 428 1654 atque
455 1585 558 1638 buc
583 1582 714 1638 iiiuc
739 1583 899 1639 facile
928 1585 1200 1651 seruntur,
1236 1597 1337 1637 nec
1377 1582 1445 1637 ab
1499 1582 1855 1639 arundinibus

268 1678 492 1730 inuitum
525 1673 809 1743 differunt,
836 1690 958 1730 cum
990 1674 1235 1745 alioquin
1261 1676 1630 1729 constantiam
1663 1689 1772 1743 prae
1795 1690 1855 1730 se

268 1770 407 1824 serre
431 1769 713 1832 deberent,
745 1783 846 1823 nec
873 1764 1113 1823 infantes
1138 1767 1304 1823 stulte
1329 1766 1553 1821 imitari.
1578 1766 1653 1822 titi
1684 1768 1850 1833 euim,

1950 565 2129 615 τεκεῖν
2171 560 2469 631 λεγομένου
2513 559 2855 630 γεγέννηται,
2897 558 3078 614 καίτοι
3134 555 3338 619 παντὸς
3384 557 3544 627 ἡμᾶς

1950 652 2335 715 ἀναπείθοντος
2364 649 2726 721 λογισμοῦ,τό
2754 666 2899 714 τινος
2923 650 3118 713 αἴτιον,
3153 647 3544 719 προϋπάρχειν

1951 742 2201 814 ἡγεῖσθαι
2228 742 2322 797 τοῦ
2365 740 2635 805 αἰτιατοῦ,
2676 740 2771 794 καὶ
2794 738 2872 803 ὥς
2912 740 3058 792 ἆπαν
3089 738 3153 792 τὸ
3194 738 3544 811 γεννώμενον

1951 838 2306 892 κατασίνεταί
2354 854 2470 899 πως
2516 834 2616 906 τὴν
2661 832 2755 889 τοῦ
2799 832 3052 896 τεκόντος
3089 830 3286 901 φύσιν·
3319 833 3545 905 πρόεισι

1953 926 2061 999 γὰρ
2103 926 2179 989 ὡς
2238 926 2424 998 μέρος.
2459 923 2750 995 Παρείσθω
2790 922 2855 992 δὴ
2899 916 2992 975 οῦν
3031 925 3065 993 ὴ
3116 920 3279 991 φύσει
3328 939 3389 976 τε
3445 924 3544 978 καὶ

1952 1014 2185 1087 ἀληθείᾳ
2230 1015 2507 1084 γέννησις,
2543 1012 2723 1082 πάντη
2750 1029 2809 1067 τε
2836 1012 2930 1064 καὶ
2966 1012 3186 1075 πάντως
3224 1012 3290 1066 τὸ
3338 1012 3546 1084 χρῆναι

1954 1107 2145 1161 παθεῖν
2175 1106 2274 1178 τὴν
2320 1104 2601 1179 ἀπορροὴν
2645 1102 3035 1175 είσκομίζουσα
3071 1103 3170 1175 τὴν
3212 1102 3308 1157 τοῦ
3344 1102 3548 1159 παθεῖν

1953 1198 2237 1269 ἀνωτάτην
2271 1198 2365 1251 καὶ
2398 1194 2679 1266 άλῶὄητον
2710 1195 2891 1266 φύσιν.

2024 1311 2088 1363 Α.
2121 1304 2251 1362 Εἶτα
2269 1308 2390 1379 οὐχὶ
2409 1306 2570 1362 τοῦτό
2600 1309 2749 1361 ἐστιν
2800 1304 3051 1378 ἐναργῶς
3076 1305 3211 1377 ὅπερ
3240 1304 3381 1377 ἔφην
3406 1320 3423 1371 ;
3448 1297 3548 1371 Οἷς

1953 1403 2062 1473 γὰρ
2083 1403 2149 1457 ἂν
2181 1404 2420 1456 ποιοῖντο
2447 1391 2630 1471 λόγοις
2650 1433 2666 1465 ,
2714 1400 2775 1455 τὸ
2800 1401 2883 1454 ὃτι
2916 1400 2983 1455 ἂν
3014 1398 3315 1469 βούλωνται
3361 1400 3545 1464 νοεῖν,

1955 1497 2205 1567 καθάπερ
2231 1494 2354 1549 τινὰ
2381 1491 2564 1566 βαφὴν
2601 1491 3159 1565 ἐπιχρωματίζοντες,
3193 1491 3273 1556 είς
3294 1489 3550 1564 ἑτεροίας

1955 1586 2150 1648 αὐτοὺς
2182 1583 2467 1656 μεθιστᾶσι
2499 1583 2734 1654 μορφάς,
2776 1581 2872 1635 καὶ
2908 1582 3046 1652 πρὸς
3083 1582 3193 1635 πᾶν
3218 1578 3409 1634 ὁτιοῦν
3443 1596 3546 1652 με·

1952 1675 2292 1729 τακλίνουσιν
2336 1667 2582 1748 Ιεζιϊιιιετίιίς
2600 1712 2615 1739 ,
2649 1672 2712 1726 το
2764 1668 2918 1744 οἶμαι
2959 1672 3201 1727 δονάκων
3243 1671 3548 1742 διενεγκεῖν

1955 1767 2131 1829 οὐδὲν,
2163 1767 2222 1820 ἐν
2257 1753 2477 1837 σμικρῷ
2532 1763 2727 1836 κομιδῇ
2777 1764 3094 1836 ποιούμενοι
3143 1762 3311 1835 λόγῳ,
3367 1762 3546 1819 καίτοι

266 1876 388 1916 cum
419 1870 598 1915 mente
619 1860 798 1915 adbuc
854 1869 909 1914 et
947 1860 1156 1915 ratione
1203 1868 1446 1926 careant,
1497 1859 1564 1912 ad
1609 1859 1856 1928 quemvis
1887 1833 1930 1895 Β
1958 1859 2097 1929 χρῆν
2125 1860 2299 1930 δήπου
2325 1857 2428 1911 ’καὶ
2453 1856 2826 1929 διαπεπῆχθαι
2859 1856 3057 1926 φιλεῖν,
3090 1858 3186 1912 καὶ
3205 1857 3270 1912 τὸ
3294 1858 3416 1922 τοῖς
3443 1872 3546 1929 νη-

269 1960 473 2007 ιηοιιιιιι
500 1950 903 2005 inconsiderate
928 1948 1211 2005 seruntur:
1248 1948 1302 2004 hi
1343 1960 1531 2004 autem
1558 1948 1666 2003 levi
1696 1949 1852 2016 inge·

268 2041 359 2096 nio
384 2040 615 2109 praediti,
669 2054 1053 2110 quamcunque
1104 2040 1408 2096 doctrinam
1461 2050 1664 2094 temere
1716 2040 1858 2095 arri-

267 2132 440 2201 piunt,
468 2141 524 2186 et
551 2132 900 2201 quantumvis
929 2132 1168 2201 putidam
1204 2140 1260 2188 et
1285 2131 1557 2186 infirmam
1583 2131 1635 2184 in
1680 2132 1856 2201 pretio

269 2221 498 2276 babent:
536 2220 681 2289 quod
701 2235 803 2290 ego
824 2219 1018 2288 abiecti
1047 2234 1170 2276 esse
1223 2233 1366 2286 reor,
1419 2228 1475 2273 et
1502 2232 1612 2289 prae
1662 2219 1854 2274 inertia

265 2312 543 2367 stertentis
570 2310 794 2381 ingenii.
846 2309 1050 2365 Paulus
1109 2321 1288 2366 autem
1336 2309 1492 2365 nobis
1523 2325 1581 2361 ει
1615 2307 1852 2374 Fratres,

266 2406 459 2473 inquit,
483 2403 645 2458 noiite
666 2401 806 2457 effici
834 2404 986 2473 pueri
1010 2403 1286 2469 sensibus,
1316 2401 1414 2458 sed
1475 2402 1681 2456 matitia
1725 2416 1846 2471 par·

267 2493 371 2548 vuli
399 2502 593 2559 estote,
625 2494 879 2550 sensibus
904 2504 1083 2550 autem
1111 2493 1334 2562 perfecti
1368 2501 1552 2549 estote
1585 2492 1652 2548 ”.
1699 2511 1718 2545 ι
1749 2491 1852 2547 Μῖ-

266 2600 370 2640 nus
409 2586 678 2655 siquidem
737 2600 932 2655 sapere
990 2600 1150 2656 qnam
1203 2593 1419 2656 oportet
1474 2586 1546 2651 ⁷⁷,
1594 2597 1649 2640 et
1675 2585 1854 2640 minus

263 2692 428 2746 quam
450 2691 546 2745 par
571 2677 663 2740 sit,
690 2687 747 2729 ut
787 2674 902 2730 veri
935 2676 1305 2744 cognitionem
1365 2684 1730 2746 assequantur
1758 2674 1852 2744 qui

258 2768 374 2835 jam
403 2767 546 2822 inter
569 2766 714 2821 viros
748 2776 1064 2831 censentur,
1096 2779 1275 2836 neque
1315 2765 1548 2835 amplius
1585 2774 1711 2821 sunt
1755 2765 1852 2819 im·

264 2857 516 2925 puberes,
543 2866 598 2911 et
639 2856 906 2911 imbeciiIa
938 2865 1116 2912 mente
1151 2855 1384 2927 praediti,
1419 2856 1514 2912 sed
1544 2856 1610 2910 ad
1637 2870 1854 2912 mensu·

266 2961 381 3000 ram
406 2947 580 3001 aetatis
605 2946 955 3015 plenitudinis
974 2946 1177 3002 Christi
1208 2956 1575 3018 pervenerunt
1597 2944 1682 3012 ⁷⁸,
1726 2960 1851 3001 san·

264 3049 381 3097 ctos
405 3040 589 3110 utique
613 3054 716 3094 non
754 3038 930 3104 decet,
966 3053 1142 3109 neque
1162 3038 1516 3095 dubitandum
1568 3048 1671 3106 est,
1721 3039 1850 3110 quin

1956 1952 2102 2015 πίοις
2125 1948 2501 2026 ἐξομοιοῦσθαι
2532 1949 2644 2003 δεῖν
2673 1949 2750 2014 ὡς
2789 1951 3006 2021 ἀχρεῖον
3040 1950 3548 2023 &nappin-temni.

1954 2042 2063 2097 τῶν
2086 2044 2169 2096 ὅτι
2197 2041 2433 2115 μάλιστα
2489 2041 3014 2112 κεκιδδηλευμένων.
3064 2042 3287 2099 Ἐκεῖνα
3322 2055 3388 2098 τε
3411 2041 3542 2118 γὰρ,

1955 2135 2047 2188 νοῦ
2075 2133 2166 2189 καὶ
2195 2131 2391 2206 φρενὸς
2421 2134 2519 2205 τῆς
2550 2132 2780 2205 ἀρίστης
2808 2133 2888 2187 ἔτι
2920 2133 3236 2206 τητώμενα,
3268 2134 3410 2208 πρδς
3433 2137 3543 2192 πᾶν

1955 2227 2015 2281 τὸ
2040 2223 2222 2281 κινοῦν
2254 2227 2626 2299 ἀπορινοήτως
2656 2225 2797 2279 ῖεται
2816 2241 2832 2258 ·
2862 2226 2912 2279 οἱ
2944 2226 3001 2281 δέ
3029 2226 3092 2279 τὸ
3128 2221 3272 2296 ἧκον
3294 2229 3379 2294 είς
3399 2226 3542 2306 ,νοῦν

1955 2319 2340 2386 ἀδασανίστωξ
2364 2318 2694 2393 ἁρπάζουσι,
2727 2319 2907 2374 πάντα
2939 2337 3000 2373 τε
3033 2304 3241 2392 σαθρὸν
3265 2323 3366 2377 καὶ
3381 2321 3539 2379 ἔναλ-

1956 2430 2043 2467 κιν
2103 2412 2502 2486 ἐκτετιμήκασι
2567 2403 2726 2483 λόγον
2746 2428 2761 2444 ·
2815 2411 3232 2482 ἀνδραποδῶδες
3278 2412 3342 2468 ἃ
3386 2409 3536 2487 οἶμαι

1956 2505 2129 2569 τουτὶ,
2161 2502 2259 2560 καὶ
2281 2503 2374 2562 νοῦ
2398 2505 2461 2559 τὸ
2497 2504 2715 2577 ρέγχειν
2746 2504 3199 2576 ὴρρωστηκότος.
3234 2501 3471 2578 Ἡβνῧ
3492 2507 3526 2562 ὖ

1956 2594 2199 2657 Παῦλος·
2236 2613 2255 2646 ι
2298 2594 2573 2664 ’Δδελφοὶ,
2603 2594 2776 2665 φησὶ,
2829 2593 2903 2665 μὴ
2946 2593 3140 2647 παιδία,
3175 2592 3379 2664 γίνεσθε
3401 2595 3514 2660 ταῖς

1955 2688 2170 2761 φρεσὶν,
2201 2685 2337 2742 ἀλλά
2363 2688 2431 2757 τῇ
2464 2684 2635 2757 κακίᾳ
2669 2685 2989 2755 νηπιάζετε,
3020 2687 3149 2749 ταῖς
3174 2683 3228 2740 δέ
3245 2683 3396 2758 φρασὶ
3415 2683 3502 2739 d-

1956 2781 2093 2834 λειοι
2112 2763 2351 2849 γίνεσθε.
2394 2798 2413 2831 ι
2445 2778 2518 2831 Τὸ
2537 2778 2645 2849 γάρ
2662 2794 2744 2830 τοι
2770 2779 2988 2847 φρονεῖν
3011 2778 3111 2849 μὲν
3139 2773 3298 2852 ἦττον
3309 2773 3509 2850 *mn

1958 2872 2109 2942 μεῖον
2142 2869 2199 2923 δὲ
2223 2861 2368 2944 ἥπερ
2400 2863 2469 2940 ἦν
2499 2867 2649 2932 εἰκὸς
2675 2867 2778 2938 τῆς
2807 2866 3045 2939 ἀληθοῦς
3075 2865 3366 2938 ἐφικέσθα
3391 2865 3522 2942 τήν

1956 2978 2114 3025 σεως,
2164 2955 2338 3015 καίτοι
2364 2959 2654 3024 τελοῦντας
2684 2962 2764 3025 είς
2794 2960 3017 3031 ἄνδρας,
3047 2962 3155 3016 οὐκ
3183 2959 3430 3037 &influe
3449 2959 3531 3018 ht

1955 3055 2047 3109 καὶ
2086 3052 2525 3126 ὀλιγογνώμονας
2548 3094 2562 3119 ,
2607 3053 2847 3126 ἥκοντας
2887 3052 2944 3108 δὲ
2992 3052 3095 3126 ἥδη
3150 3053 3295 3128 πρὸς
3343 3054 3535 3131 μέτρον

264 3132 461 3201 quibus
495 3130 652 3201 piane
679 3128 944 3184 insederit
971 3129 1227 3195 damnum
1272 3128 1482 3197 afferat,
1538 3130 1681 3199 quod
1714 3128 1848 3186 diffi-
1873 3171 1920 3233 C
1952 3147 2171 3220 ἡλικίας
2217 3147 2311 3201 τοῦ
2355 3147 2720 3220 πληρώματος
2759 3147 2854 3202 τοῦ
2893 3148 3166 3221 Χριστοῦ,
3202 3148 3538 3224 άγιοπριᾱς

265 3224 366 3278 ciie
396 3221 685 3277 admodum
714 3221 1082 3290 abstergatur.

333 3399 390 3453 Β.
431 3399 508 3453 lta
548 3410 982 3469 prorsuszrecte
999 3396 1145 3453 enim
1168 3394 1271 3452 ais.

324 3512 391 3566 A.
421 3510 542 3566 Vin’
566 3519 622 3566 tu
650 3511 834 3580 igitur,
866 3510 970 3577 bis,
1013 3512 1084 3565 ita
1109 3519 1167 3565 ut
1190 3519 1339 3575 sunt,
1362 3509 1546 3565 valere
1558 3509 1750 3580 jussis⁹
1774 3510 1844 3566 ii—

265 3604 438 3660 lorum
461 3603 613 3658 tricis
647 3617 933 3673 pergamus
963 3603 1242 3657 veritatem
1273 3602 1583 3672 opponere?

331 3779 393 3834 B.
430 3777 574 3833 Sane
600 3776 840 3849 quidem.
871 3775 1018 3832 Istud
1052 3777 1197 3832 enim
1222 3785 1373 3832 certe
1428 3775 1599 3832 satius
1633 3791 1848 3849 quoque

263 3870 449 3925 fuerit.

327 3988 393 4042 A.
423 3955 607 4055 itaque
628 3985 753 4037 dum
800 3995 1019 4037 causam
1043 3989 1098 4036 et
1135 3990 1417 4036 causatum
1458 3979 1755 4050 arripiunt,
1782 3994 1847 4036 ae

264 4075 546 4131 nominant
600 4073 868 4127 undenam
936 4070 1123 4125 nescio
1177 4068 1323 4140 (nec
1374 4069 1517 4124 enim
1572 4082 1604 4122 e
1663 4066 1845 4121 divina

261 4166 538 4234 Scriptura
563 4162 808 4233 depromi
831 4161 1054 4232 dicent),
1087 4160 1282 4230 ecquid
1345 4159 1559 4216 demum
1593 4158 1696 4214 sibi
1752 4173 1846 4213 vo—

261 4259 418 4313 lunt?

329 4374 388 4426 B.
421 4371 681 4441 Equidem
706 4378 848 4425 exte
880 4367 1023 4422 audii
1067 4366 1224 4422 ιιιοιΙο
1257 4379 1479 4419 causam
1514 4342 1729 4434 semper
1757 4379 1848 4417 au-

262 4464 549 4534 tiquiorem
572 4476 692 4518 esse
715 4469 958 4527 causato,
986 4467 1270 4527 conceptu,
1296 4467 1350 4512 et
1387 4458 1558 4527 reipsa
1589 4474 1604 4510 :
1649 4466 1706 4510 et
1755 4472 1847 4529 ge-

263 4558 493 4611 nitorem
515 4554 655 4609 baud
688 4555 890 4622 absque
917 4550 1167 4620 passione
1196 4560 1247 4604 ct
1289 4548 1439 4604 fluxu
1483 4551 1704 4621 gignere
1754 4566 1842 4605 us·
1878 4531 1921 4586 Ῑ)

261 4660 444 4715 quam.
465 4644 641 4714 Atque
662 4646 777 4698 baec
800 4643 874 4695 itti
899 4643 1284 4709 detorquentes
1308 4641 1570 4694 minorem
1594 4656 1711 4696 esse
1733 4639 1838 4695 Pa·-

264 4749 344 4791 tre
367 4732 745 4805 Filiumffle
768 4735 1104 4797 asserebant,
1124 4742 1180 4785 et
1227 4732 1522 4785 secundum
1581 4746 1724 4796 esse,
1780 4747 1844 4786 ac

264 4827 660 4898 quodammodo
699 4825 850 4879 tarde
872 4827 1134 4894 genitum,
1164 4821 1411 4878 volebant
1438 4841 1451 4876 x
1482 4823 1724 4893 adeoque
1754 4839 1846 4892 ge-

263 4920 600 4976 nerationem
628 4919 796 4985 ipsam
824 4930 930 4970 non
995 4930 1176 4972 veram
1219 4914 1383 4984 impie
1437 4924 1844 4985 nuncupanteS,

263 5013 662 5069 calumniantur
684 5009 845 5063 etiam
871 5008 1506 5065 consubstantialitatem.

333 5220 395 5271 A.
421 5218 554 5270 iliud
584 5231 714 5286 ergo
738 5211 1135 5268 sciscitantibus
1170 5214 1350 5267 dicant
1384 5230 1398 5266 z
1449 5209 1693 5266 Credunt
1734 5206 1838 5262 Pa·

269 5320 402 5361 trem
440 5309 575 5363 Fiiio
604 5322 725 5364 esse
776 5319 992 5361 causam
1039 5305 1333 5359 exsistendi
1366 5320 1381 5357 t
1422 5319 1547 5358 nunt
1581 5311 1638 5356 ut
1687 5315 1842 5356 crea·

269 5399 823 5467 torcn1.qnipet·inde
870 5413 932 5452 ae
987 5406 1266 5449 creaturas
1317 5396 1463 5450 iiiam
1546 5396 1598 5448 in
1664 5405 1842 5449 ortum

268 5489 501 5546 creando
524 5489 789 5550 eduxerit,
812 5498 902 5541 aut
940 5502 1046 5541 non
1097 5485 1198 5540 boc
1242 5495 1397 5555 pacto
1443 5487 1680 5555 quidem,
1743 5482 1839 5540 sed

269 5583 547 5638 nobiscum
570 5579 879 5633 fatebuntur
904 5592 1032 5633 vcro
1064 5577 1440 5645 generationis
1493 5576 1653 5631 modo
1696 5577 1844 5645 geui-

265 5767 315 5798 ⁷‘
348 5766 370 5822 t
399 5765 523 5820 Cor.
568 5778 677 5827 xiv.
712 5761 803 5818 20.
878 5763 922 5796 '‘¹
952 5760 1110 5817 Roiu.
1137 5772 1238 5824 ιιι,
1269 5757 1324 5813 5.
1402 5756 1449 5790 '⁸
1477 5754 1674 5826 pres.
1700 5767 1777 5820 ιν,
1815 5753 1904 5808 ¹5.

1953 3239 2050 3308 μὲν
2075 3236 2136 3290 οὗ
2167 3238 2220 3291 τί
2263 3255 2368 3292 που
2386 3232 2418 3266 ·”
2447 3237 2881 3310 δυσαπότριπτον
2923 3239 2981 3291 δέ
3022 3240 3107 3293 ὅτι
3164 3238 3450 3312 προσοίσει
3475 3238 3539 3297 τὶ

1950 3325 2145 3397 βλάὸος
2179 3317 2377 3399 οἷσπερ
2408 3326 2477 3382 ἂν
2500 3327 2637 3394 ὅλως
2660 3325 2987 3401 ὲνιζῄσειεν,
3010 3329 3113 3383 οὐκ
3145 3328 3473 3402 ἀμφίὸολον.

2019 3418 2080 3470 Β.
2120 3419 2232 3489 Οὐχ
2256 3418 2459 3490 ἑτέρως
2488 3419 2556 3473 ἂν
2583 3419 2717 3491 ἔχοι,
2745 3420 2927 3492 λέγεις
2955 3420 3071 3495 γάρ
3097 3418 3342 3496 mik-⁶
3391 3424 3402 3431 “
3439 3420 3556 3509 τρῖ

2017 3530 2083 3583 Δ.
2126 3528 2314 3584 Βούλει
2338 3532 2403 3602 δὴ
2432 3528 2523 3585 οῦν
2566 3535 2724 3586 ταυτὶ
2754 3535 2850 3604 μὲν
2898 3537 2957 3590 ὲν
3000 3536 3215 3601 τούτοις
3240 3535 3395 3604 ὅπως
3429 3552 3536 3615 κιρ

1951 3619 2016 3675 ἂν
2048 3617 2157 3676 εἶεν
2182 3615 2285 3676 ὧδε
2314 3624 2414 3694 μὲν
2444 3623 2587 3694 ἔχειν
2616 3626 2814 3696 ἐῶμεν,
2842 3626 3011 3698 ἴωμεν
3034 3628 3090 3682 δὲ
3127 3625 3218 3695 αὖ,
3248 3629 3373 3695 ταῖς
3391 3627 3529 3685 ὲκεί-

1952 3730 2053 3768 νων
2083 3713 2543 3786 άθυρογλωττίαις
2593 3717 3083 3789 ἁντεκκομίσοντες
3115 3722 3217 3792 τὴν
3250 3721 3523 3795 άληθειενς

2021 3804 2084 3860 Β.
2126 3806 2237 3858 Καὶ
2268 3806 2432 3877 μάλα.
2462 3806 2633 3860 Τοῦτο
2664 3807 2773 3879 γάρ
2806 3826 2911 3862 που
2953 3809 3046 3864 καὶ
3070 3810 3320 3883 ἄμεινον.

2019 4002 2084 4055 Δ.
2132 4002 2206 4054 Τὸ
2234 4003 2406 4057 αίτιον
2427 4004 2605 4058 τοίνυν
2638 4008 2732 4061 καὶ
2764 4008 2824 4062 τὸ
2847 4010 3115 4077 αἱτιατὸν,
3144 4013 3249 4068 οῦκ
3277 4009 3377 4070 οἶδ’
3397 4014 3512 4071 ὅθεν
3571 3962 3584 3969 -

1947 4091 2082 4162 ἡμῖν
2112 4092 2325 4156 ἑλόντες
2370 4111 2427 4146 τε
2457 4095 2553 4148 καὶ
2583 4097 2961 4168 ὀνομάζοντες·
3006 4104 3067 4156 ού
3102 4105 3213 4177 γάρ
3240 4123 3347 4161 που
3377 4104 3518 4182 ’³¹0⁶

1950 4200 2011 4327 {a
2041 4184 2140 4291 τῆς
2166 4184 2315 4249 θείας
2340 4185 2525 4258 ἐροῦσι
2549 4189 2774 4262 Γραφῆς
2796 4209 2809 4222 ·
2843 4194 2897 4247 τί
2924 4194 2988 4266 δὴ
3025 4196 3135 4268 ἄρα
3188 4198 3283 4252 καὶ
3310 4200 3516 4272 φρονιδ

1981 4292 2255 4343 γνωκασις

1948 4574 2010 4626 τὸ
2039 4573 2230 4636 αἴτιον,
2265 4575 2360 4628 τοῦ
2395 4578 2675 4633 αἰτιατοῦ·
2721 4583 2817 4636 καὶ
2859 4584 2942 4638 ὅτι
2979 4585 3041 4638 τὸ
3085 4587 3294 4657 γεννῶν
3333 4586 3508 4644 obit&

1949 4665 2071 4736 δίχα
2117 4666 2321 4732 πάθους
2372 4669 2464 4723 καὶ
2506 4672 2786 4745 ἀπορροῆς
2826 4675 3165 4751 διαγεννησοι
3211 4681 3365 4736 ποτέ.
3411 4676 3504 4736 Kd

1950 4757 2109 4810 ταυτὶ
2135 4759 2565 4830 παραφέροντες,
2603 4766 2661 4817 ἐν
2693 4766 2944 4822 ἐλάττοσι
2980 4771 3080 4840 μὲν
3110 4770 3144 4841 ἢ
3170 4773 3232 4825 ἐν
3251 4769 3336 4838 οἷς
3357 4775 3389 4828 ὀ
3406 4770 3500 4829 11⁸·

1950 4848 2054 4918 τὴρ
2085 4850 2450 4920 ἀπεφαίνοντο
2483 4855 2575 4907 τὸν
2599 4856 2747 4924 Υίὸν,
2780 4858 2964 4929 ἠξίουν
2988 4860 3047 4913 δὲ
3075 4857 3220 4917 εἶναι
3249 4865 3495 4938 δεύτερον.

1951 4941 2042 4991 καὶ
2072 4941 2231 4994 οἱονεί
2262 4958 2379 5006 πως
2407 4944 2656 5018 ὀψιγενῆ,
2684 4951 2778 5002 καὶ
2809 4953 2948 5022 τάχα
2983 4971 3087 5007 που
3114 4957 3210 5010 καὶ1
3235 4954 3500 5030 mutave&

1952 5030 2124 5102 ἀληθῆ
2162 5032 2261 5104 τὴν
2297 5034 2548 5107 γέννησιν
2601 5041 2831 5106 ἀνοσίοις
2861 5044 3308 5116 ἐπιφημίζοντες,
3341 5041 3498 5104 καὶὸ
3601 5074 3604 5087 ·

1950 5123 2015 5174 ὲκ
2046 5123 2145 5193 τῆς
2180 5125 2371 5189 οὐσίας
2406 5132 2799 5198 συκοφαντοῦσι
2828 5136 3075 5206 γνήσιον.

1993 5216 2083 5268 .Α.
2137 5218 2537 5289 Ἀγορευόντων
2570 5222 2633 5294 δὴ
2659 5219 2751 5277 οὗν
2784 5226 3066 5296 ἐρομένοις
3093 5230 3304 5285 ἐκεῖνο·
3349 5230 3496 5287 aim

1946 5303 2037 5356 τοῦ
2067 5302 2202 5359 εἶναι
2232 5311 2626 5365 πεπιστεύκασι
2657 5313 2734 5383 τῷ
2764 5315 2878 5385 ruf»
2910 5317 3002 5370 τὸν
3029 5319 3287 5390 Πατέρα·
3317 5321 3491 5390 πάτερ*

1945 5394 2043 5465 τὴν
2083 5395 2179 5448 τοῦ
2229 5399 2455 5469 ποιητοῦ
2485 5402 2637 5466 τάξιν
2679 5406 2944 5477 ἐπέχοντα
2989 5410 3253 5482 καὶπρὸς
3286 5413 3348 5467 τὸ
3378 5407 3490 5466 εἷ*

1948 5482 2341 5555 διακομίσαντα
2374 5489 2783 5563 δημιουργικῶς
2828 5496 2886 5548 ἐν
2921 5497 3023 5570 ἴσῳ
3049 5502 3163 5565 τοῖς
3205 5503 3487 5574 κτίσμασιν.

1950 5575 2115 5644 ἤγουν
2153 5570 2253 5632 ὧδε
2284 5581 2382 5651 μὲν
2412 5583 2554 5653 οὐχὶ,
2592 5585 2874 5655 συνεροῦσι
2915 5589 2973 5643 δὲ
3017 5591 3102 5646 ὅτι
3132 5593 3281 5651 κατά
3318 5609 3379 5664 τι
3416 5586 3487 5644 ’θ’
