3809 6125
262 338 366 396 stt

1278 330 1337 389 S.
1377 328 1651 387 cimba
1693 325 2162 382 ALExANmttNt
2200 321 2519 379 attentem.

261 457 564 514 ‹Clariorem
603 453 747 511 enim
779 452 949 509 'habet
985 450 1445 523 praedicationem,
1486 459 1540 507 et
1566 450 1634 506 ad
1661 450 1844 521 cogni·
1871 457 1918 514 Α
1947 448 2045 521 τὴν
2076 443 2320 519 πρώτην.
2347 441 2738 514 Φανερωτέραν
2780 439 2890 511 γὰρ
2920 434 3036 508 ἔχει
3060 432 3161 505 τὴν
3191 427 3533 503 ἀνάρρησιν,

273 547 474 603 tionem
507 560 566 601 se
612 544 858 601 extendit
914 542 1017 614 legi
1052 543 1341 598 insuetam.
1402 540 1668 610 Quocirca
1729 541 1846 611 ipse
1946 540 2039 594 mi
2064 541 2143 603 είς
2171 537 2375 607 γνῶσιν
2400 533 2684 605 εὐρύνεται
2714 532 2813 603 τὴν
2835 526 3081 599 ἀσυνήθη
3111 524 3189 595 τῷ
3214 522 3534 595 νόμῳ.Τοι-

272 641 436 702 etiam
462 652 743 696 sacrorum
767 636 994 691 antistes
1034 633 1247 707 Moyses
1277 633 1624 706 precabatur,
1684 633 1846 702 idque
1946 631 2139 703 γάρτοι
2192 631 2289 683 καὶ
2348 624 2511 688 αὐτὸς
2550 626 2683 695 ἡμῖν
2724 625 2754 676 ό
2793 620 3121 694 ἱεροφάντης
3164 614 3375 686 Μωσῆς
3427 614 3539 668 ἐλι-

274 734 608 803 srequenter,
635 738 696 784 ut
722 739 926 786 certam
964 735 1020 784 et
1041 727 1248 783 umbrae
1278 734 1556 795 expertem
1607 724 1725 792 eius
1754 722 1847 795 qui

273 836 358 882 est
387 825 434 858 ⁸·
487 822 852 893 cognitionem
908 820 1198 890 acciperet,
1229 818 1474 886 adeoque
1527 815 1700 886 ipsum
1733 827 1852 868 om·

276 918 424 971 nium
481 915 826 970 servatorem
884 911 1055 966 Deum
1099 907 1488 979 compellabat:
1547 924 1568 959 ι
1611 903 1853 961 Ostende

273 1006 411 1062 mihi
463 1006 720 1076 teipsum,
762 1011 950 1072 aperte
995 1001 1207 1056 videam
1264 1009 1321 1057 te
1348 997 1417 1051 ⁸⁸.
1463 1015 1483 1050 ι
1546 994 1852 1065 Quinetiam

275 1096 438 1169 iussit
494 1106 708 1165 petram
751 1091 1057 1164 perfodere,
1093 1099 1149 1145 et
1175 1103 1271 1161 per
1311 1086 1756 1160 angustissimum
1781 1083 1857 1141 l'o·

280 1202 494 1255 ramen,
537 1188 584 1243 si
643 1184 825 1249 vellet,
880 1180 1270 1253 contemplari:
1327 1194 1435 1249 quo
1472 1176 1632 1235 nobis
1687 1176 1854 1242 Deus,

281 1278 497 1348 opinor,
551 1272 890 1343 aenigmatice
946 1268 1295 1335 subindicat,
1329 1265 1504 1336 legem
1567 1262 1856 1332 discipulis

281 1371 397 1425 suis
422 1367 673 1437 exiguam
723 1362 820 1418 Dei
853 1358 1220 1432 cognitionem
1259 1356 1550 1421 irradiare,
1578 1368 1643 1411 ae
1690 1352 1858 1407 veluti

283 1472 381 1529 per
413 1456 659 1513 foramen
702 1451 880 1507 lucem
927 1450 1091 1505 istam
1121 1446 1511 1519 propemodum
1539 1443 1857 1508 immittere.

288 1548 466 1607 Unum
517 1543 716 1601 etenim
761 1540 930 1614 476
979 1538 1315 1596 solummodo
1371 1538 1538 1593 Deum
1569 1548 1692 1592 esse
1713 1534 1859 1591 credi

285 1640 524 1703 volebat,
544 1644 792 1690 errantes
829 1635 897 1688 ab
924 1630 1263 1703 imaginariis
1317 1630 1422 1686 diis
1450 1642 1725 1685 avocans:
1755 1640 1862 1697 quo

1950 723 2117 794 πάρει
2151 721 2271 792 μὲν,
2298 719 2394 773 καὶ
2428 717 2573 790 μάλα
2603 713 2812 785 συχνῶς
2836 753 2852 779 ,
2878 711 3082 784 όικριὸἦ
3108 725 3169 763 τε
3198 708 3295 763 καὶ
3320 707 3540 763 ἀκατά-

1953 830 2105 869 σκιον
2133 812 2232 884 τὴν
2260 812 2389 882 περὶ
2429 808 2525 862 τοῦ
2559 809 2755 870 Ὄντος
2781 806 2983 875 γνῶσιν
3009 804 3172 869 ἑλεῖν,
3219 799 3317 856 καὶ
3344 799 3412 871 δὴ
3443 800 3543 854 καὶ

1952 901 2158 971 ἔφασκε
2190 899 2327 973 πρὸς
2354 898 2447 952 τὸν
2469 896 2583 952 ιτῶν
2612 896 2750 951 ὅλων
2788 894 3016 966 Σωτῆρα
3044 891 3209 947 Θεὸν·
3234 909 3255 944 ι
3274 890 3547 963 Ἐμφάνι-

1956 992 2050 1045 σόν
2080 1008 2171 1063 μοι
2194 989 2440 1056 σεαυτὸν,
2466 986 2727 1060 γνωστῶς
2753 987 2851 1041 ῖδω
2879 1002 2962 1040 σε.
2987 1003 3007 1038 ι
3040 982 3455 1057 Προσετάττετό
3476 998 3544 1052 γε

1960 1084 2067 1156 μὴν
2092 1081 2338 1154 ὀρύττειν
2372 1082 2430 1137 ὲν
2460 1079 2658 1152 πέτρᾳ,
2684 1080 2778 1134 καλ
2805 1078 2895 1133 διὰ
2922 1076 3250 1149 στενοτάτης
3285 1076 3457 1147 ὀπῆς,
3495 1075 3546 1129 εί

1957 1174 2225 1247 βούλοιτο,
2253 1172 2568 1245 καταθρεῖν,
2598 1170 3017 1242 αἰνιγματωδῶς
3066 1171 3198 1240 ἡμῖν
3229 1165 3548 1239 ὑποσημαί-

1955 1284 2157 1333 νοντος,
2189 1262 2346 1340 οἶμαί
2378 1283 2506 1333 που,
2539 1267 2646 1320 κὰν
2695 1264 2870 1336 τούτῳ
2902 1260 3060 1330 Θεοῦ,
3090 1264 3173 1318 ὅτι
3212 1261 3481 1335 βραχεῖαν
3516 1260 3547 1314 ὀ

1959 1363 2121 1434 νόμος
2155 1361 2257 1433 τὴν
2295 1359 2426 1433 περὶ
2456 1359 2593 1413 Θεοῦ
2634 1357 2837 1427 γνῶσιν
2867 1354 3234 1427 ὲναστράπτει
3263 1354 3383 1417 τοῖς
3420 1368 3549 1407 παι·

1955 1453 2300 1526 δευομένοις,
2332 1453 2429 1508 καὶ
2495 1452 2780 1524 μονονουχὶ
2821 1449 2890 1503 δι’
2938 1449 3080 1519 ὀπῆς
3119 1444 3213 1501 τὸν
3259 1446 3358 1503 ἐπὶ
3407 1445 3550 1517 rifi&

1964 1543 2116 1615 μόλις
2156 1542 2333 1613 ἐνίησι
2380 1539 2680 1610 φωτισμόν.
2731 1539 2857 1592 Ὅτι
2917 1536 3029 1608 γὰρ
3080 1536 3241 1607 μόνον
3294 1529 3382 1598 εἷς
3430 1534 3552 1589 ἐστι

1958 1635 2119 1700 Θεὸς
2156 1633 2434 1689 πιστεύειν
2490 1632 2648 1705 ἠθελε
2696 1630 2807 1685 τῶν
2867 1629 2927 1684 ὲν
2974 1627 3242 1699 ὑπολήψει
3293 1626 3554 1699 θεότητος

287 1740 448 1806 pacto
482 1737 661 1784 autem
689 1741 750 1782 se
771 1724 970 1782 habeat
1010 1725 1065 1779 in
1093 1739 1153 1781 se
1180 1723 1360 1780 divina
1390 1721 1749 1779 etinefl'abilis
1773 1735 1864 1776 na·
1963 1726 2203 1799 ἀφιστὰς
2244 1721 2375 1789 τοὶς
2417 1722 2901 1794 πεπλανημένους·
2948 1719 3011 1773 τὸ
3058 1718 3116 1775 δὲ
3141 1718 3293 1782 ὅπως
3330 1718 3392 1771 εν
3437 1720 3555 1781 τοῖς

289 1830 434 1887 tura,
464 1834 572 1875 non
599 1818 745 1873 clare
776 1815 1188 1882 demonstravit,
1221 1814 1678 1884 quemadmodum
1717 1812 1860 1867 salu·
1892 1795 1938 1853 Β
1968 1819 2090 1875 καθ’
2117 1817 2317 1889 ἑαυτὴν
2355 1818 2391 1888 η
2431 1815 2554 1873 Θεία
2596 1830 2656 1868 τε
2696 1813 2792 1867 καὶ
2826 1813 3067 1885 ᾰρῤητος
3109 1809 3223 1882 εχει
3251 1809 3419 1881 φύσις
3438 1792 3552 1876 ,ὀο

293 1913 430 1969 taris
469 1909 558 1967 illa
591 1907 907 1981 praedicatio
957 1920 1055 1977 per
1108 1904 1404 1960 Christum.
1455 1902 1688 1974 Cognito
1718 1905 1865 1959 enim

293 2003 457 2070 Filio,
513 2000 786 2057 credimus
835 2006 1022 2052 natum
1057 2009 1181 2052 esse
1204 2004 1261 2051 et
1300 1995 1631 2065 processisse
1656 1994 1870 2050 aPatre

289 2102 550 2163 tanquam
592 2088 811 2154 'radice,
843 2094 898 2142 et
936 2085 1228 2157 geniminis
1261 2086 1433 2157 gloria
1469 2085 1747 2142 Genitoris
1775 2099 1871 2140 na-

291 2192 471 2243 turam
505 2181 651 2237 velut
710 2180 765 2235 in
819 2178 1000 2235 tabula
1045 2178 1366 2249 depingens,
1406 2175 1648 2237 efficitut
1677 2179 1873 2233 mentis

289 2276 484 2335 oculus
512 2288 603 2331 res
634 2272 912 2328 intellectu
941 2271 1253 2326 etoratione
1276 2270 1586 2338 superiores
1615 2283 1873 2340 assequa-

293 2374 404 2422 tur.
437 2360 781 2432 Proindeque
845 2360 911 2414 ad
947 2358 1164 2414 Patrem
1216 2372 1280 2413 ac
1309 2356 1478 2413 Deum
1517 2358 1686 2428 quiin
1718 2358 1872 2413 coelis

292 2463 401 2521 est,
454 2451 668 2507 aiebat:
720 2468 742 2505 ι
802 2448 1143 2505 manifestavi
1196 2462 1392 2504 nomen
1445 2457 1594 2503 tuum
1641 2447 1876 2505 homini-

296 2546 400 2603 bus
418 2545 500 2613 ⁸⁸3
543 2562 563 2596 ι
599 2551 655 2599 et
697 2542 765 2598 ad
804 2541 1018 2597 Judaeos
1061 2561 1075 2596 ι
1116 2557 1136 2592 ι
1173 2538 1358 2609 Neque
1408 2554 1494 2595 me
1540 2540 1725 2607 scitis,
1777 2556 1876 2597 ne-

294 2651 405 2711 que
435 2636 655 2692 Patrem
683 2646 863 2689 meum
900 2649 919 2688 ι
948 2633 996 2688 si
1036 2646 1125 2688 me
1153 2631 1390 2697 sciretis,
1418 2631 1642 2686 forsitan
1677 2640 1730 2687 et
1768 2632 1874 2688 Pa-

295 2740 436 2787 trem
486 2741 666 2783 meum
705 2726 921 2781 sciretis
951 2722 1021 2778 ⁸⁸.
1069 2742 1090 2777 ι
1122 2722 1292 2781 Nosse
1343 2735 1524 2782 autem
1576 2726 1721 2797 quod
1775 2725 1875 2780 ali-

295 2819 428 2889 quid
474 2818 578 2882 sit,
621 2830 731 2872 non
786 2824 969 2870 tamen
1024 2815 1296 2885 quomodo
1341 2832 1402 2874 se
1452 2819 1670 2887 habeat,
1718 2818 1879 2892 longe

295 2912 480 2966 minus
517 2922 639 2965 esse
684 2908 864 2978 quivis
912 2908 1114 2964 dixerit
1153 2923 1315 2977 quam
1367 2924 1527 2966 nosse
1569 2919 1624 2966 et
1665 2926 1778 2967 rem
1815 2912 1880 2967 il-

297 2995 407 3051 iam
438 3008 581 3058 esse,
610 3001 666 3048 et
706 2995 780 3048 ita
811 3008 871 3049 se
905 2993 1129 3051 babere.
1162 2996 1482 3068 Evangelica
1521 2998 1704 3070 ltaque
1742 3016 1879 3072 prae-

299 3088 457 3144 eonia
520 3084 850 3141 institutioni
917 3085 1075 3154 legali
1128 3085 1286 3157 longe
1337 3089 1700 3158 antecellunt,
1757 3108 1879 3163 quae

298 3191 465 3232 unum
496 3177 713 3246 quidem
750 3189 874 3231 esse
904 3175 1072 3232 Deum
1131 3177 1396 3234 duntaxat
1439 3178 1714 3238 veteribus
1741 3198 1879 3253 prm-

299 3266 536 3333 dicabat,
568 3266 784 3320 deitatis
809 3280 940 3321 vero
969 3275 1220 3322 naturam
1244 3273 1310 3324 ad
1333 3269 1654 3328 Trinitatem
1679 3288 1876 3331 secun-

298 3355 428 3413 dum
453 3354 784 3426 hypostasim
820 3370 1164 3426 nequaquam
1191 3360 1543 3428 extendebat,
1588 3377 1654 3418 ac
1685 3380 1876 3422 rursus

299 3446 358 3503 ln
386 3446 684 3503 naturalem
718 3447 983 3504 unitatem
1013 3450 1321 3522 colligebat.
1379 3451 1508 3510 liaec
1563 3456 1707 3510 enim
1737 3471 1878 3513 nova

304 3537 585 3609 Scriptura
621 3553 720 3593 nos
748 3541 985 3595 edocuit.
1021 3540 1192 3611 Igitur
1239 3544 1447 3600 unitate
1500 3554 1555 3602 et
1592 3546 1878 3605 identitate

300 3629 534 3685 naturali
582 3630 638 3684 in
688 3629 798 3686 Deo
822 3646 887 3686 ae
938 3631 1098 3688 Patre
1173 3643 1228 3690 et
1285 3635 1423 3691 Filio
1482 3653 1590 3694 non
1639 3641 1874 3696 admissa

300 3721 503 3794 (rebus
534 3723 677 3777 enim
725 3722 884 3778 initio
932 3725 1223 3795 propositis
1283 3727 1594 3800 insistam),
1625 3732 1874 3789 con-fusio

300 3814 405 3869 erit
438 3825 502 3868 ac
525 3814 882 3883 perturbatio,
908 3823 962 3870 et
990 3815 1042 3869 in
1075 3831 1356 3874 sacrarum
1387 3818 1719 3879 Litterarum
1767 3824 1874 3882 lide

300 3899 589 3971 nihilium,
615 3910 677 3956 ut
693 3902 905 3971 opinor,
940 3903 1075 3958 certi
1100 3918 1163 3959 ac
1195 3906 1408 3962 stabilis
1442 3909 1568 3964 erit.

1968 1908 2256 1983 παρέδειξε
2281 1906 2503 1976 σαφῶς,
2551 1904 2801 1972 καθάπερ
2828 1901 3020 1972 ἀμέλει
3047 1900 3111 1955 τὸ
3144 1900 3414 1971 σωτήριον
3459 1900 3559 1971 κη·

1968 2016 2179 2073 ρυγμα,
2209 1997 2356 2074 φημὶ
2384 1996 2449 2067 δὴ
2473 1996 2537 2050 τὸ
2562 1994 2652 2050 διὰ
2681 1992 2942 2066 Χριστοῦ.
2986 1991 3208 2063 Ἐπειδὴ
3242 1989 3358 2063 γὰρ
3379 1990 3554 2061 ἐγνώ-

1970 2111 2148 2167 καμεν
2166 2092 2258 2147 τὸν
2280 2091 2434 2159 Υίδν,
2453 2088 2781 2159 πιστεύομεν
2806 2088 2888 2141 δτι
2926 2085 3139 2156 πέφυκέ
3164 2101 3225 2139 τε
3251 2085 3347 2139 καὶ
3374 2082 3546 2155 ἀνέφυ

1972 2186 2228 2258 καθάπερ
2251 2185 2318 2239 ὲκ
2344 2183 2503 2255 ῥίζης
2532 2180 2629 2236 τοῦ
2658 2179 2893 2252 Πατρῦς,
2913 2180 3010 2233 καὶ
3026 2179 3061 2250 ἡ
3081 2177 3181 2231 τοῦ
3207 2176 3551 2248 γεννήματος

1970 2279 2119 2345 δόξα,
2154 2275 2255 2350 τὴν
2278 2274 2373 2329 τοῦ
2420 2274 2744 2345 γεννήτορος
2790 2270 2950 2341 φύσιν
2978 2269 3233 2341 καθάπερ
3260 2268 3321 2322 ἐν
3359 2266 3555 2323 πίνακι

1973 2366 2425 2438 καταγράφουσα,
2450 2363 2560 2419 τῶν
2593 2364 2735 2436 ὑπὲρ
2759 2362 2884 2416 νοῦν
2911 2362 3006 2417 καὶ
3025 2361 3183 2429 λόγον
3214 2359 3557 2431 ἐφικνεῖσθαι

1975 2455 2354 2529 παρεσκεύασε
2390 2457 2497 2531 ,τῆς
2534 2455 2773 2519 διανοίας
2801 2453 2891 2508 τ’δν
2924 2452 3227 2524 ὀφθαλμόν.
3265 2452 3552 2525 Τοιγάρτοι

1976 2552 2070 2605 καὶ
2110 2549 2314 2619 έφασκε
2351 2549 2489 2620 πρὸς
2534 2548 2625 2602 τὸν
2674 2549 2732 2602 ὲν
2763 2549 2876 2611 τοῖς
2910 2547 3162 2616 οὐρανοῖς
3204 2543 3426 2615 Πατέρα
3451 2544 3543 2597 καὶ

1975 2640 2109 2695 Θεόν
2129 2658 2144 2673 ·
2186 2658 2208 2693 r
2226 2639 2579 2711 Ἐφανέρωσά
2612 2658 2705 2695 σου
2730 2640 2793 2694 τὸ
2822 2640 2992 2711 ὄνομα
3018 2641 3136 2703 τοῖς
3158 2636 3477 2711 ἀνθρώποις·
3507 2653 3527 2687 ι

1977 2732 2115 2806 πρὸς
2140 2732 2199 2786 δέ
2224 2743 2291 2801 γε
2319 2732 2446 2796 τοὺς
2485 2731 2803 2796 Ἰουδαίους·
2832 2748 2854 2785 ι
2888 2730 3027 2787 Οὔτε
3066 2729 3388 2802 ipim,
3409 2724 3534 2781 οὔτε

1976 2823 2069 2878 τὸν
2094 2823 2314 2896 Πατέρα
2360 2840 2461 2894 μου
2480 2839 2495 2853 ·
2527 2825 2576 2877 εί
2608 2824 2708 2894 ἐμὲ
2731 2823 2931 2895 ᾔδειτε,
2962 2824 3059 2878 καὶ
3090 2822 3186 2877 τὸν
3204 2807 3421 2892 Πατέρα
3442 2836 3544 2891 μου

1980 2912 2047 2968 ἂν
2072 2913 2273 2986 ᾔδειπ.
2296 2931 2316 2965 ι
2343 2913 2416 2966 Τὸ
2438 2912 2494 2967 δὲ
2522 2912 2724 2968 εἰδέναι
2758 2914 2858 2984 μέν
2884 2931 2936 2967 τι
2969 2914 3079 2968 τῶν
3106 2913 3282 2968 ὄντων
3313 2912 3397 2968 ὅτι
3416 2909 3555 2975 ἔστι,

1983 3004 2059 3078 μὴ
2091 3004 2197 3078 μὴν
2225 3004 2309 3060 ὄτι
2336 3006 2430 3059 καὶ
2460 3006 2608 3070 ὅπως
2641 3005 2775 3078 ἔχει,
2818 3008 2989 3079 μεῖον,
3030 3000 3209 3077 οἶμαι,
3242 3003 3397 3078 παρὰ
3425 3002 3561 3058 πολὺ

1984 3099 2094 3163 πᾶς
2121 3095 2371 3154 ὁστισοῦν
2402 3095 2542 3154 εἶναι
2569 3100 2792 3173 φήσειεν
2822 3100 2908 3164 ἂν,
2929 3097 3026 3152 τοῦ
3042 3099 3245 3154 εἰδέναι
3275 3098 3410 3164 δεῖν,
3429 3096 3566 3170 μετὰ

1983 3187 2081 3244 τοῦ
2111 3188 2194 3243 ὅτι
2217 3188 2364 3256 ἔστι,
2393 3190 2489 3245 καὶ
2520 3191 2668 3256 ὅπως
2694 3192 2862 3245 ἐστιν.
2887 3193 3106 3261 Οἴχεται
3125 3191 3191 3264 δὴ
3217 3186 3317 3247 οὖν
3340 3190 3567 3245 κατόπιν

1978 3279 2112 3350 ἡμῖν
2136 3278 2248 3333 τῶν
2267 3280 2640 3351 εύαγγελικῶν
2665 3281 3039 3352 κηρυγμάτων
3064 3283 3097 3353 ἡ
3125 3281 3216 3336 διὰ
3246 3281 3419 3354 νόμου
3444 3279 3572 3334 παί-

1978 3370 2181 3436 δευσις,
2210 3366 2292 3435 εἷς
2320 3372 2418 3443 μὲν
2443 3373 2528 3427 ὅτι
2552 3372 2617 3446 δὴ
2649 3373 2811 3443 μόνον
2842 3375 2960 3428 ἐστὶ
3000 3372 3134 3436 Θεὸς
3188 3375 3307 3438 τοῖς
3345 3374 3572 3444 &nato-

1978 3462 2163 3533 τέροις
2204 3462 2639 3534 διακηρύττουσα
2664 3507 2679 3531 ,
2706 3463 3075 3538 όινευρύνουσα
3101 3465 3162 3520 δὲ
3187 3465 3571 3539 οὗδαμὶςοὴν

1978 3551 2080 3624 τῆς
2111 3553 2364 3625 θεότητος
2394 3555 2554 3625 φύσιν
2581 3558 2660 3621 είς
2694 3558 2754 3610 τὸ
2800 3558 3060 3629 τριπλοῦν
3089 3557 3216 3612 καθ’
3241 3557 3568 3621 ὑπόστασιν,

1980 3643 2076 3697 καὶ
2104 3638 2170 3697 αὗ
2207 3645 2539 3713 συλλέγουσα
2570 3647 2707 3718 πρὸς
2736 3648 2963 3719 ἑνότητα
2985 3650 3244 3720 φυσικήν.
3264 3649 3433 3703 Ταυτὶ
3459 3649 3566 3720 γὰρ

1980 3735 2130 3806 ἡμᾶς
2159 3736 2219 3790 τὸ
2247 3737 2366 3792 νέον
2402 3738 2608 3804 ἐδίδαξε
2653 3739 2917 3813 Γράμμα.
2951 3739 3236 3806 Ἐνώσεως
3264 3740 3442 3795 τοίνυν
3469 3743 3567 3793 καὶ

1978 3827 2311 3899 ταυτότητος
2355 3832 2592 3902 φυσικῆς
2621 3832 2721 3886 οὐκ
2753 3832 3170 3902 είσδεδεγμένης
3193 3875 3209 3898 ,
3243 3833 3339 3886 ὲπί
3365 3849 3432 3887 τι
3469 3831 3565 3886 τοῦ

1981 3918 2117 3974 Θεοῦ
2140 3921 2236 3976 καὶ
2266 3924 2498 3997 Πατρὸς,
2517 3926 2727 3981 καὶτοῦ
2750 3927 2881 3981 Υίοῦ
2899 3943 2915 3959 ·
2951 3924 3067 3997 εἶμι
3091 3928 3201 4001 γὰρ
3223 3928 3292 4001 δὴ
3322 3927 3564 3983 κατευθὺ

298 3991 408 4046 τῶν
454 3994 512 4047 ὲν
559 3995 754 4066 ἀρχαῖς
797 3995 1196 4067 προκειμένων·
1245 3997 1505 4068 σύγχυσις
1559 4000 1710 4056 ἔσται
1771 4005 1865 4061 καὶ
1902 4007 2225 4085 διαστροερὴ,
2258 4014 2354 4070 καὶ
2405 4016 2513 4071 τῶν
2572 4018 2735 4090 ἱερῶν
2764 4019 3114 4092 Γραμμάτων
3149 4021 3184 4092 ἡ
3232 4021 3424 4087 πίστις
3466 4021 3560 4077 οὐ·

298 4086 534 4159 δαμόθεν
558 4088 670 4156 ἔτι,
707 4089 958 4160 καθάπερ
1000 4085 1233 4163 ἐγῷμαι,
1264 4093 1326 4145 τὸ
1372 4093 1591 4163 βέόαιον
1627 4094 1740 4162 ἕξει
1779 4103 1876 4156 καὶ
1910 4105 2323 4180 ὲρηρεισμένον.

376 4177 439 4234 Β.
473 4179 591 4247 Quo
619 4189 777 4249 pacto
807 4181 1025 4236 demum
1051 4182 1074 4236 ἲ

372 4270 440 4324 Δ.
467 4269 601 4324 Nam
634 4284 756 4325 cum
787 4286 952 4325 unum
986 4287 1108 4328 esse
1160 4282 1352 4328 natura
1407 4283 1465 4330 et
1516 4292 1646 4334 vere
1700 4279 1870 4338 Deum

2048 4197 2112 4252 B.
2155 4199 2278 4264 Πῶς
2306 4201 2339 4272 ἢ
2369 4201 2487 4256 τίνα
2516 4204 2750 4276 τρόπους

2046 4290 2113 4344 Δ.
2157 4291 2293 4347 Ἕνα
2329 4293 2438 4366 γὰρ
2465 4290 2605 4351 εἶναι
2639 4299 2771 4353 Θεὸν
2802 4298 2894 4353 τὸν
2928 4298 3087 4370 φύσει
3128 4317 3187 4354 τε
3215 4301 3314 4356 καὶ
3342 4303 3561 4378 ἁληθῦς

301 4364 482 4420 divina
533 4362 818 4434 Scriptura
872 4365 1028 4419 nobis
1080 4365 1362 4432 inclamet,
1418 4366 1615 4425 Filium
1669 4373 1737 4428 ab
1775 4375 1876 4431 ista
1908 4360 1953 4415 D
1980 4380 2079 4451 τῆς
2110 4380 2258 4448 θείας
2283 4386 2417 4454 ἡμῖν
2443 4386 2762 4459 ἀναδοώσης
2805 4390 3029 4462 Γραφῆς
3054 4433 3070 4457 ,
3100 4393 3199 4464 τῆς
3242 4394 3343 4449 ἐπὶ
3386 4397 3560 4468 τούτῳ

302 4457 472 4527 gloria
499 4464 552 4511 et
577 4454 1164 4520 lionoreexcludemus,
1198 4457 1300 4511 nisi
1354 4460 1673 4517 substantiae
1728 4464 1878 4520 iden-

305 4549 515 4604 titatem
553 4557 606 4603 et
657 4547 1260 4604 incommutabilitatem
1319 4566 1426 4605 una
1486 4569 1607 4608 cum
1667 4554 1778 4610 Deo
1814 4572 1878 4612 ac

299 4630 466 4698 Patre
538 4639 930 4709 quodammodo
1010 4639 1283 4695 admittat.
1400 4643 1594 4699 Annon
1679 4647 1876 4703 audisti

303 4742 518 4789 sanctos
547 4735 611 4788 de
649 4733 757 4788 Deo
793 4733 1076 4799 clamasse,
1118 4734 1389 4788 interdum
1439 4737 1662 4805 quidem
1705 4756 1873 4795 unum

301 4838 424 4878 esse
467 4822 826 4893 legislatorem
877 4840 941 4880 ac
1003 4824 1237 4894 judicem
1259 4825 1333 4890 ⁸⁸,
1373 4826 1668 4896 aliquando
1743 4846 1874 4887 vero

198 4909 203 4914 ’
301 4912 475 4967 solum
525 4913 728 4969 habere
776 4915 1347 4971 immortalitatem⁸⁸2
1391 4915 1629 4987 Ecquem
1711 4921 1874 4994 igitur

299 4997 597 5069 putandum
646 5009 870 5057 estesse
903 5003 1077 5059 solum
1123 5004 1487 5076 legislatorem
1521 5019 1586 5062 ac
1611 5008 1868 5079 judicem,

298 5101 358 5146 et
379 5089 555 5146 solum
586 5090 788 5146 babere
812 5093 1272 5154 immortalitatem
1296 5099 1321 5153 ἲ

373 5179 432 5238 Β.
458 5181 674 5239 Patrem
720 5184 936 5254 utique;
993 5202 1116 5244 nam
1154 5195 1319 5250 alium
1366 5195 1436 5251 ab
1474 5195 1592 5264 ipso
1628 5195 1869 5252 dicturos

300 5285 395 5326 eos
421 5288 526 5328 non
559 5275 815 5333 arbitror.

370 5363 436 5414 Δ.
499 5363 746 5425 uicturos
796 5368 1043 5439 equidem
1093 5373 1246 5429 scio:
1307 5393 1432 5434 nam
1478 5394 1547 5435 eo
1604 5380 1774 5436 tendit
1800 5379 1868 5434 il·

299 5447 474 5506 iorum
527 5461 823 5515 temeritas.
877 5460 1198 5520 Putabimus
1251 5467 1571 5537 igitnr‘non
1626 5487 1751 5530 esse
1798 5471 1873 5526 le·

373 5631 417 5665 ⁸⁹
445 5630 616 5692 Exod.
651 5650 734 5705 tn,
771 5638 859 5694 u.
933 5641 980 5674 ⁸⁰
1019 5641 1188 5701 Exod.
1227 5659 1420 5714 xxxttt,
1449 5649 1540 5713 ¹3.
1611 5653 1655 5686 ⁸¹
1685 5653 1846 5712 Joan.
1887 5668 2023 5723 xvtt,
2056 5655 2111 5710 0.

303 5715 375 5769 vt,
410 5701 497 5759 to.

1977 4474 2143 4545 τιμῆς
2175 4491 2233 4528 τε
2280 4478 2374 4529 καὶ
2402 4477 2557 4548 δόξης
2593 4478 2684 4535 τὸν
2713 4480 2839 4534 Υίὸν
2882 4483 3264 4555 ὲκπέμψομεν,
3309 4487 3361 4539 εί
3398 4487 3559 4559 μὴτὸ

1978 4564 2076 4633 τῆς
2119 4567 2305 4632 οὐσίας
2346 4570 2541 4623 ταυτὸν
2590 4572 2687 4626 καὶ
2740 4574 3179 4644 ἀπαραλλάκτως
3221 4576 3349 4648 ἔχον
3368 4617 3385 4643 ,
3437 4596 3558 4633 συνΔ

1980 4657 2274 4727 εισφρήσαι
2303 4661 2504 4732 τρόπον
2532 4663 2654 4716 τινὰ
2681 4664 2758 4734 τῷ
2787 4665 2906 4737 Θεῷ
2934 4668 3029 4721 καὶ
3054 4667 3255 4738 Πατρί.
3291 4670 3364 4723 Ἥ
3390 4670 3454 4724 οὔ
3478 4671 3557 4724 δι·

1980 4747 2182 4800 ἐπύθου
2203 4749 2311 4804 τῶν
2330 4752 2500 4820 ἁγίων
2519 4756 2650 4825 ἡμῖν
2671 4755 3127 4828 ἀνακεκραγότων
3145 4760 3278 4830 περὶ
3293 4759 3459 4829 Θεοῦ,
3481 4763 3555 4832 πῆ

1983 4837 2106 4908 μὲν,
2134 4841 2216 4893 ὅτι
2235 4835 2329 4904 Εἷς
2362 4844 2511 4897 ἐστιν
2538 4846 2567 4898 ό
2593 4847 2887 4918 νομοθέτης
2909 4850 3003 4903 καὶΙ
3031 4851 3247 4923 κριτὴς,
3268 4854 3349 4926 πῆ
3381 4855 3442 4910 δδ
3465 4850 3554 4918 αὖ.

1993 4930 2051 4984 'O
2083 4933 2243 5004 μόνος
2276 4934 2413 5005 έχων
2436 4935 2762 5005 ἀθανασίανς
2799 4938 2932 4992 Τίνα
2966 4940 3030 5012 δὴ
3056 4936 3151 4995 οὖν
3177 4942 3554 5019 emmaum*

1980 5020 2140 5090 μόνον
2169 5018 2306 5076 εἶναι
2337 5023 2630 5096 νομοθέτην
2658 5027 2752 5080 καὶ
2779 5027 2991 5099 κριτὴν,
3021 5028 3115 5082 καὶ
3161 5031 3327 5101 μόνον
3359 5033 3553 5107 ἔχοντα

1976 5111 2075 5183 τὴν
2100 5113 2437 5181 ἀθανασίανς

2050 5203 2111 5260 Β.
2153 5205 2258 5259 Τὸν
2301 5206 2519 5278 Πατέρα
2550 5223 2653 5261 που
2685 5207 2931 5273 πάντως·
2960 5207 3114 5282 οἶμαι
3159 5211 3270 5284 γὰρ
3319 5215 3522 5280 αὐτοὺς

1916 5285 1925 5296 '
1980 5292 2078 5363 οὐχ
2114 5294 2297 5365 ἕτερόν
2330 5313 2452 5352 τινα
2492 5299 2644 5369 παρὰ
2675 5299 2858 5355 τοῦτον
2886 5303 3072 5374 ὲρεῖν;

2050 5385 2115 5438 Δ.
2168 5385 2380 5458 Ἐροῦσι
2406 5387 2515 5459 γὰρ
2539 5385 2633 5444 οῦν
2674 5391 2769 5445 καὶ
2807 5392 2969 5457 αὐτὸς
3002 5387 3101 5448 οἵδ’
3138 5395 3258 5450 ὅτι·
3293 5399 3424 5470 ἥκει
3450 5400 3558 5470 γὰρ

1977 5471 2042 5544 δὴ
2069 5474 2205 5542 πρὸς
2246 5475 2405 5529 τοῦτο
2453 5479 2633 5542 αὐτοῖς
2663 5479 2982 5546 δυσδουλίας
3026 5483 3057 5537 ὀ
3086 5485 3313 5550 σκοπός.
3359 5485 3558 5561 Oinei-

2186 5657 2231 5689 ·¹
2285 5655 2439 5714 loan.
2476 5674 2597 5724 vin,
2630 5661 2716 5718 ¹9.
2791 5662 2975 5722 ‘’Jac.
3002 5679 3078 5731 tv,
3106 5663 3198 5724 Β.
3270 5667 3323 5705 ⁸⁸
3354 5669 3382 5727 1
3409 5666 3550 5728 Tim.
