3809 6125
285 321 449 403 taor

1409 348 1597 416 Qttot)
1639 343 1824 406 UNUS
1860 349 1968 407 stt·
2004 348 2374 410 cttntSTtJS.

2483 263 2513 286 A

3392 354 3530 409 12⁸2

277 462 338 516 τὸ
380 463 463 517 ὅτι
495 463 729 534 μάλιστα
779 463 986 538 πρέπον
1019 479 1081 519 τε
1128 467 1220 520 καὶ
1255 467 1428 531 ἐοικὸς
1475 468 1551 538 τῷ
1600 468 1855 540 ἀτρέπτῳ
1886 479 1929 533 Α
1961 471 2012 525 id
2049 471 2189 540 quud
2236 471 2344 524 Deo
2379 470 2697 525 immutabili
2750 471 2984 527 maxime
3030 469 3283 526 convenit
3316 487 3533 527 accom-

274 552 425 625 Θεῷ;
455 554 580 620 Πῶς
603 556 669 629 δὴ
696 552 789 611 οῦν
814 557 923 627 ἄρα
951 558 1031 621 είς
1061 557 1241 630 σάρκα
1270 559 1449 629 φαμὲν
1478 557 1732 626 γενέσθαι
1765 557 1856 612 τὸν

273 646 464 715 Λόγον,
505 647 567 700 τὸ
597 646 864 719 ἅτρεπτόν
893 666 951 701 τε
998 648 1093 703 καὶ
1119 649 1474 703 ἀναλλοίωτον
1511 650 1587 714 ὡς
1635 650 1764 703 ἴδιόν
1795 667 1854 702 τε

272 737 366 792 καὶ
392 736 646 802 οὐσιῶδες
673 738 769 791 καὶ
813 739 1131 810 ἐμπεφυκὸς
1169 739 1320 811 αὐτῷ
1366 740 1658 812 τηροῦντες
1690 740 1799 805 ἀεὶ,
1826 742 1855 794 ό

272 830 544 899 πάνσοφος
574 829 804 899 Παῦλος,
830 833 859 884 ό
889 829 997 884 τῶν
1022 829 1193 885 αὑτοῦ
1227 831 1541 902 μυστηρίων
1569 831 1793 900 ταμίας,
1824 831 1854 884 ό

271 922 376 977 τῶν
410 921 785 990 εὑαγγελικῶν
835 922 1211 995 κηρυγμάτων
1259 922 1564 995 ίερουργὸς,
1602 923 1856 993 σαφηνιεῖ

268 1013 462 1083 ὶέγων·
502 1033 521 1066 ι
550 1014 721 1068 Τοῦτο
761 1018 1008 1087 φρονεῖτε
1066 1015 1298 1079 ἕκαστος
1323 1015 1384 1069 ἐν
1417 1016 1547 1084 ὑμῖν
1586 1014 1789 1079 αὑτοῖς,
1823 1012 1853 1066 ὸ

267 1107 361 1161 καὶ
389 1107 447 1159 ὲν
484 1105 709 1178 Χριστῷ
745 1105 943 1179 Ἰησοῦ,
985 1107 1044 1172 ὃς
1088 1108 1146 1162 ὲν
1178 1107 1362 1180 μορφῇ
1400 1105 1536 1161 Θεοῦ
1565 1105 1850 1176 ὑπάρχων,

265 1193 363 1264 οὐχ
392 1194 689 1266 ἀρπαγμὸν
716 1196 958 1267 ἡγήσατο
987 1195 1049 1249 τὸ
1074 1191 1213 1249 εῖναι
1245 1196 1337 1250 ίσα
1355 1194 1497 1267 Θεῷ,
1523 1194 1636 1249 ἀλλ’
1661 1193 1852 1248 ἑαυτὸν

264 1284 521 1352 ἐκένωσε,
574 1284 790 1357 μορφὴν
839 1284 1028 1339 δούλου
1070 1284 1270 1352 λαὸὼν,
1315 1286 1375 1339 ὲν
1414 1283 1720 1356 ὁμοιώματι
1751 1285 1850 1338 άν-

266 1374 500 1447 θρώπων
530 1378 844 1450 γενόμενος,
873 1378 969 1431 καὶ
1003 1380 1242 1450 σχήματι
1270 1375 1515 1450 εὑρεθεὶς
1543 1376 1620 1442 ώς
1642 1375 1852 1447 ἀνθρω-

266 1482 387 1530 πος,
427 1466 791 1520 ἐταπείνωσεν
822 1466 1037 1534 ἑαυτὸν,
1083 1466 1373 1539 γενόμενος
1413 1466 1657 1540 ὑπήκοος
1687 1467 1849 1538 μέχρι

266 1558 517 1623 θανάτου,
548 1558 776 1613 Θανάτου
807 1559 864 1616 δὲ
896 1557 1152 1633 σταυροῦ.
1180 1577 1198 1610 ι
1238 1557 1434 1612 Καίτοι
1476 1557 1587 1629 γὰρ
1610 1557 1744 1621 Θεός
1786 1574 1847 1610 τε

266 1652 361 1705 καὶ
386 1654 450 1705 ὲκ
478 1651 613 1706 Θεοῦ
648 1652 790 1707 κατὰ
836 1654 996 1723 φύσιν
1021 1651 1282 1722 ὑπάρχων
1305 1651 1343 1720 ι’,γ
1361 1648 1655 1721 μονογενὴς
1683 1646 1847 1702 αὑτοῦ

267 1744 464 1814 Λόγος,
507 1745 569 1797 τὸ
606 1745 949 1816 ἀπαύγασμα
990 1745 1090 1815 τῆς
1123 1744 1304 1817 δόξης,
1353 1742 1449 1801 καὶ
1491 1744 1524 1797 ό
1558 1742 1848 1815 χαρακτὴρ

1961 561 2219 614 moliare?
2277 560 2520 628 Quonam
2568 561 2731 631 igitur
2781 572 2938 632 pacto
2995 562 3049 618 in
3098 578 3263 618 carne
3325 564 3526 619 factum

1960 650 2126 706 l'uisse
2154 650 2384 706 Verbum
2424 652 2688 715 dicamus,
2732 652 3225 709 inmutabilitatem
3274 668 3396 724 qua:
3428 656 3530 724 ipsi

1955 743 2174 811 propria
2220 755 2381 813 atque
2431 744 2734 800 essentialis
2795 754 2852 798 et
2888 744 3084 810 insita,
3131 753 3230 800 est-
3268 754 3530 816 perpetuo

1956 844 2369 902 conservantes,
2418 835 2854 904 sapientissimus
2896 835 3116 901 Paulus,
3150 839 3565 907 mysteriorum}

1956 923 2126 994 ipsius
2222 926 2564 996 dispensator
2638 927 3070 998 evangelicaeque
3133 907 3559 998 predicationiel

1959 1015 2231 1086 minister,
2257 1018 2518 1085 declarat,
2555 1019 2778 1075 dicens:
2812 1038 2831 1071 ι
2870 1019 2983 1076 lloc
3017 1024 3216 1077 sentite
3238 1025 3530 1093 unusquis-

1956 1121 2062 1176 qne
2092 1108 2144 1163 in
2175 1109 2327 1165 vobis
2353 1111 2493 1179 quod
2544 1121 2600 1165 et
2642 1111 2696 1165 in
2727 1110 2947 1167 Christo
2977 1110 3127 1180 lesu,
3155 1114 3271 1183 qui,
3314 1129 3435 1170 cum
3473 1117 3527 1171 in

1957 1196 2130 1251 fornia
2180 1196 2270 1251 Dei
2320 1206 2488 1263 esset,
2539 1211 2644 1254 non
2697 1199 2941 1269 rapinam
2986 1202 3289 1259 arbitratus
3338 1213 3423 1259 est
3468 1220 3529 1261 se

1951 1302 2075 1344 esse
2122 1288 2381 1359 aequalem
2430 1290 2541 1345 Deo
2581 1308 2596 1344 ι
2637 1291 2730 1346 sed
2779 1293 3131 1364 semetipsum
3188 1296 3523 1360 exinanivit.

1951 1375 2179 1434 sormam
2209 1378 2351 1433 servi
2387 1379 2679 1452 accipiens,
2713 1380 2767 1435 in
2799 1380 3204 1439 similitudinem
3246 1384 3524 1443 hominnm

1953 1467 2150 1536 sactus,
2193 1478 2250 1524 et
2281 1468 2468 1525 habitu
2503 1471 2754 1527 inventus
2795 1481 2855 1525 nt
2882 1472 3065 1539 homo,
3095 1475 3405 1532 humiliavit
3436 1493 3526 1533 se-

1950 1557 2148 1627 ipsum,
2183 1556 2355 1613 sactus
2384 1556 2645 1613 obediens
2678 1573 2849 1629 usqne
2875 1560 2953 1613 ad
2985 1569 3211 1617 mortem
3245 1602 3261 1628 ‚
3293 1575 3524 1623 mortem

1950 1656 2130 1704 autem
2175 1648 2355 1703 crucis
2374 1646 2439 1702 ⁸⁸.
2472 1664 2491 1699 ι
2528 1647 2669 1702 Deus
2704 1648 2849 1702 enim
2883 1656 2938 1703 et
2977 1663 3042 1706 es
3080 1649 3193 1706 Deo
3229 1655 3525 1711 secundnm

1951 1747 2200 1794 naturam
2247 1740 2517 1795 exsistens
2559 1739 2893 1808 unigenitum
2953 1740 3123 1810 ipsius
3160 1741 3424 1810 Verbum,
3468 1758 3527 1804 et

266 1835 363 1907 τῆς
394 1836 744 1899 ὑποστάσεως
770 1835 865 1889 τοῦ
890 1837 1270 1908 γεννήσαντος,
1294 1834 1519 1905 γέγονεν
1538 1832 1841 1905 ἅνθρωπος,
1881 1807 1923 1865 Β
1951 1829 2203 1902 splendor
2257 1829 2472 1903 gloriae,
2518 1841 2575 1886 et
2620 1830 2905 1886 character
2950 1833 3266 1891 substantiae
3301 1835 3527 1895 Genito-

266 1928 359 1983 καὶ
388 1927 488 1981 οὑκ
516 1929 596 1992 είς
635 1929 812 2001 σάρκα
851 1927 1112 1999 τραπεὶς,
1151 1926 1185 1998 ἢ
1221 1923 1455 1998 φυρμὸν,
1490 1923 1526 2000 ἢ
1556 1926 1774 1998 κρᾶσιν,
1810 1924 1845 1996 ἦ

265 2038 320 2077 τι
350 2022 456 2077 τῶν
482 2020 739 2076 τοιούτων
777 2021 963 2093 ἓτερον
997 2020 1316 2091 ὑπομείνας,
1344 2017 1534 2083 καθεὶς
1556 2017 1615 2074 δὲ
1644 2017 1845 2090 μᾶλλον

265 2112 456 2170 ἑαυτὸν
488 2117 567 2179 εἰς
597 2114 847 2178 κένωσιν,
880 2112 975 2167 καὶ
1011 2112 1131 2166 ἀντὶ
1160 2097 1258 2185 τῆς
1295 2108 1665 2184 προκειμένης
1694 2108 1845 2181 αὐτῷ

268 2209 460 2279 χαρᾶς,
484 2206 745 2279 αἰσχύνης
771 2204 1212 2277 καταφρονήσας,
1244 2202 1337 2257 καί
1363 2202 1477 2274 τὴν·
1500 2201 1600 2274 τῆς
1628 2202 1841 2273 &vepro-

265 2302 497 2372 πότητος
535 2299 811 2371 πτωχείαν
853 2300 953 2352 οὑκ
984 2297 1277 2370 ἀτιμάσας.
1309 2295 1570 2369 Ἠθὲλησε
1601 2296 1734 2368 γὰρ,
1769 2296 1846 2360 ὡς

265 2394 419 2460 Θεὸς,
458 2395 556 2466 τὴν
595 2394 810 2465 Θανάτῳ
849 2393 944 2448 καὶ
987 2392 1232 2464 ἁμαρτίᾳ
1274 2389 1603 2463 ὲνεχομὲνην
1642 2389 1843 2461 σάρκα,

265 2489 360 2545 καὶ
397 2486 629 2542 Θανάτου
674 2487 770 2541 καὶ
817 2486 1047 2557 αἵματος
1090 2482 1367 2553 ἀποφῆναι
1414 2469 1722 2555 κρείττονα,
1752 2480 1846 2534 καὶ

263 2580 594 2653 ἀνακομίσαι
627 2578 765 2651 πρὸς
807 2576 868 2631 τὸ
904 2577 962 2631 ἐν
991 2576 1211 2648 ἀρχαῖς,
1242 2573 1379 2629 ίδίαν
1411 2569 1584 2645 αὐτὴν
1613 2573 1847 2644 ποιησά-

269 2688 455 2744 μενος,
499 2670 595 2726 καὶ
634 2670 734 2724 οὑκ
765 2668 972 2739 ἄψυχόν
1005 2683 1068 2737 γε
1099 2664 1242 2720 κατά
1272 2681 1446 2731 τινας,
1485 2664 1846 2737 ἔψυχωμὲνην

263 2764 321 2819 δὲ
357 2764 558 2837 μᾶλλον
588 2762 734 2834 ψυχῇ
766 2760 956 2833 νοερᾷ·
1002 2758 1140 2812 ἱέναι
1186 2774 1248 2826 γε
1285 2756 1391 2829 μὴν
1438 2755 1538 2829 τὴν
1573 2754 1654 2827 τῷ
1698 2757 1844 2827 πρά-

263 2874 435 2930 γματι
479 2855 792 2929 πρέπουσαν
838 2854 942 2908 οὑκ
987 2846 1309 2916 ἀπαξιώσας
1353 2847 1561 2933 τρίβον,
1589 2846 1689 2920 τὴν
1722 2846 1845 2902 καθ’

263 2949 412 3024 ἡμᾶς
457 2947 706 3015 γέννησιν
738 2944 1028 3013 ὑπομεῖναι
1069 2940 1312 3012 λέγεται,
1345 2937 1672 3013 μεμενηκὼς
1707 2938 1846 3010 ὅπερ

263 3034 355 3109 ἦν.
404 3032 729 3102 Γεγὲννηταί
758 3033 866 3104 γάρ
905 3032 1226 3103 παραδόξως
1274 3031 1416 3086 κατὰ
1463 3032 1688 3105 σάρκα·,
1722 3030 1846 3104 ἢέν

269 3124 375 3177 είδε
383 3139 399 3174 ι
429 3119 536 3190 τῷν
564 3117 684 3172 καί)
709 3120 858 3189 ἡμᾶς
884 3118 1112 3187 ὀφθῆναι
1137 3120 1252 3181 τοϊς
1276 3119 1370 3171 ἐπὶ
1397 3118 1522 3190 γῆς,
1549 3120 1640 3174 τὸν
1664 3121 1920 3224 ἀναφῆῦ

271 3213 366 3267 καὶ
394 3207 724 3280 ἀσώματον.
741 3206 887 3278 Πλὴν
919 3205 1339 3276 ὲνανθρωπῆσαι
1367 3206 1654 3278 κρίναντα,
1682 3209 1778 3262 καὶ1
1793 3165 1920 3264 ive

269 3305 399 3360 ἐαυτ
379 3301 446 3374 ᾧ
487 3301 581 3355 καὶ
623 3299 770 3371 μόνῳ
814 3298 927 3362 τοις
967 3296 1069 3368 τῆς
1114 3294 1366 3370 θεότητος
1411 3295 1716 3364 ἀξιώμασιν
1750 3301 1846 3354 ὲκ-

269 3394 456 3467 πρεπῆ
482 3391 580 3465 τὴν
617 3389 774 3464 ἡμῶν
802 3387 1079 3462 ἀποφῆναι
1118 3386 1317 3460 φύσιν·
1348 3382 1420 3462 ἦν
1456 3386 1566 3462 γὰρ
1592 3390 1623 3443 ό
1661 3390 1845 3457 αὑτὸς,

264 3488 403 3552 Θεός
427 3502 493 3557 γε
538 3484 673 3559 ὁμοῦ
715 3484 813 3543 καὶ
837 3466 1158 3556 ἀνθροὶπος,
1188 3482 1282 3537 καὶ
1323 3484 1382 3536 ὲν
1413 3480 1716 3554 ὁμοιώματι
1746 3481 1848 3553 μὲν

266 3576 575 3650 ἀνθρώπου,
606 3573 741 3631 καθὸ
775 3572 916 3645 μετὰ
953 3570 1142 3626 τούτου
1174 3572 1269 3626 καὶ
1312 3572 1446 3636 Θεὸς
1484 3566 1575 3643 ἦν,
1605 3572 1847 3644 σχήματι

267 3671 322 3726 δὲ
347 3670 420 3734 ὡς
448 3669 750 3742 ἄνθρωπος.
776 3666 910 3730 Θεὸς
937 3664 1046 3737 γὰρ
1080 3660 1150 3737 ἦν
1171 3665 1228 3718 ἐν
1258 3663 1388 3718 είδει
1417 3663 1496 3736 τῷ
1524 3663 1646 3718 καθ’
1674 3665 1844 3735 ἡμᾶς,

268 3762 361 3818 καὶ
415 3763 474 3814 ὲν
519 3759 706 3814 δούλου
748 3761 965 3830 μορφῇ,
1010 3756 1306 3829 Δεσπότης.
1334 3757 1526 3829 Σάρκα
1564 3756 1673 3829 γάρ
1704 3754 1849 3810 οὑτω

268 3855 448 3928 φαμὲν
477 3853 752 3924 γενέσθαι.
783 3852 1051 3927 Ταύτῃτοι
1086 3853 1181 3909 καὶ
1204 3852 1467 3909 Θεοτόκον
1497 3848 1639 3908 εἶναι
1665 3852 1848 3908 6:262-

268 3947 569 4019 δαιούμεθα
595 3948 693 4021 τὴν
720 3947 884 4016 ἀγίαν
911 3944 1207 4019 Παρθένον.

1954 1922 2031 1977 ris
2048 1919 2120 1987 δ’,
2154 1920 2353 1975 lactum
2380 1929 2463 1977 est
2490 1920 2677 1985 hoino.
2695 1930 2751 1976 et
2780 1935 2888 1976 non
2919 1920 2970 1976 in
2998 1938 3217 1981 earnem
3237 1937 3523 1993 mutatum,

1954 2027 2128 2083 neque
2157 2013 2321 2068 ullam
2372 2022 2467 2068 aut
2508 2013 2818 2081 misturam,
2858 2024 2955 2072 aut
2988 2027 3404 2086 temperaturam
3433 2030 3528 2077 aut

1953 2102 2098 2160 aliud
2131 2102 2405 2175 quidpiam
2449 2101 2820 2173 huiuscemodi
2866 2105 3054 2171 subiit,
3096 2107 3192 2162 sed
3218 2109 3396 2177 potius
3426 2112 3525 2165 de-

1954 2196 2175 2249 mittens
2227 2207 2287 2250 se
2319 2194 2387 2249 ad
2433 2193 2856 2250 exinanitionem
2880 2233 2897 2260 ,
2934 2205 2991 2250 et
3041 2211 3141 2266 pro
3191 2200 3388 2269 gaudio
3420 2201 3526 2257 sihi

1954 2285 2265 2357 proposito,
2325 2284 2560 2342 dedecus
2616 2295 3007 2351 contemnens,
3059 2288 3526 2362 humanitatisque

1954 2378 2226 2434 miseriam
2278 2387 2441 2447 atquc
2486 2378 2834 2447 indigentiam
2876 2394 2982 2435 non
3031 2391 3373 2452 aspernatus.
3416 2384 3522 2442 Vo-

1953 2471 2054 2526 luit
2098 2471 2244 2527 enim
2294 2479 2352 2525 ut
2396 2469 2538 2527 Deus
2569 2486 2789 2528 carnem
2845 2473 3007 2528 morti
3058 2484 3115 2531 et.
3156 2486 3384 2545 peccato
3428 2480 3524 2535 ob-

1956 2560 2199 2628 noxiam,
2243 2569 2418 2619 morte
2468 2577 2531 2617 ae
2573 2572 2798 2632 peccato
2839 2565 3175 2635 superiorem
3224 2567 3524 2637 declarare.

1954 2653 2305 2727 pristinaeque
2354 2652 2654 2724 integritati
2714 2655 3023 2725 restituere,
3081 2660 3352 2730 propriam
3403 2677 3525 2719 eam

1954 2745 2057 2802 sibi
2086 2744 2309 2809 iaciens,
2340 2753 2395 2799 et
2428 2744 2644 2814 quidem
2679 2743 2823 2800 illam
2864 2762 2970 2802 non
3011 2749 3192 2822 anima
3226 2763 3523 2821 carentem,

1955 2844 2011 2889 ut
2038 2832 2256 2903 quidam
2290 2832 2607 2902 opinantur,
2634 2833 2743 2889 imo
2773 2836 2955 2905 potius
2983 2837 3165 2896 anima
3188 2840 3525 2915 intelligente

1955 2924 2269 2980 animatam.
2324 2923 2495 2979 Porro
2551 2924 2635 2978 via
2687 2938 2808 2996 quze
2863 2927 2991 2983 huic
3030 2931 3246 3001 negotio
3290 2938 3527 3005 gerendo

1956 3014 2271 3072 conveniret
2323 3014 2578 3072 incedere
2626 3028 2734 3072 non
2793 3014 3137 3090 dedignatus,
3186 3025 3526 3086 nativitatem

1957 3109 2116 3165 nobis
2146 3108 2378 3166 similem
2413 3108 2648 3164 subiisse
2691 3107 2912 3176 dicitur,
2944 3126 3272 3182 permanens
3303 3133 3434 3175 vero
3473 3102 3541 3178 id'

1954 3203 2100 3275 quod
2146 3212 2285 3258 erat.
2321 3199 2493 3257 Natus
2519 3201 2665 3257 enim
2711 3210 2796 3258 est
2824 3202 3135 3263 admirabili
3185 3209 3399 3268 ratione
3435 3227 3527 3270 se·

1955 3295 2190 3353 cundum
2233 3308 2454 3350 caruem
2481 3309 2549 3350 ex
2595 3294 2864 3351 muliere:
2899 3311 3073 3367 nosque
3118 3300 3264 3356 enim
3310 3315 3530 3374 poterat

1954 3389 2134 3453 aliter,
2163 3388 2307 3443 Deus
2345 3385 2641 3443 secundum
2675 3395 2922 3443 naturam
2949 3390 3243 3458 exsistens,
3277 3408 3437 3465 quam
3471 3399 3525 3455 in

1955 3480 2137 3552 specie
2174 3492 2295 3549 quae
2332 3487 2533 3533 nostrai
2576 3476 2772 3533 similis
2823 3488 2965 3535 esset
3006 3482 3323 3541 mortalibus
3352 3500 3526 3558 appa·

1957 3586 2100 3636 rere.
2143 3570 2239 3642 qui
2272 3571 2629 3640 incorporeus
2676 3579 2763 3625 est
2800 3581 2856 3626 et
2891 3573 3034 3644 tangi
3085 3578 3293 3646 nequit.
3341 3577 3526 3650 Neque

1950 3663 2094 3719 etnim
2130 3668 2343 3730 poterat
2373 3659 2532 3716 aliter
2555 3675 2716 3730 quam
2748 3675 2847 3729 per
2878 3662 3330 3733 incarnationem.
3357 3682 3524 3742 atque

1952 3754 2006 3810 in
2039 3753 2218 3823 seipso
2250 3762 2304 3807 et
2334 3750 2551 3822 quidem
2600 3751 2718 3807 solo
2748 3765 2989 3809 nostram
3019 3767 3268 3814 naturam
3306 3762 3525 3821 deitatis

1952 3843 2306 3917 dignitatibus
2339 3838 2627 3898 'decorat-e.
2673 3842 2804 3899 Erat
2844 3847 2990 3901 euim
3021 3846 3136 3918 ipse
3174 3849 3319 3908 Deus
3359 3856 3525 3912 simul

1952 3950 2009 3999 et
2037 3941 2224 4002 homo,
2256 3933 2425 4007 719
2448 3935 2578 3990 etin
2605 3935 2960 3995 similitudine
2999 3942 3224 4013 quidem
3262 3944 3519 4018 hominis,

269 4054 536 4114 quatenus
579 4057 684 4097 una
717 4057 844 4099 cum
898 4042 1000 4098 hac
1046 4043 1212 4098 etiam
1265 4042 1408 4098 Deus
1463 4052 1617 4110 erat;
1688 4043 1878 4101 habitu
1916 4055 2067 4107 vero,
2115 4044 2175 4092 ut
2223 4034 2411 4090 homo.
2447 4030 2589 4087 Deus
2652 4032 2797 4088 enim
2839 4043 2958 4090 erat
3006 4035 3061 4092 in
3109 4039 3291 4109 specie
3325 4055 3523 4101 nostae

271 4135 458 4199 simili,
497 4143 551 4189 et
579 4135 631 4189 in
661 4135 832 4190 torma
857 4134 1020 4202 servi,
1050 4133 1331 4192 Dominus.
1365 4133 1478 4190 lloc
1504 4136 1651 4192 enim
1686 4136 1846 4194 modo
1883 4147 2103 4194 carnem
2129 4128 2332 4186 iactum
2363 4140 2485 4185 csse
2526 4126 2796 4183 dicimus:
2826 4143 2891 4184 ac
2948 4130 3171 4201 proinde
3235 4131 3521 4208 Deiparam

268 4245 483 4302 quoque
505 4231 781 4285 exstitisse
804 4239 1204 4287 sacrosanctam
1227 4228 1500 4301 Virginem
1521 4230 1838 4288 asserimus.

339 4321 401 4375 B.
442 4319 664 4387 Βούλει,
689 4323 802 4384 τοῖς
844 4321 957 4385 σοῖς
998 4321 1525 4392 ἀντιπαρεξάγοντες
1550 4323 1732 4393 λόγοις
1770 4324 1840 4380 τά

2023 4317 2084 4373 Β.
2114 4316 2369 4374 Placetne
2394 4325 2476 4380 ut,
2508 4313 2719 4372 illorum
2740 4314 3075 4386 objectiones
3105 4319 3211 4374 tuis
3237 4321 3395 4380 dictis
3418 4340 3518 4396 op·

272 4415 402 4486 παρ’
436 4413 682 4479 ἐκείνων,
719 4412 1032 4484 ἰσχνοτέραν
1079 4413 1436 4488 ἀποτελῶμεν
1483 4416 1592 4471 τῶν
1625 4414 1843 4469 ἐννοιῶν
1874 4402 1920 4458 D
1949 4417 2230 4483 ponentes,
2260 4407 2648 4462 accuratiorem
2683 4416 2736 4463 ct
2762 4406 3101 4463 subtiliorem
3134 4411 3209 4465 rei
3225 4415 3519 4484 propositm

268 4506 369 4580 τὴν
415 4507 668 4577 βάσανον,
710 4505 745 4576 ἢ
779 4503 1201 4578 παραχωρῶμεν
1234 4506 1423 4573 ἀπλῶς
1472 4508 1682 4578 λέγοντί
1732 4523 1839 4574 σοι,

267 4597 333 4654 τὸ
355 4592 412 4655 εὖ
442 4596 587 4668 ἔχειν
623 4595 1061 4668 ὑπειλημμένονς

339 4774 405 4829 Α.
457 4770 884 4845 Ἀνεπίπληκτον
917 4769 1040 4843 μὲν,
1069 4769 1146 4836 ὥς
1167 4787 1230 4842 γε
1265 4765 1441 4844 οἶμαι,
1471 4773 1579 4826 πᾶν
1606 4772 1743 4845 ὅπερ
1774 4770 1841 4826 ἀν

270 4865 484 4935 λέγοιτο
516 4863 654 4937 πρὸς
698 4863 855 4935 ἡμῶν
882 4863 1062 4934 σοφῶς
1092 4879 1154 4918 τε
1183 4863 1277 4919 καὶ
1306 4862 1720 4936 ἐπιστημόνως,
1749 4862 1843 4918 καὶ

267 4958 370 5013 οὐκ
414 4956 731 5028 ἀπᾳδόντως
777 4954 903 5027 ῐχον
964 4958 1089 5020 ταῖς
1151 4955 1530 5020 θεοπνεύστοις
1573 4955 1838 5028 Γραφαῖς.

265 5043 445 5117 Φράζε
484 5042 541 5096 et
572 5043 668 5098 καὶ
700 5043 862 5108 αὑτὸς
907 5043 971 5097 τὸ
1002 5041 1216 5102 δοκοῦν.
1248 5043 1495 5100 Ἔκτέκοι
1532 5045 1644 5116 γὰρ
1691 5042 1759 5098 ἄν
1783 5060 1838 5099 τι

271 5134 377 5197 ,ὧν
400 5135 739 5210 ὀνησιφόρων
767 5138 801 5208 ἠ
824 5136 1159 5203 ἀντίστασις.

340 5321 402 5374 Β.
454 5319 515 5372 Ὀ
547 5317 834 5382 Θεσπέσιος
875 5318 1097 5389 γράφει,
1128 5317 1284 5387 φασὶ,
1336 5314 1549 5382 Παῦλος
1590 5315 1840 5390 περὶτοῦ

271 5411 403 5468 rto&
429 5453 442 5477 ‚
478 5413 570 5467 ἅτε
602 5411 667 5483 δὴ
714 5409 998 5480 γεγονότος
1034 5408 1279 5479 κατάρας
1325 5424 1385 5462 τε
1419 5409 1514 5462 καὶ
1546 5408 1838 5482 ἁμαρτίας.

271 5504 416 5573 Ἔφη
460 5501 600 5574 γὰρ,
657 5502 740 5554 ὃτι
799 5520 818 5553 ι
851 5499 955 5554 Τὸν
1001 5499 1076 5572 μὴ
1121 5495 1319 5567 γνόντα
1370 5497 1666 5570 ἁμαρτίαν,
1702 5498 1842 5568 ὑπὲρ

273 5594 426 5666 ημῶν
473 5591 745 5664 ἀμαρτίαν
791 5592 1033 5663 εποίησε.
1069 5610 1087 5642 ο
1154 5587 1257 5644 Καὶ
1302 5588 1496 5643 πάλιν·
1548 5606 1569 5641 r
1606 5589 1841 5661 Χριστὸς

344 5769 392 5804 ⁴·
420 5768 651 5839 Philipp.
688 5782 748 5827 tt.
779 5767 897 5825 5·8.

1949 4500 2429 4573 investigationem
2461 4498 2812 4556 instituamus
2836 4537 2853 4566 ‚
2878 4515 2946 4556 an
2981 4502 3161 4572 potius
3186 4505 3511 4576 simpliciter

1948 4591 2182 4652 orationi
2222 4599 2327 4647 tuae
2368 4589 2526 4646 iidem
2548 4589 2891 4658 adhibentes,
2917 4592 2992 4648 ita
3020 4606 3144 4652 sese
3171 4610 3285 4653 rem
3311 4600 3515 4659 habere

1946 4681 2282 4743 statuamus?

2020 4772 2088 4828 A.
2120 4771 2283 4827 Extra
2310 4770 2788 4842 reprehensionem
2816 4787 3031 4830 omnem
3059 4776 3299 4847 positum
3331 4789 3435 4846 est,
3456 4793 3515 4838 ut

1949 4862 2205 4930 arbitror,
2232 4862 2378 4935 quod
2416 4876 2448 4918 a
2477 4862 2635 4919 nobis
2682 4863 2822 4920 scite
2868 4864 3254 4939 sapienterque
3306 4872 3511 4929 dictum

1947 4967 2058 5024 est,
2079 4970 2254 5029 neque
2292 4970 2400 5013 una
2430 4954 2645 5013 ratione
2675 4970 2705 5009 a
2750 4955 2923 5013 sacris
2952 4955 3250 5030 scripturis
3296 4962 3512 5020 dissen-

1946 5047 2032 5104 tit.
2064 5046 2158 5100 Dic
2206 5059 2334 5100 vere
2374 5044 2542 5100 etiam
2580 5053 2637 5100 tu
2675 5046 2821 5117 quod
2873 5046 2970 5102 tibi
3013 5048 3225 5107 videtur
3266 5069 3281 5106 ε
3323 5052 3514 5113 afferet

1946 5138 2091 5196 enim
2126 5137 2376 5194 nonnihil
2407 5137 2653 5194 utilitatis
2683 5141 2970 5198 contrariae
3001 5145 3285 5201 sententiae
3344 5162 3514 5217 oppo-

1941 5228 2087 5286 sitio.

2014 5321 2075 5377 B.
2109 5320 2334 5377 Divinus
2354 5322 2569 5388 Paulus.
2620 5324 2794 5391 aiunt,
2854 5325 3045 5381 scribit
3078 5328 3145 5383 de
3181 5326 3344 5392 Filio,
3402 5340 3522 5387 tan-.

1943 5425 2108 5482 quam
2161 5411 2250 5481 qui
2286 5410 2460 5468 sactus
2484 5412 2558 5468 sit
2615 5413 2922 5470 maledictio
2948 5425 3003 5470 et
3059 5427 3359 5486 peccatum.
3423 5420 3511 5476 ln·

1944 5503 2061 5575 quit
2089 5504 2416 5574 enim,quod
2452 5523 2472 5557 ι
2508 5505 2640 5560 Eum
2668 5507 2760 5576 qni
2788 5521 2893 5563 non
2916 5508 3066 5563 novit
3089 5518 3391 5581 peccatum,
3414 5526 3513 5584 pro

1947 5595 2102 5653 nohis
2136 5606 2416 5667 peccatum
2474 5596 2600 5654 tecit
2632 5598 2699 5655 ⁸⁶.
2743 5617 2762 5651 ι
2799 5599 2865 5656 Et
2911 5615 3146 5660 rursus:
3191 5621 3213 5657 ι
3264 5602 3514 5667 Christus

985 5768 1028 5801 ⁸·
1051 5764 1214 5821 liebr.
1242 5780 1282 5834 r,
1318 5765 1372 5821 5.
1450 5764 1496 5799 ⁸⁰
1530 5763 1571 5821 ll
1599 5762 1727 5822 Cor.
1770 5779 1824 5832 ν,
1859 5764 1953 5823 at.
