<?xml version="1.0" encoding="UTF-8"?>
<!DOCTYPE html PUBLIC "-//W3C//DTD XHTML 1.0 Transitional//EN"
    "http://www.w3.org/TR/xhtml1/DTD/xhtml1-transitional.dtd">
<html xmlns="http://www.w3.org/1999/xhtml" xml:lang="en" lang="en">
 <head>
  <title>
</title>
<meta http-equiv="Content-Type" content="text/html;charset=utf-8" />
  <meta name='ocr-system' content='tesseract 3.04.00' />
  <meta name='ocr-capabilities' content='ocr_page ocr_carea ocr_par ocr_line ocrx_word'/>
</head>
<body>
  <div class='ocr_page' id='page_1' title='image "./patrologicursus109migngoog_0627.png"; bbox 0 0 3809 6125; ppageno 0'>
   <div class='ocr_carea' id='block_1_1' title="bbox 267 281 409 378">
    <p class='ocr_par' dir='ltr' id='par_1_1' title="bbox 267 281 409 378">
     <span class='ocr_line' id='line_1_1' title="bbox 267 281 409 378; baseline -0.035 0"><span class='ocrx_word' id='word_1_1' title='bbox 267 281 409 378; x_wconf 62' lang='lat' dir='ltr'>tatu⁴</span> 
     </span>
    </p>
   </div>
   <div class='ocr_carea' id='block_1_2' title="bbox 262 391 1917 506">
    <p class='ocr_par' dir='ltr' id='par_1_2' title="bbox 262 391 1917 506">
     <span class='ocr_line' id='line_1_2' title="bbox 262 391 1917 506; baseline -0.012 -17"><span class='ocrx_word' id='word_1_2' title='bbox 262 431 522 506; x_wconf 82' lang='lat' dir='ltr'>quoniam</span> <span class='ocrx_word' id='word_1_3' title='bbox 560 426 754 481; x_wconf 90' lang='lat' dir='ltr'>iterum</span> <span class='ocrx_word' id='word_1_4' title='bbox 777 391 988 477; x_wconf 78' lang='lat' dir='ltr'>insiun</span> <span class='ocrx_word' id='word_1_5' title='bbox 1032 416 1130 474; x_wconf 77' lang='lat' dir='ltr'>suit</span> <span class='ocrx_word' id='word_1_6' title='bbox 1162 418 1335 475; x_wconf 83' lang='lat' dir='ltr'>Patris</span> <span class='ocrx_word' id='word_1_7' title='bbox 1362 418 1713 488; x_wconf 78' lang='lat' dir='ltr'>(assumptus</span> <span class='ocrx_word' id='word_1_8' title='bbox 1761 418 1845 465; x_wconf 88' lang='lat' dir='ltr'>est</span> <span class='ocrx_word' id='word_1_9' title='bbox 1874 413 1917 469; x_wconf 81' lang='grc' dir='ltr'><strong>Α</strong></span> 
     </span>
    </p>
   </div>
   <div class='ocr_carea' id='block_1_3' title="bbox 264 506 1851 1578">
    <p class='ocr_par' dir='ltr' id='par_1_3' title="bbox 264 506 1851 1578">
     <span class='ocr_line' id='line_1_3' title="bbox 265 506 1848 581; baseline -0.016 -1"><span class='ocrx_word' id='word_1_10' title='bbox 265 527 318 580; x_wconf 91' lang='lat' dir='ltr'>in</span> <span class='ocrx_word' id='word_1_11' title='bbox 352 517 801 577; x_wconf 74' lang='lat' dir='ltr'>resurrectionem</span> <span class='ocrx_word' id='word_1_12' title='bbox 846 528 876 568; x_wconf 87' lang='lat' dir='ltr'>a</span> <span class='ocrx_word' id='word_1_13' title='bbox 912 509 1212 581; x_wconf 87' lang='lat' dir='ltr'>mortuis),</span> <span class='ocrx_word' id='word_1_14' title='bbox 1246 508 1450 577; x_wconf 78' lang='lat' dir='ltr'>prolata</span> <span class='ocrx_word' id='word_1_15' title='bbox 1496 506 1690 560; x_wconf 85' lang='lat' dir='ltr'>iterum</span> <span class='ocrx_word' id='word_1_16' title='bbox 1732 517 1848 556; x_wconf 84' lang='lat' dir='ltr'>ma·</span> 
     </span>
     <span class='ocr_line' id='line_1_4' title="bbox 264 601 1847 669; baseline -0.012 -1"><span class='ocrx_word' id='word_1_17' title='bbox 264 629 368 669; x_wconf 85' lang='lat' dir='ltr'>nus</span> <span class='ocrx_word' id='word_1_18' title='bbox 393 610 678 666; x_wconf 82' lang='lat' dir='ltr'>videbatur</span> <span class='ocrx_word' id='word_1_19' title='bbox 708 605 906 660; x_wconf 86' lang='lat' dir='ltr'>munda</span> <span class='ocrx_word' id='word_1_20' title='bbox 939 618 955 655; x_wconf 73' lang='grc' dir='ltr'>ι</span> <span class='ocrx_word' id='word_1_21' title='bbox 988 602 1236 657; x_wconf 75' lang='lat' dir='ltr'>adveniet</span> <span class='ocrx_word' id='word_1_22' title='bbox 1270 601 1414 655; x_wconf 87' lang='lat' dir='ltr'>enim</span> <span class='ocrx_word' id='word_1_23' title='bbox 1454 604 1579 668; x_wconf 84' lang='lat' dir='ltr'>post</span> <span class='ocrx_word' id='word_1_24' title='bbox 1607 605 1847 663; x_wconf 81' lang='lat' dir='ltr'>tempora</span> 
     </span>
     <span class='ocr_line' id='line_1_5' title="bbox 270 684 1851 761; baseline -0.013 -2"><span class='ocrx_word' id='word_1_25' title='bbox 270 704 526 761; x_wconf 88' lang='lat' dir='ltr'>Dominus</span> <span class='ocrx_word' id='word_1_26' title='bbox 539 696 891 755; x_wconf 70' lang='lat' dir='ltr'>noster-iesus</span> <span class='ocrx_word' id='word_1_27' title='bbox 918 693 1194 758; x_wconf 86' lang='lat' dir='ltr'>Christus,</span> <span class='ocrx_word' id='word_1_28' title='bbox 1219 692 1270 745; x_wconf 91' lang='lat' dir='ltr'>in</span> <span class='ocrx_word' id='word_1_29' title='bbox 1300 690 1612 745; x_wconf 75' lang='lat' dir='ltr'>sinceritate</span> <span class='ocrx_word' id='word_1_30' title='bbox 1661 684 1851 740; x_wconf 77' lang='lat' dir='ltr'>divini-</span> 
     </span>
     <span class='ocr_line' id='line_1_6' title="bbox 270 784 1846 864; baseline -0.011 -16"><span class='ocrx_word' id='word_1_31' title='bbox 270 797 394 851; x_wconf 80' lang='lat' dir='ltr'>tatis</span> <span class='ocrx_word' id='word_1_32' title='bbox 421 802 474 849; x_wconf 83' lang='lat' dir='ltr'>et</span> <span class='ocrx_word' id='word_1_33' title='bbox 498 791 690 864; x_wconf 81' lang='lat' dir='ltr'>gioria,</span> <span class='ocrx_word' id='word_1_34' title='bbox 734 787 983 859; x_wconf 80' lang='lat' dir='ltr'>quamvis</span> <span class='ocrx_word' id='word_1_35' title='bbox 1012 784 1424 840; x_wconf 86' lang='lat' dir='ltr'>simiiitudinem</span> <span class='ocrx_word' id='word_1_36' title='bbox 1459 790 1700 836; x_wconf 88' lang='lat' dir='ltr'>nostram</span> <span class='ocrx_word' id='word_1_37' title='bbox 1739 791 1846 831; x_wconf 88' lang='lat' dir='ltr'>non</span> 
     </span>
     <span class='ocr_line' id='line_1_7' title="bbox 269 870 1842 956; baseline -0.011 -16"><span class='ocrx_word' id='word_1_38' title='bbox 269 886 574 956; x_wconf 78' lang='lat' dir='ltr'>projecerit.</span> <span class='ocrx_word' id='word_1_39' title='bbox 622 882 713 937; x_wconf 77' lang='lat' dir='ltr'>Ait</span> <span class='ocrx_word' id='word_1_40' title='bbox 747 881 892 936; x_wconf 87' lang='lat' dir='ltr'>enim</span> <span class='ocrx_word' id='word_1_41' title='bbox 923 887 978 933; x_wconf 92' lang='lat' dir='ltr'>et</span> <span class='ocrx_word' id='word_1_42' title='bbox 1009 878 1201 933; x_wconf 82' lang='lat' dir='ltr'>beatus</span> <span class='ocrx_word' id='word_1_43' title='bbox 1238 873 1442 930; x_wconf 87' lang='lat' dir='ltr'>Paulus</span> <span class='ocrx_word' id='word_1_44' title='bbox 1488 872 1556 928; x_wconf 88' lang='lat' dir='ltr'>de</span> <span class='ocrx_word' id='word_1_45' title='bbox 1574 870 1794 928; x_wconf 82' lang='lat' dir='ltr'>Christo</span> <span class='ocrx_word' id='word_1_46' title='bbox 1826 886 1842 923; x_wconf 89' lang='lat'><strong>:</strong></span> 
     </span>
     <span class='ocr_line' id='line_1_8' title="bbox 273 960 1847 1045; baseline -0.01 -16"><span class='ocrx_word' id='word_1_47' title='bbox 273 995 296 1029; x_wconf 79' lang='grc' dir='ltr'>ι</span> <span class='ocrx_word' id='word_1_48' title='bbox 326 978 461 1045; x_wconf 86' lang='lat' dir='ltr'>Quia</span> <span class='ocrx_word' id='word_1_49' title='bbox 493 973 658 1031; x_wconf 86' lang='lat' dir='ltr'>semei</span> <span class='ocrx_word' id='word_1_50' title='bbox 689 980 935 1027; x_wconf 86' lang='lat' dir='ltr'>mortuus</span> <span class='ocrx_word' id='word_1_51' title='bbox 957 978 1042 1026; x_wconf 88' lang='lat' dir='ltr'>est</span> <span class='ocrx_word' id='word_1_52' title='bbox 1067 968 1135 1023; x_wconf 85' lang='lat' dir='ltr'>ad</span> <span class='ocrx_word' id='word_1_53' title='bbox 1162 968 1447 1022; x_wconf 82' lang='lat' dir='ltr'>multorum</span> <span class='ocrx_word' id='word_1_54' title='bbox 1481 960 1847 1020; x_wconf 82' lang='lat' dir='ltr'>exhaurienda</span> 
     </span>
     <span class='ocr_line' id='line_1_9' title="bbox 271 1056 1850 1136; baseline -0.009 -14"><span class='ocrx_word' id='word_1_55' title='bbox 271 1077 513 1136; x_wconf 85' lang='lat' dir='ltr'>peecata.</span> <span class='ocrx_word' id='word_1_56' title='bbox 555 1064 806 1120; x_wconf 86' lang='lat' dir='ltr'>Secundo</span> <span class='ocrx_word' id='word_1_57' title='bbox 837 1062 954 1117; x_wconf 88' lang='lat' dir='ltr'>sine</span> <span class='ocrx_word' id='word_1_58' title='bbox 982 1071 1202 1131; x_wconf 83' lang='lat' dir='ltr'>peccato</span> <span class='ocrx_word' id='word_1_59' title='bbox 1222 1056 1501 1129; x_wconf 72' lang='lat' dir='ltr'>apparebit</span> <span class='ocrx_word' id='word_1_60' title='bbox 1529 1063 1850 1123; x_wconf 84' lang='lat' dir='ltr'>exspectan-</span> 
     </span>
     <span class='ocr_line' id='line_1_10' title="bbox 274 1146 1848 1221; baseline -0.006 -14"><span class='ocrx_word' id='word_1_61' title='bbox 274 1159 415 1212; x_wconf 78' lang='lat' dir='ltr'>tihus</span> <span class='ocrx_word' id='word_1_62' title='bbox 456 1170 515 1212; x_wconf 89' lang='lat' dir='ltr'>se</span> <span class='ocrx_word' id='word_1_63' title='bbox 566 1156 622 1210; x_wconf 90' lang='lat' dir='ltr'>in</span> <span class='ocrx_word' id='word_1_64' title='bbox 655 1154 883 1210; x_wconf 80' lang='lat' dir='ltr'>salutem</span> <span class='ocrx_word' id='word_1_65' title='bbox 914 1152 979 1207; x_wconf 82' lang='lat'>⁸⁸.</span> <span class='ocrx_word' id='word_1_66' title='bbox 1033 1171 1052 1204; x_wconf 75' lang='grc' dir='ltr'>ι</span> <span class='ocrx_word' id='word_1_67' title='bbox 1086 1150 1228 1221; x_wconf 79' lang='lat' dir='ltr'>Ergo</span> <span class='ocrx_word' id='word_1_68' title='bbox 1255 1149 1467 1219; x_wconf 82' lang='lat' dir='ltr'>quoties</span> <span class='ocrx_word' id='word_1_69' title='bbox 1503 1146 1662 1202; x_wconf 87' lang='lat' dir='ltr'>nobis</span> <span class='ocrx_word' id='word_1_70' title='bbox 1693 1158 1848 1200; x_wconf 87' lang='lat' dir='ltr'>sacra</span> 
     </span>
     <span class='ocr_line' id='line_1_11' title="bbox 269 1238 1848 1309; baseline -0.008 -8"><span class='ocrx_word' id='word_1_71' title='bbox 269 1247 478 1302; x_wconf 79' lang='lat' dir='ltr'>Littera</span> <span class='ocrx_word' id='word_1_72' title='bbox 505 1247 755 1301; x_wconf 79' lang='lat' dir='ltr'>nominat</span> <span class='ocrx_word' id='word_1_73' title='bbox 774 1244 1052 1299; x_wconf 80' lang='lat' dir='ltr'>Christum</span> <span class='ocrx_word' id='word_1_74' title='bbox 1070 1241 1273 1306; x_wconf 75' lang='lat' dir='ltr'>lesum,</span> <span class='ocrx_word' id='word_1_75' title='bbox 1301 1238 1460 1309; x_wconf 77' lang='grc'>791,</span> <span class='ocrx_word' id='word_1_76' title='bbox 1487 1253 1553 1293; x_wconf 89' lang='lat' dir='ltr'>ne</span> <span class='ocrx_word' id='word_1_77' title='bbox 1575 1238 1848 1292; x_wconf 88' lang='lat' dir='ltr'>hominem</span> 
     </span>
     <span class='ocr_line' id='line_1_12' title="bbox 269 1326 1849 1409; baseline -0.006 -16"><span class='ocrx_word' id='word_1_78' title='bbox 269 1354 511 1394; x_wconf 87' lang='lat' dir='ltr'>scorsum</span> <span class='ocrx_word' id='word_1_79' title='bbox 570 1335 836 1409; x_wconf 78' lang='lat' dir='ltr'>putaveris</span> <span class='ocrx_word' id='word_1_80' title='bbox 856 1374 872 1400; x_wconf 93' lang='lat'>,</span> <span class='ocrx_word' id='word_1_81' title='bbox 922 1349 1026 1389; x_wconf 87' lang='lat' dir='ltr'>non</span> <span class='ocrx_word' id='word_1_82' title='bbox 1080 1347 1205 1387; x_wconf 83' lang='lat' dir='ltr'>vere</span> <span class='ocrx_word' id='word_1_83' title='bbox 1266 1333 1498 1386; x_wconf 87' lang='lat' dir='ltr'>adunato</span> <span class='ocrx_word' id='word_1_84' title='bbox 1576 1328 1675 1398; x_wconf 91' lang='lat' dir='ltr'>ipsi</span> <span class='ocrx_word' id='word_1_85' title='bbox 1739 1326 1849 1383; x_wconf 88' lang='lat' dir='ltr'>Deo</span> 
     </span>
     <span class='ocr_line' id='line_1_13' title="bbox 277 1416 1848 1495; baseline -0.008 -11"><span class='ocrx_word' id='word_1_86' title='bbox 277 1430 450 1484; x_wconf 83' lang='lat' dir='ltr'>Verbo</span> <span class='ocrx_word' id='word_1_87' title='bbox 485 1445 500 1495; x_wconf 88' lang='lat'><strong>;</strong></span> <span class='ocrx_word' id='word_1_88' title='bbox 542 1428 633 1483; x_wconf 79' lang='lat' dir='ltr'>sed</span> <span class='ocrx_word' id='word_1_89' title='bbox 663 1424 1061 1481; x_wconf 80' lang='lat' dir='ltr'>existimaveris</span> <span class='ocrx_word' id='word_1_90' title='bbox 1092 1422 1259 1491; x_wconf 80' lang='lat' dir='ltr'>magis</span> <span class='ocrx_word' id='word_1_91' title='bbox 1281 1422 1454 1490; x_wconf 77' lang='lat' dir='ltr'>ipsum</span> <span class='ocrx_word' id='word_1_92' title='bbox 1491 1433 1610 1474; x_wconf 85' lang='lat' dir='ltr'>csse</span> <span class='ocrx_word' id='word_1_93' title='bbox 1631 1434 1698 1473; x_wconf 78' lang='lat' dir='ltr'>ex</span> <span class='ocrx_word' id='word_1_94' title='bbox 1739 1416 1848 1471; x_wconf 88' lang='lat' dir='ltr'>Deo</span> 
     </span>
     <span class='ocr_line' id='line_1_14' title="bbox 273 1508 1850 1578; baseline -0.007 -5"><span class='ocrx_word' id='word_1_95' title='bbox 273 1531 329 1573; x_wconf 87' lang='lat' dir='ltr'>et</span> <span class='ocrx_word' id='word_1_96' title='bbox 361 1517 523 1575; x_wconf 85' lang='lat' dir='ltr'>Patre</span> <span class='ocrx_word' id='word_1_97' title='bbox 573 1516 806 1572; x_wconf 79' lang='lat' dir='ltr'>Verbum</span> <span class='ocrx_word' id='word_1_98' title='bbox 842 1512 1030 1567; x_wconf 61' lang='lat' dir='ltr'>&#39;esum</span> <span class='ocrx_word' id='word_1_99' title='bbox 1070 1511 1380 1578; x_wconf 75' lang='lat' dir='ltr'>Christum,</span> <span class='ocrx_word' id='word_1_100' title='bbox 1405 1526 1524 1565; x_wconf 90' lang='lat' dir='ltr'>cum</span> <span class='ocrx_word' id='word_1_101' title='bbox 1552 1508 1735 1564; x_wconf 78' lang='lat' dir='ltr'>factus</span> <span class='ocrx_word' id='word_1_102' title='bbox 1779 1508 1850 1563; x_wconf 87' lang='lat' dir='ltr'>sit</span> 
     </span>
    </p>
   </div>
   <div class='ocr_carea' id='block_1_4' title="bbox 275 1613 450 1666">
    <p class='ocr_par' dir='ltr' id='par_1_4' title="bbox 275 1613 450 1666">
     <span class='ocr_line' id='line_1_15' title="bbox 275 1613 450 1666; baseline 0 0"><span class='ocrx_word' id='word_1_103' title='bbox 275 1613 450 1666; x_wconf 76' lang='lat' dir='ltr'>humo.</span> 
     </span>
    </p>
   </div>
   <div class='ocr_carea' id='block_1_5' title="bbox 847 1737 1228 1832">
    <p class='ocr_par' dir='ltr' id='par_1_5' title="bbox 847 1737 1228 1832">
     <span class='ocr_line' id='line_1_16' title="bbox 847 1737 1228 1832; baseline -0.013 -36"><span class='ocrx_word' id='word_1_104' title='bbox 847 1816 857 1832; x_wconf 32' lang='grc' dir='ltr'>ι</span> <span class='ocrx_word' id='word_1_105' title='bbox 885 1738 1034 1795; x_wconf 76' lang='lat' dir='ltr'>CAP.</span> <span class='ocrx_word' id='word_1_106' title='bbox 1069 1737 1228 1793; x_wconf 81' lang='lat' dir='ltr'>xvii.</span> 
     </span>
    </p>
   </div>
   <div class='ocr_carea' id='block_1_6' title="bbox 275 1846 1847 2129">
    <p class='ocr_par' dir='ltr' id='par_1_6' title="bbox 275 1846 1847 2129">
     <span class='ocr_line' id='line_1_17' title="bbox 277 1846 1842 1921; baseline -0.004 -15"><span class='ocrx_word' id='word_1_107' title='bbox 277 1853 429 1919; x_wconf 79' lang='lat' dir='ltr'>Quod</span> <span class='ocrx_word' id='word_1_108' title='bbox 459 1851 699 1910; x_wconf 75' lang='lat' dir='ltr'>Christus</span> <span class='ocrx_word' id='word_1_109' title='bbox 732 1869 833 1906; x_wconf 84' lang='lat' dir='ltr'>nou</span> <span class='ocrx_word' id='word_1_110' title='bbox 858 1863 968 1907; x_wconf 78' lang='lat' dir='ltr'>erat</span> <span class='ocrx_word' id='word_1_111' title='bbox 990 1854 1142 1905; x_wconf 75' lang='lat' dir='ltr'>homo</span> <span class='ocrx_word' id='word_1_112' title='bbox 1165 1850 1441 1921; x_wconf 74' lang='grc' dir='ltr'><strong>θεοφόρος,</strong></span> <span class='ocrx_word' id='word_1_113' title='bbox 1464 1848 1556 1903; x_wconf 61' lang='lat' dir='ltr'>nec</span> <span class='ocrx_word' id='word_1_114' title='bbox 1582 1846 1811 1916; x_wconf 71' lang='lat' dir='ltr'>simplici</span> <span class='ocrx_word' id='word_1_115' title='bbox 1821 1876 1842 1885; x_wconf 95' lang='lat'>-</span> 
     </span>
     <span class='ocr_line' id='line_1_18' title="bbox 275 1915 1844 2005; baseline -0.004 -30"><span class='ocrx_word' id='word_1_116' title='bbox 275 1936 354 1975; x_wconf 83' lang='lat' dir='ltr'>ter</span> <span class='ocrx_word' id='word_1_117' title='bbox 395 1926 450 2004; x_wconf 69' lang='lat' dir='ltr'>in</span> <span class='ocrx_word' id='word_1_118' title='bbox 491 1924 698 2005; x_wconf 67' lang='lat' dir='ltr'>homine</span> <span class='ocrx_word' id='word_1_119' title='bbox 752 1923 1058 2002; x_wconf 65' lang='lat' dir='ltr'>inhabitarit</span> <span class='ocrx_word' id='word_1_120' title='bbox 1099 1920 1235 1974; x_wconf 72' lang='lat' dir='ltr'>Deus</span> <span class='ocrx_word' id='word_1_121' title='bbox 1285 1919 1549 1981; x_wconf 75' lang='lat' dir='ltr'>Verbum5</span> <span class='ocrx_word' id='word_1_122' title='bbox 1580 1918 1670 1972; x_wconf 80' lang='lat' dir='ltr'>aed</span> <span class='ocrx_word' id='word_1_123' title='bbox 1707 1915 1844 1987; x_wconf 74' lang='lat' dir='ltr'>quod</span> 
     </span>
     <span class='ocr_line' id='line_1_19' title="bbox 277 1988 1847 2129; baseline -0.004 -84"><span class='ocrx_word' id='word_1_124' title='bbox 277 2008 447 2129; x_wconf 53' lang='lat' dir='ltr'>{⁸2¹3ss</span> <span class='ocrx_word' id='word_1_125' title='bbox 453 2008 595 2114; x_wconf 40' lang='lat'>5521&gt;-</span> <span class='ocrx_word' id='word_1_126' title='bbox 619 2001 687 2045; x_wconf 73' lang='lat' dir='ltr'>stt</span> <span class='ocrx_word' id='word_1_127' title='bbox 709 1990 929 2061; x_wconf 66' lang='lat' dir='ltr'>facerim,</span> <span class='ocrx_word' id='word_1_128' title='bbox 955 2007 1061 2045; x_wconf 71' lang='lat' dir='ltr'>sive</span> <span class='ocrx_word' id='word_1_129' title='bbox 1082 1992 1234 2044; x_wconf 83' lang='grc' dir='ltr'>Ιιοηιο</span> <span class='ocrx_word' id='word_1_130' title='bbox 1254 1990 1529 2060; x_wconf 73' lang='lat' dir='ltr'>perfectus,</span> <span class='ocrx_word' id='word_1_131' title='bbox 1564 1988 1847 2042; x_wconf 74' lang='lat' dir='ltr'>secundum</span> 
     </span>
    </p>
   </div>
   <div class='ocr_carea' id='block_1_7' title="bbox 278 2193 1851 3084">
    <p class='ocr_par' dir='ltr' id='par_1_7' title="bbox 278 2193 1851 3084">
     <span class='ocr_line' id='line_1_20' title="bbox 347 2193 1851 2262; baseline -0.002 -14"><span class='ocrx_word' id='word_1_132' title='bbox 347 2195 449 2262; x_wconf 86' lang='lat' dir='ltr'>Qui</span> <span class='ocrx_word' id='word_1_133' title='bbox 499 2194 657 2251; x_wconf 81' lang='lat' dir='ltr'>fldem</span> <span class='ocrx_word' id='word_1_134' title='bbox 708 2196 907 2251; x_wconf 83' lang='lat' dir='ltr'>habent</span> <span class='ocrx_word' id='word_1_135' title='bbox 957 2198 1010 2251; x_wconf 87' lang='lat' dir='ltr'>in</span> <span class='ocrx_word' id='word_1_136' title='bbox 1063 2195 1280 2252; x_wconf 85' lang='lat' dir='ltr'>Christo</span> <span class='ocrx_word' id='word_1_137' title='bbox 1338 2193 1736 2252; x_wconf 81' lang='lat' dir='ltr'>immaculatam</span> <span class='ocrx_word' id='word_1_138' title='bbox 1795 2200 1851 2249; x_wconf 91' lang='lat' dir='ltr'>et</span> 
     </span>
     <span class='ocr_line' id='line_1_21' title="bbox 278 2284 1851 2358; baseline 0.001 -19"><span class='ocrx_word' id='word_1_139' title='bbox 278 2285 441 2340; x_wconf 86' lang='lat' dir='ltr'>rectis</span> <span class='ocrx_word' id='word_1_140' title='bbox 467 2286 719 2342; x_wconf 86' lang='lat' dir='ltr'>omnibus</span> <span class='ocrx_word' id='word_1_141' title='bbox 740 2285 1008 2358; x_wconf 80' lang='lat' dir='ltr'>suffragiis</span> <span class='ocrx_word' id='word_1_142' title='bbox 1039 2288 1462 2357; x_wconf 80' lang='lat' dir='ltr'>comprobatam,</span> <span class='ocrx_word' id='word_1_143' title='bbox 1501 2286 1683 2341; x_wconf 82' lang='lat' dir='ltr'>dicant</span> <span class='ocrx_word' id='word_1_144' title='bbox 1704 2284 1851 2340; x_wconf 81' lang='lat' dir='ltr'>vide-</span> 
     </span>
     <span class='ocr_line' id='line_1_22' title="bbox 278 2375 1848 2449; baseline -0.001 -18"><span class='ocrx_word' id='word_1_145' title='bbox 278 2378 402 2432; x_wconf 85' lang='lat' dir='ltr'>licet</span> <span class='ocrx_word' id='word_1_146' title='bbox 439 2379 581 2447; x_wconf 89' lang='lat' dir='ltr'>quod</span> <span class='ocrx_word' id='word_1_147' title='bbox 611 2380 724 2449; x_wconf 86' lang='lat' dir='ltr'>ipse</span> <span class='ocrx_word' id='word_1_148' title='bbox 738 2393 804 2434; x_wconf 82' lang='lat' dir='ltr'>ex</span> <span class='ocrx_word' id='word_1_149' title='bbox 828 2378 937 2433; x_wconf 91' lang='lat' dir='ltr'>Deo</span> <span class='ocrx_word' id='word_1_150' title='bbox 957 2377 1116 2434; x_wconf 77' lang='lat' dir='ltr'>Patre</span> <span class='ocrx_word' id='word_1_151' title='bbox 1141 2380 1281 2433; x_wconf 85' lang='lat' dir='ltr'>Deus</span> <span class='ocrx_word' id='word_1_152' title='bbox 1307 2375 1544 2433; x_wconf 76' lang='lat' dir='ltr'>Verbum</span> <span class='ocrx_word' id='word_1_153' title='bbox 1571 2377 1624 2430; x_wconf 88' lang='lat' dir='ltr'>in</span> <span class='ocrx_word' id='word_1_154' title='bbox 1660 2376 1848 2430; x_wconf 83' lang='lat' dir='ltr'>exina-</span> 
     </span>
     <span class='ocr_line' id='line_1_23' title="bbox 278 2465 1846 2537; baseline -0.001 -14"><span class='ocrx_word' id='word_1_155' title='bbox 278 2470 502 2523; x_wconf 79' lang='lat' dir='ltr'>nitatem</span> <span class='ocrx_word' id='word_1_156' title='bbox 587 2468 961 2532; x_wconf 81' lang='lat' dir='ltr'>desccnderit,</span> <span class='ocrx_word' id='word_1_157' title='bbox 1046 2468 1273 2522; x_wconf 85' lang='lat' dir='ltr'>iormam</span> <span class='ocrx_word' id='word_1_158' title='bbox 1337 2466 1479 2523; x_wconf 82' lang='lat' dir='ltr'>servi</span> <span class='ocrx_word' id='word_1_159' title='bbox 1554 2465 1846 2537; x_wconf 67' lang='lat' dir='ltr'>accipienti,</span> 
     </span>
     <span class='ocr_line' id='line_1_24' title="bbox 278 2558 1847 2631; baseline 0 -21"><span class='ocrx_word' id='word_1_160' title='bbox 278 2561 659 2631; x_wconf 81' lang='lat' dir='ltr'>propriumque</span> <span class='ocrx_word' id='word_1_161' title='bbox 697 2560 798 2616; x_wconf 90' lang='lat' dir='ltr'>sibi</span> <span class='ocrx_word' id='word_1_162' title='bbox 826 2558 1037 2615; x_wconf 70' lang='lat' dir='ltr'>faciens</span> <span class='ocrx_word' id='word_1_163' title='bbox 1081 2573 1300 2630; x_wconf 88' lang='lat' dir='ltr'>corpus,</span> <span class='ocrx_word' id='word_1_164' title='bbox 1350 2558 1494 2627; x_wconf 83' lang='lat' dir='ltr'>quod</span> <span class='ocrx_word' id='word_1_165' title='bbox 1535 2566 1620 2613; x_wconf 80' lang='lat' dir='ltr'>est</span> <span class='ocrx_word' id='word_1_166' title='bbox 1662 2565 1847 2611; x_wconf 88' lang='lat' dir='ltr'>natum</span> 
     </span>
     <span class='ocr_line' id='line_1_25' title="bbox 279 2646 1851 2722; baseline -0.002 -17"><span class='ocrx_word' id='word_1_167' title='bbox 279 2666 345 2705; x_wconf 82' lang='lat' dir='ltr'>ex</span> <span class='ocrx_word' id='word_1_168' title='bbox 367 2651 579 2722; x_wconf 78' lang='lat' dir='ltr'>Virgine</span> <span class='ocrx_word' id='word_1_169' title='bbox 603 2668 620 2717; x_wconf 84' lang='lat'>;</span> <span class='ocrx_word' id='word_1_170' title='bbox 645 2650 784 2719; x_wconf 76' lang='lat' dir='ltr'>qiiod</span> <span class='ocrx_word' id='word_1_171' title='bbox 819 2646 994 2706; x_wconf 77' lang='lat' dir='ltr'>sactus</span> <span class='ocrx_word' id='word_1_172' title='bbox 1024 2650 1095 2704; x_wconf 86' lang='lat' dir='ltr'>sit</span> <span class='ocrx_word' id='word_1_173' title='bbox 1123 2650 1292 2705; x_wconf 84' lang='lat' dir='ltr'>nostri</span> <span class='ocrx_word' id='word_1_174' title='bbox 1326 2647 1539 2714; x_wconf 81' lang='lat' dir='ltr'>similis,</span> <span class='ocrx_word' id='word_1_175' title='bbox 1565 2658 1621 2703; x_wconf 90' lang='lat' dir='ltr'>et</span> <span class='ocrx_word' id='word_1_176' title='bbox 1644 2662 1851 2703; x_wconf 81' lang='lat' dir='ltr'>nuncu·</span> 
     </span>
     <span class='ocr_line' id='line_1_26' title="bbox 282 2736 1849 2809; baseline 0.001 -17"><span class='ocrx_word' id='word_1_177' title='bbox 282 2748 438 2809; x_wconf 83' lang='lat' dir='ltr'>patus</span> <span class='ocrx_word' id='word_1_178' title='bbox 458 2739 625 2795; x_wconf 62' lang='lat' dir='ltr'>finus</span> <span class='ocrx_word' id='word_1_179' title='bbox 649 2739 901 2794; x_wconf 80' lang='lat' dir='ltr'>nominis.</span> <span class='ocrx_word' id='word_1_180' title='bbox 933 2739 1028 2793; x_wconf 85' lang='lat' dir='ltr'>Est</span> <span class='ocrx_word' id='word_1_181' title='bbox 1051 2747 1230 2796; x_wconf 89' lang='lat' dir='ltr'>autem</span> <span class='ocrx_word' id='word_1_182' title='bbox 1251 2736 1393 2793; x_wconf 89' lang='lat' dir='ltr'>Deus</span> <span class='ocrx_word' id='word_1_183' title='bbox 1415 2737 1627 2809; x_wconf 82' lang='lat' dir='ltr'>quidem</span> <span class='ocrx_word' id='word_1_184' title='bbox 1654 2752 1849 2794; x_wconf 88' lang='lat' dir='ltr'>secun·</span> 
     </span>
     <span class='ocr_line' id='line_1_27' title="bbox 281 2829 1847 2898; baseline 0.003 -17"><span class='ocrx_word' id='word_1_185' title='bbox 281 2831 405 2883; x_wconf 84' lang='lat' dir='ltr'>dum</span> <span class='ocrx_word' id='word_1_186' title='bbox 425 2830 669 2898; x_wconf 89' lang='lat' dir='ltr'>spiritum</span> <span class='ocrx_word' id='word_1_187' title='bbox 697 2845 714 2895; x_wconf 88' lang='lat'><strong>;</strong></span> <span class='ocrx_word' id='word_1_188' title='bbox 744 2830 905 2884; x_wconf 89' lang='lat' dir='ltr'>homo</span> <span class='ocrx_word' id='word_1_189' title='bbox 926 2839 1103 2884; x_wconf 86' lang='lat' dir='ltr'>autem</span> <span class='ocrx_word' id='word_1_190' title='bbox 1129 2829 1270 2884; x_wconf 87' lang='lat' dir='ltr'>idem</span> <span class='ocrx_word' id='word_1_191' title='bbox 1293 2830 1587 2885; x_wconf 86' lang='lat' dir='ltr'>secundum</span> <span class='ocrx_word' id='word_1_192' title='bbox 1609 2843 1847 2885; x_wconf 85' lang='lat' dir='ltr'>carnem.</span> 
     </span>
     <span class='ocr_line' id='line_1_28' title="bbox 285 2918 1847 2992; baseline 0.003 -21"><span class='ocrx_word' id='word_1_193' title='bbox 285 2920 483 2974; x_wconf 81' lang='lat' dir='ltr'>Deinde</span> <span class='ocrx_word' id='word_1_194' title='bbox 507 2920 719 2975; x_wconf 81' lang='lat' dir='ltr'>divinus</span> <span class='ocrx_word' id='word_1_195' title='bbox 745 2918 943 2975; x_wconf 80' lang='lat' dir='ltr'>Paulus</span> <span class='ocrx_word' id='word_1_196' title='bbox 966 2919 1274 2976; x_wconf 70' lang='lat' dir='ltr'>ludaeorum</span> <span class='ocrx_word' id='word_1_197' title='bbox 1312 2920 1564 2992; x_wconf 77' lang='lat' dir='ltr'>populum</span> <span class='ocrx_word' id='word_1_198' title='bbox 1605 2922 1847 2991; x_wconf 84' lang='lat' dir='ltr'>alloque-</span> 
     </span>
     <span class='ocr_line' id='line_1_29' title="bbox 282 3010 1847 3084; baseline 0.001 -19"><span class='ocrx_word' id='word_1_199' title='bbox 282 3010 439 3066; x_wconf 81' lang='lat' dir='ltr'>batur</span> <span class='ocrx_word' id='word_1_200' title='bbox 477 3012 702 3068; x_wconf 80' lang='lat' dir='ltr'>dicens:</span> <span class='ocrx_word' id='word_1_201' title='bbox 733 3031 752 3064; x_wconf 85' lang='grc' dir='ltr'>ι</span> <span class='ocrx_word' id='word_1_202' title='bbox 784 3011 1124 3069; x_wconf 83' lang='lat' dir='ltr'>Multisariam</span> <span class='ocrx_word' id='word_1_203' title='bbox 1172 3011 1460 3084; x_wconf 79' lang='lat' dir='ltr'>multisque</span> <span class='ocrx_word' id='word_1_204' title='bbox 1507 3014 1678 3068; x_wconf 84' lang='lat' dir='ltr'>modis</span> <span class='ocrx_word' id='word_1_205' title='bbox 1719 3014 1847 3068; x_wconf 78' lang='lat' dir='ltr'>otim</span> 
     </span>
    </p>
   </div>
   <div class='ocr_carea' id='block_1_8' title="bbox 284 3102 1919 3174">
    <p class='ocr_par' dir='ltr' id='par_1_8' title="bbox 284 3102 1919 3174">
     <span class='ocr_line' id='line_1_30' title="bbox 284 3102 1919 3174; baseline 0.004 -19"><span class='ocrx_word' id='word_1_206' title='bbox 284 3102 422 3158; x_wconf 87' lang='lat' dir='ltr'>Deus</span> <span class='ocrx_word' id='word_1_207' title='bbox 437 3103 661 3172; x_wconf 83' lang='lat' dir='ltr'>loquens</span> <span class='ocrx_word' id='word_1_208' title='bbox 684 3105 929 3174; x_wconf 75' lang='lat' dir='ltr'>patribus</span> <span class='ocrx_word' id='word_1_209' title='bbox 948 3105 1000 3160; x_wconf 89' lang='lat' dir='ltr'>in</span> <span class='ocrx_word' id='word_1_210' title='bbox 1024 3104 1321 3174; x_wconf 86' lang='lat' dir='ltr'>prophetis,</span> <span class='ocrx_word' id='word_1_211' title='bbox 1338 3105 1646 3161; x_wconf 87' lang='lat' dir='ltr'>novissimis</span> <span class='ocrx_word' id='word_1_212' title='bbox 1663 3106 1849 3162; x_wconf 86' lang='lat' dir='ltr'>diebus</span> <span class='ocrx_word' id='word_1_213' title='bbox 1874 3109 1919 3168; x_wconf 84' lang='lat' dir='ltr'>C</span> 
     </span>
    </p>
   </div>
   <div class='ocr_carea' id='block_1_9' title="bbox 281 3193 1855 4373">
    <p class='ocr_par' dir='ltr' id='par_1_9' title="bbox 281 3193 1855 4373">
     <span class='ocr_line' id='line_1_31' title="bbox 285 3193 1854 3267; baseline 0.006 -22"><span class='ocrx_word' id='word_1_214' title='bbox 285 3195 404 3249; x_wconf 88' lang='lat' dir='ltr'>istis</span> <span class='ocrx_word' id='word_1_215' title='bbox 423 3193 632 3250; x_wconf 81' lang='lat' dir='ltr'>locutus</span> <span class='ocrx_word' id='word_1_216' title='bbox 653 3205 736 3250; x_wconf 85' lang='lat' dir='ltr'>est</span> <span class='ocrx_word' id='word_1_217' title='bbox 761 3197 915 3252; x_wconf 87' lang='lat' dir='ltr'>nobis</span> <span class='ocrx_word' id='word_1_218' title='bbox 945 3197 996 3250; x_wconf 90' lang='lat' dir='ltr'>in</span> <span class='ocrx_word' id='word_1_219' title='bbox 1023 3196 1156 3252; x_wconf 82' lang='lat' dir='ltr'>Filio</span> <span class='ocrx_word' id='word_1_220' title='bbox 1177 3196 1241 3251; x_wconf 78' lang='lat'>⁶⁸.</span> <span class='ocrx_word' id='word_1_221' title='bbox 1284 3215 1304 3250; x_wconf 77' lang='grc' dir='ltr'>ι</span> <span class='ocrx_word' id='word_1_222' title='bbox 1334 3199 1395 3250; x_wconf 82' lang='lat' dir='ltr'>Et</span> <span class='ocrx_word' id='word_1_223' title='bbox 1420 3212 1651 3267; x_wconf 83' lang='lat' dir='ltr'>quonam</span> <span class='ocrx_word' id='word_1_224' title='bbox 1695 3198 1854 3254; x_wconf 81' lang='lat' dir='ltr'>modo</span> 
     </span>
     <span class='ocr_line' id='line_1_32' title="bbox 284 3284 1855 3354; baseline 0.004 -16"><span class='ocrx_word' id='word_1_225' title='bbox 284 3284 616 3354; x_wconf 74' lang='lat' dir='ltr'>intelligatur</span> <span class='ocrx_word' id='word_1_226' title='bbox 648 3286 858 3342; x_wconf 74' lang='lat' dir='ltr'>locutus</span> <span class='ocrx_word' id='word_1_227' title='bbox 893 3286 1061 3344; x_wconf 83' lang='lat' dir='ltr'>fuisse</span> <span class='ocrx_word' id='word_1_228' title='bbox 1091 3287 1229 3345; x_wconf 88' lang='lat' dir='ltr'>Deus</span> <span class='ocrx_word' id='word_1_229' title='bbox 1268 3298 1321 3344; x_wconf 93' lang='lat' dir='ltr'>et</span> <span class='ocrx_word' id='word_1_230' title='bbox 1351 3288 1513 3344; x_wconf 80' lang='lat' dir='ltr'>Pater</span> <span class='ocrx_word' id='word_1_231' title='bbox 1547 3289 1855 3345; x_wconf 72' lang='lat' dir='ltr'>novissimis</span> 
     </span>
     <span class='ocr_line' id='line_1_33' title="bbox 282 3373 1854 3451; baseline 0.006 -25"><span class='ocrx_word' id='word_1_232' title='bbox 282 3373 472 3428; x_wconf 90' lang='lat' dir='ltr'>diebus</span> <span class='ocrx_word' id='word_1_233' title='bbox 502 3375 553 3428; x_wconf 91' lang='lat' dir='ltr'>in</span> <span class='ocrx_word' id='word_1_234' title='bbox 578 3375 760 3431; x_wconf 73' lang='lat' dir='ltr'>Filio?</span> <span class='ocrx_word' id='word_1_235' title='bbox 798 3375 1032 3431; x_wconf 85' lang='lat' dir='ltr'>Locutus</span> <span class='ocrx_word' id='word_1_236' title='bbox 1063 3387 1145 3434; x_wconf 85' lang='lat' dir='ltr'>cst</span> <span class='ocrx_word' id='word_1_237' title='bbox 1171 3380 1313 3433; x_wconf 88' lang='lat' dir='ltr'>enim</span> <span class='ocrx_word' id='word_1_238' title='bbox 1336 3379 1740 3451; x_wconf 77' lang='lat' dir='ltr'>antiquioribus</span> <span class='ocrx_word' id='word_1_239' title='bbox 1759 3394 1854 3449; x_wconf 86' lang='lat' dir='ltr'>per</span> 
     </span>
     <span class='ocr_line' id='line_1_34' title="bbox 285 3471 1853 3546; baseline 0.004 -22"><span class='ocrx_word' id='word_1_240' title='bbox 285 3473 458 3542; x_wconf 87' lang='lat' dir='ltr'>ipsum</span> <span class='ocrx_word' id='word_1_241' title='bbox 498 3473 632 3526; x_wconf 90' lang='lat' dir='ltr'>dans</span> <span class='ocrx_word' id='word_1_242' title='bbox 661 3471 854 3544; x_wconf 78' lang='lat' dir='ltr'>legem,</span> <span class='ocrx_word' id='word_1_243' title='bbox 880 3485 935 3529; x_wconf 89' lang='lat' dir='ltr'>et</span> <span class='ocrx_word' id='word_1_244' title='bbox 985 3474 1187 3529; x_wconf 90' lang='lat' dir='ltr'>idcirco</span> <span class='ocrx_word' id='word_1_245' title='bbox 1208 3476 1322 3546; x_wconf 88' lang='lat' dir='ltr'>ipse</span> <span class='ocrx_word' id='word_1_246' title='bbox 1358 3475 1526 3531; x_wconf 81' lang='lat' dir='ltr'>Filius</span> <span class='ocrx_word' id='word_1_247' title='bbox 1560 3491 1688 3532; x_wconf 87' lang='lat' dir='ltr'>suos</span> <span class='ocrx_word' id='word_1_248' title='bbox 1721 3476 1853 3531; x_wconf 85' lang='lat' dir='ltr'>dicit</span> 
     </span>
     <span class='ocr_line' id='line_1_35' title="bbox 281 3567 1850 3641; baseline 0.005 -23"><span class='ocrx_word' id='word_1_249' title='bbox 281 3580 405 3619; x_wconf 85' lang='lat' dir='ltr'>esse</span> <span class='ocrx_word' id='word_1_250' title='bbox 433 3579 736 3628; x_wconf 84' lang='lat' dir='ltr'>sermones,</span> <span class='ocrx_word' id='word_1_251' title='bbox 761 3581 856 3635; x_wconf 77' lang='lat' dir='ltr'>per</span> <span class='ocrx_word' id='word_1_252' title='bbox 877 3567 1329 3636; x_wconf 82' lang='lat' dir='ltr'>sapientissimum</span> <span class='ocrx_word' id='word_1_253' title='bbox 1352 3568 1569 3641; x_wconf 77' lang='lat' dir='ltr'>Moysen</span> <span class='ocrx_word' id='word_1_254' title='bbox 1592 3569 1850 3640; x_wconf 85' lang='lat' dir='ltr'>proiatos.</span> 
     </span>
     <span class='ocr_line' id='line_1_36' title="bbox 283 3653 1846 3731; baseline 0.004 -23"><span class='ocrx_word' id='word_1_255' title='bbox 283 3655 370 3708; x_wconf 77' lang='lat' dir='ltr'>Ait</span> <span class='ocrx_word' id='word_1_256' title='bbox 391 3654 533 3708; x_wconf 87' lang='lat' dir='ltr'>enim</span> <span class='ocrx_word' id='word_1_257' title='bbox 565 3671 578 3708; x_wconf 77' lang='grc' dir='ltr'>ι</span> <span class='ocrx_word' id='word_1_258' title='bbox 618 3672 638 3705; x_wconf 83' lang='grc' dir='ltr'>ι</span> <span class='ocrx_word' id='word_1_259' title='bbox 667 3653 841 3709; x_wconf 81' lang='lat' dir='ltr'>Nolite</span> <span class='ocrx_word' id='word_1_260' title='bbox 874 3667 1062 3725; x_wconf 84' lang='lat' dir='ltr'>putare</span> <span class='ocrx_word' id='word_1_261' title='bbox 1089 3658 1213 3728; x_wconf 83' lang='lat' dir='ltr'>quia</span> <span class='ocrx_word' id='word_1_262' title='bbox 1252 3660 1376 3713; x_wconf 84' lang='lat' dir='ltr'>veni</span> <span class='ocrx_word' id='word_1_263' title='bbox 1420 3660 1631 3715; x_wconf 83' lang='lat' dir='ltr'>solvere</span> <span class='ocrx_word' id='word_1_264' title='bbox 1656 3659 1846 3731; x_wconf 80' lang='lat' dir='ltr'>iegem,</span> 
     </span>
     <span class='ocr_line' id='line_1_37' title="bbox 285 3747 1850 3823; baseline 0.005 -23"><span class='ocrx_word' id='word_1_265' title='bbox 285 3751 704 3818; x_wconf 82' lang='lat' dir='ltr'>nutprophetas.</span> <span class='ocrx_word' id='word_1_266' title='bbox 739 3747 854 3804; x_wconf 83' lang='lat' dir='ltr'>Nou</span> <span class='ocrx_word' id='word_1_267' title='bbox 883 3751 1002 3805; x_wconf 82' lang='lat' dir='ltr'>veni</span> <span class='ocrx_word' id='word_1_268' title='bbox 1043 3750 1270 3817; x_wconf 78' lang='lat' dir='ltr'>solvere,</span> <span class='ocrx_word' id='word_1_269' title='bbox 1312 3752 1406 3806; x_wconf 83' lang='lat' dir='ltr'>sed</span> <span class='ocrx_word' id='word_1_270' title='bbox 1436 3751 1678 3823; x_wconf 86' lang='lat' dir='ltr'>implere.</span> <span class='ocrx_word' id='word_1_271' title='bbox 1716 3752 1850 3808; x_wconf 87' lang='lat' dir='ltr'>Dico</span> 
     </span>
     <span class='ocr_line' id='line_1_38' title="bbox 283 3840 1849 3913; baseline 0.004 -19"><span class='ocrx_word' id='word_1_272' title='bbox 283 3841 426 3894; x_wconf 87' lang='lat' dir='ltr'>enim</span> <span class='ocrx_word' id='word_1_273' title='bbox 466 3841 638 3906; x_wconf 81' lang='lat' dir='ltr'>vobis,</span> <span class='ocrx_word' id='word_1_274' title='bbox 664 3840 771 3895; x_wconf 86' lang='lat' dir='ltr'>iota</span> <span class='ocrx_word' id='word_1_275' title='bbox 795 3856 979 3906; x_wconf 87' lang='lat' dir='ltr'>unum,</span> <span class='ocrx_word' id='word_1_276' title='bbox 1006 3853 1104 3897; x_wconf 83' lang='lat' dir='ltr'>aut</span> <span class='ocrx_word' id='word_1_277' title='bbox 1132 3857 1269 3898; x_wconf 89' lang='lat' dir='ltr'>unus</span> <span class='ocrx_word' id='word_1_278' title='bbox 1298 3859 1433 3913; x_wconf 82' lang='lat' dir='ltr'>apex</span> <span class='ocrx_word' id='word_1_279' title='bbox 1457 3860 1563 3900; x_wconf 90' lang='lat' dir='ltr'>non</span> <span class='ocrx_word' id='word_1_280' title='bbox 1601 3845 1849 3900; x_wconf 79' lang='lat' dir='ltr'>transibit</span> 
     </span>
     <span class='ocr_line' id='line_1_39' title="bbox 285 3934 1845 4004; baseline 0.004 -19"><span class='ocrx_word' id='word_1_281' title='bbox 285 3949 312 3985; x_wconf 89' lang='lat' dir='ltr'>a</span> <span class='ocrx_word' id='word_1_282' title='bbox 338 3934 472 4003; x_wconf 86' lang='lat' dir='ltr'>iege,</span> <span class='ocrx_word' id='word_1_283' title='bbox 487 3934 655 3989; x_wconf 88' lang='lat' dir='ltr'>donec</span> <span class='ocrx_word' id='word_1_284' title='bbox 676 3934 853 3988; x_wconf 82' lang='lat' dir='ltr'>omnia</span> <span class='ocrx_word' id='word_1_285' title='bbox 873 3935 1028 3989; x_wconf 65' lang='lat' dir='ltr'>(iant.</span> <span class='ocrx_word' id='word_1_286' title='bbox 1054 3934 1261 3992; x_wconf 77' lang='lat' dir='ltr'>Coeium</span> <span class='ocrx_word' id='word_1_287' title='bbox 1276 3946 1333 3990; x_wconf 89' lang='lat' dir='ltr'>et</span> <span class='ocrx_word' id='word_1_288' title='bbox 1359 3945 1496 3992; x_wconf 88' lang='lat' dir='ltr'>terra</span> <span class='ocrx_word' id='word_1_289' title='bbox 1524 3937 1845 4004; x_wconf 79' lang='lat' dir='ltr'>transibunt,</span> 
     </span>
     <span class='ocr_line' id='line_1_40' title="bbox 287 4027 1846 4085; baseline 0.007 -10"><span class='ocrx_word' id='word_1_290' title='bbox 287 4027 446 4079; x_wconf 77' lang='lat' dir='ltr'>verba</span> <span class='ocrx_word' id='word_1_291' title='bbox 487 4035 664 4082; x_wconf 81' lang='lat' dir='ltr'>autem</span> <span class='ocrx_word' id='word_1_292' title='bbox 712 4041 828 4081; x_wconf 84' lang='lat' dir='ltr'>mea</span> <span class='ocrx_word' id='word_1_293' title='bbox 875 4042 981 4081; x_wconf 82' lang='lat' dir='ltr'>non</span> <span class='ocrx_word' id='word_1_294' title='bbox 1021 4027 1325 4084; x_wconf 82' lang='lat' dir='ltr'>transibunt</span> <span class='ocrx_word' id='word_1_295' title='bbox 1362 4028 1428 4083; x_wconf 76' lang='lat'>⁶&#39;.</span> <span class='ocrx_word' id='word_1_296' title='bbox 1458 4047 1478 4081; x_wconf 79' lang='grc' dir='ltr'>ι</span> <span class='ocrx_word' id='word_1_297' title='bbox 1512 4029 1662 4085; x_wconf 73' lang='lat' dir='ltr'>Adde</span> <span class='ocrx_word' id='word_1_298' title='bbox 1681 4032 1846 4085; x_wconf 83' lang='lat' dir='ltr'>etiam</span> 
     </span>
     <span class='ocr_line' id='line_1_41' title="bbox 284 4116 1846 4190; baseline 0.004 -21"><span class='ocrx_word' id='word_1_299' title='bbox 284 4119 556 4186; x_wconf 80' lang='lat' dir='ltr'>prophetae</span> <span class='ocrx_word' id='word_1_300' title='bbox 613 4133 795 4173; x_wconf 81' lang='lat' dir='ltr'>vocem</span> <span class='ocrx_word' id='word_1_301' title='bbox 849 4135 864 4173; x_wconf 78' lang='grc' dir='ltr'>ι</span> <span class='ocrx_word' id='word_1_302' title='bbox 925 4136 941 4169; x_wconf 86' lang='grc' dir='ltr'>ι</span> <span class='ocrx_word' id='word_1_303' title='bbox 987 4116 1108 4187; x_wconf 80' lang='lat' dir='ltr'>lpse</span> <span class='ocrx_word' id='word_1_304' title='bbox 1176 4121 1266 4188; x_wconf 85' lang='lat' dir='ltr'>qui</span> <span class='ocrx_word' id='word_1_305' title='bbox 1320 4119 1597 4189; x_wconf 70' lang='lat' dir='ltr'>loquebar,</span> <span class='ocrx_word' id='word_1_306' title='bbox 1651 4131 1846 4190; x_wconf 83' lang='lat' dir='ltr'>praesto</span> 
     </span>
     <span class='ocr_line' id='line_1_42' title="bbox 284 4210 1843 4284; baseline -0.004 -12"><span class='ocrx_word' id='word_1_307' title='bbox 284 4232 401 4272; x_wconf 81' lang='lat' dir='ltr'>sum</span> <span class='ocrx_word' id='word_1_308' title='bbox 432 4216 498 4273; x_wconf 81' lang='lat'>⁸⁸.</span> <span class='ocrx_word' id='word_1_309' title='bbox 535 4234 555 4268; x_wconf 79' lang='grc' dir='ltr'>ι</span> <span class='ocrx_word' id='word_1_310' title='bbox 599 4212 742 4284; x_wconf 77' lang='lat' dir='ltr'>Ergo</span> <span class='ocrx_word' id='word_1_311' title='bbox 788 4226 911 4267; x_wconf 91' lang='lat' dir='ltr'>cum</span> <span class='ocrx_word' id='word_1_312' title='bbox 971 4213 1143 4265; x_wconf 83' lang='lat' dir='ltr'>t&#39;actus</span> <span class='ocrx_word' id='word_1_313' title='bbox 1197 4221 1280 4264; x_wconf 90' lang='lat' dir='ltr'>est</span> <span class='ocrx_word' id='word_1_314' title='bbox 1329 4210 1496 4266; x_wconf 81' lang='lat' dir='ltr'>Filius</span> <span class='ocrx_word' id='word_1_315' title='bbox 1546 4213 1598 4264; x_wconf 88' lang='lat' dir='ltr'>in</span> <span class='ocrx_word' id='word_1_316' title='bbox 1658 4225 1843 4278; x_wconf 87' lang='lat' dir='ltr'>carne,</span> 
     </span>
     <span class='ocr_line' id='line_1_43' title="bbox 286 4303 1847 4373; baseline -0.004 -8"><span class='ocrx_word' id='word_1_317' title='bbox 286 4323 412 4365; x_wconf 89' lang='lat' dir='ltr'>tunc</span> <span class='ocrx_word' id='word_1_318' title='bbox 460 4311 669 4363; x_wconf 74' lang='lat' dir='ltr'>locutus</span> <span class='ocrx_word' id='word_1_319' title='bbox 716 4314 801 4360; x_wconf 79' lang='lat' dir='ltr'>eat</span> <span class='ocrx_word' id='word_1_320' title='bbox 859 4306 1011 4358; x_wconf 90' lang='lat' dir='ltr'>uobis</span> <span class='ocrx_word' id='word_1_321' title='bbox 1062 4305 1224 4358; x_wconf 80' lang='lat' dir='ltr'>Pater</span> <span class='ocrx_word' id='word_1_322' title='bbox 1291 4304 1511 4373; x_wconf 81' lang='lat' dir='ltr'>inipso,</span> <span class='ocrx_word' id='word_1_323' title='bbox 1575 4303 1718 4358; x_wconf 87' lang='lat' dir='ltr'>sicut</span> <span class='ocrx_word' id='word_1_324' title='bbox 1768 4305 1847 4359; x_wconf 82' lang='lat' dir='ltr'>ait</span> 
     </span>
    </p>
   </div>
   <div class='ocr_carea' id='block_1_10' title="bbox 1268 282 2511 361">
    <p class='ocr_par' dir='ltr' id='par_1_10' title="bbox 1268 282 2511 361">
     <span class='ocr_line' id='line_1_44' title="bbox 1268 282 2511 361; baseline -0.016 -2"><span class='ocrx_word' id='word_1_325' title='bbox 1268 303 1338 361; x_wconf 76' lang='lat' dir='ltr'>S.</span> <span class='ocrx_word' id='word_1_326' title='bbox 1376 295 1653 359; x_wconf 73' lang='lat' dir='ltr'>CYRtLLt</span> <span class='ocrx_word' id='word_1_327' title='bbox 1687 289 2160 351; x_wconf 61' lang='lat' dir='ltr'>ALEXANbumt</span> <span class='ocrx_word' id='word_1_328' title='bbox 2196 282 2511 343; x_wconf 69' lang='lat' dir='ltr'>menter.</span> 
     </span>
    </p>
   </div>
   <div class='ocr_carea' id='block_1_11' title="bbox 3386 266 3538 321">
    <p class='ocr_par' dir='ltr' id='par_1_11' title="bbox 3386 266 3538 321">
     <span class='ocr_line' id='line_1_45' title="bbox 3386 266 3538 321; baseline 0.007 -1"><span class='ocrx_word' id='word_1_329' title='bbox 3386 266 3538 321; x_wconf 70' lang='lat'>¹392</span> 
     </span>
    </p>
   </div>
   <div class='ocr_carea' id='block_1_12' title="bbox 1943 379 3538 743">
    <p class='ocr_par' dir='ltr' id='par_1_12' title="bbox 1943 379 3538 743">
     <span class='ocr_line' id='line_1_46' title="bbox 1945 379 3533 477; baseline -0.019 -17"><span class='ocrx_word' id='word_1_330' title='bbox 1945 401 2325 477; x_wconf 69' lang='grc' dir='ltr'>θρωπήσεωςῖ</span> <span class='ocrx_word' id='word_1_331' title='bbox 2350 401 2455 454; x_wconf 76' lang='lat' dir='ltr'>Aut</span> <span class='ocrx_word' id='word_1_332' title='bbox 2480 410 2645 467; x_wconf 84' lang='lat' dir='ltr'>quare</span> <span class='ocrx_word' id='word_1_333' title='bbox 2677 393 3018 449; x_wconf 82' lang='lat' dir='ltr'>incarnatum</span> <span class='ocrx_word' id='word_1_334' title='bbox 3045 382 3176 441; x_wconf 85' lang='lat' dir='ltr'>dicit</span> <span class='ocrx_word' id='word_1_335' title='bbox 3198 380 3370 437; x_wconf 86' lang='lat' dir='ltr'>Deum</span> <span class='ocrx_word' id='word_1_336' title='bbox 3397 379 3533 433; x_wconf 72' lang='lat' dir='ltr'>Ver·</span> 
     </span>
     <span class='ocr_line' id='line_1_47' title="bbox 1947 472 3536 558; baseline -0.018 -8"><span class='ocrx_word' id='word_1_337' title='bbox 1947 498 2095 558; x_wconf 88' lang='lat' dir='ltr'>bum,</span> <span class='ocrx_word' id='word_1_338' title='bbox 2138 495 2184 550; x_wconf 87' lang='lat' dir='ltr'>si</span> <span class='ocrx_word' id='word_1_339' title='bbox 2231 507 2336 547; x_wconf 90' lang='lat' dir='ltr'>uon</span> <span class='ocrx_word' id='word_1_340' title='bbox 2379 489 2557 545; x_wconf 78' lang='lat' dir='ltr'>sactus</span> <span class='ocrx_word' id='word_1_341' title='bbox 2586 495 2670 541; x_wconf 77' lang='lat' dir='ltr'>est</span> <span class='ocrx_word' id='word_1_342' title='bbox 2704 481 2873 539; x_wconf 72' lang='lat' dir='ltr'>caro?</span> <span class='ocrx_word' id='word_1_343' title='bbox 2911 479 3008 534; x_wconf 83' lang='lat' dir='ltr'>Vis</span> <span class='ocrx_word' id='word_1_344' title='bbox 3049 472 3536 543; x_wconf 71' lang='grc' dir='ltr'><strong>ὲνανθρωπήσεως</strong></span> 
     </span>
     <span class='ocr_line' id='line_1_48' title="bbox 1943 567 3538 645; baseline -0.019 0"><span class='ocrx_word' id='word_1_345' title='bbox 1943 602 2000 645; x_wconf 90' lang='lat' dir='ltr'>et</span> <span class='ocrx_word' id='word_1_346' title='bbox 2022 589 2253 643; x_wconf 74' lang='lat' dir='ltr'>simitem</span> <span class='ocrx_word' id='word_1_347' title='bbox 2279 583 2451 639; x_wconf 82' lang='lat' dir='ltr'>nostri</span> <span class='ocrx_word' id='word_1_348' title='bbox 2476 595 2598 636; x_wconf 87' lang='lat' dir='ltr'>eum</span> <span class='ocrx_word' id='word_1_349' title='bbox 2622 578 2821 632; x_wconf 78' lang='lat' dir='ltr'>iactum</span> <span class='ocrx_word' id='word_1_350' title='bbox 2844 588 2967 629; x_wconf 81' lang='lat' dir='ltr'>esse</span> <span class='ocrx_word' id='word_1_351' title='bbox 2983 567 3281 640; x_wconf 80' lang='lat' dir='ltr'>significat,</span> <span class='ocrx_word' id='word_1_352' title='bbox 3307 573 3363 620; x_wconf 88' lang='lat' dir='ltr'>et</span> <span class='ocrx_word' id='word_1_353' title='bbox 3378 579 3538 619; x_wconf 83' lang='lat' dir='ltr'>man-</span> 
     </span>
     <span class='ocr_line' id='line_1_49' title="bbox 1944 653 3537 743; baseline -0.017 -9"><span class='ocrx_word' id='word_1_354' title='bbox 1944 678 2080 734; x_wconf 81' lang='lat' dir='ltr'>sisse</span> <span class='ocrx_word' id='word_1_355' title='bbox 2103 685 2282 730; x_wconf 88' lang='lat' dir='ltr'>tamen</span> <span class='ocrx_word' id='word_1_356' title='bbox 2317 675 2397 729; x_wconf 88' lang='lat' dir='ltr'>sic</span> <span class='ocrx_word' id='word_1_357' title='bbox 2420 682 2637 743; x_wconf 85' lang='lat' dir='ltr'>quoque</span> <span class='ocrx_word' id='word_1_358' title='bbox 2688 666 2861 737; x_wconf 85' lang='lat' dir='ltr'>ipsum</span> <span class='ocrx_word' id='word_1_359' title='bbox 2912 674 3077 730; x_wconf 84' lang='lat' dir='ltr'>supra</span> <span class='ocrx_word' id='word_1_360' title='bbox 3125 671 3254 720; x_wconf 84' lang='lat' dir='ltr'>nos,</span> <span class='ocrx_word' id='word_1_361' title='bbox 3301 653 3416 709; x_wconf 87' lang='lat' dir='ltr'>imo</span> <span class='ocrx_word' id='word_1_362' title='bbox 3440 668 3537 709; x_wconf 80' lang='lat' dir='ltr'>su·</span> 
     </span>
    </p>
   </div>
   <div class='ocr_carea' id='block_1_13' title="bbox 1946 766 3554 1393">
    <p class='ocr_par' dir='ltr' id='par_1_13' title="bbox 1946 766 2939 841">
     <span class='ocr_line' id='line_1_50' title="bbox 1946 766 2939 841; baseline -0.017 -16"><span class='ocrx_word' id='word_1_363' title='bbox 1946 786 2043 841; x_wconf 87' lang='lat' dir='ltr'>pra</span> <span class='ocrx_word' id='word_1_364' title='bbox 2075 772 2385 823; x_wconf 81' lang='lat' dir='ltr'>universam</span> <span class='ocrx_word' id='word_1_365' title='bbox 2413 766 2585 835; x_wconf 81' lang='lat' dir='ltr'>ipsam</span> <span class='ocrx_word' id='word_1_366' title='bbox 2610 767 2939 816; x_wconf 83' lang='lat' dir='ltr'>creaturam.</span> 
     </span>
    </p>

    <p class='ocr_par' dir='ltr' id='par_1_14' title="bbox 1946 838 3554 1393">
     <span class='ocr_line' id='line_1_51' title="bbox 2016 838 3536 933; baseline -0.015 -15"><span class='ocrx_word' id='word_1_367' title='bbox 2016 863 2282 933; x_wconf 83' lang='lat' dir='ltr'>oportere</span> <span class='ocrx_word' id='word_1_368' title='bbox 2323 869 2504 915; x_wconf 84' lang='lat' dir='ltr'>autem</span> <span class='ocrx_word' id='word_1_369' title='bbox 2538 852 2813 914; x_wconf 84' lang='lat' dir='ltr'>existimo,</span> <span class='ocrx_word' id='word_1_370' title='bbox 2842 862 2905 903; x_wconf 87' lang='lat' dir='ltr'>ea</span> <span class='ocrx_word' id='word_1_371' title='bbox 2944 860 3064 916; x_wconf 79' lang='lat' dir='ltr'>quae</span> <span class='ocrx_word' id='word_1_372' title='bbox 3091 843 3229 907; x_wconf 80' lang='lat' dir='ltr'>dixi,</span> <span class='ocrx_word' id='word_1_373' title='bbox 3266 838 3536 909; x_wconf 73' lang='lat' dir='ltr'>exemplis</span> 
     </span>
     <span class='ocr_line' id='line_1_52' title="bbox 1946 931 3535 1022; baseline -0.014 -13"><span class='ocrx_word' id='word_1_374' title='bbox 1946 954 2110 1009; x_wconf 85' lang='lat' dir='ltr'>etiam</span> <span class='ocrx_word' id='word_1_375' title='bbox 2152 948 2509 1022; x_wconf 75' lang='lat' dir='ltr'>comprobare</span> <span class='ocrx_word' id='word_1_376' title='bbox 2554 955 2610 1000; x_wconf 87' lang='lat' dir='ltr'>et</span> <span class='ocrx_word' id='word_1_377' title='bbox 2650 939 2996 1013; x_wconf 83' lang='lat' dir='ltr'>persuadere,</span> <span class='ocrx_word' id='word_1_378' title='bbox 3027 934 3174 1005; x_wconf 83' lang='lat' dir='ltr'>quod</span> <span class='ocrx_word' id='word_1_379' title='bbox 3204 931 3535 1002; x_wconf 74' lang='lat' dir='ltr'>unigenitus</span> 
     </span>
     <span class='ocr_line' id='line_1_53' title="bbox 1949 1029 3536 1104; baseline -0.013 -5"><span class='ocrx_word' id='word_1_380' title='bbox 1949 1044 2130 1100; x_wconf 79' lang='lat' dir='ltr'>sactus</span> <span class='ocrx_word' id='word_1_381' title='bbox 2163 1043 2237 1098; x_wconf 85' lang='lat' dir='ltr'>sit</span> <span class='ocrx_word' id='word_1_382' title='bbox 2269 1042 2450 1104; x_wconf 89' lang='lat' dir='ltr'>homo,</span> <span class='ocrx_word' id='word_1_383' title='bbox 2482 1051 2539 1093; x_wconf 89' lang='lat' dir='ltr'>et</span> <span class='ocrx_word' id='word_1_384' title='bbox 2578 1036 2649 1092; x_wconf 84' lang='lat' dir='ltr'>sit</span> <span class='ocrx_word' id='word_1_385' title='bbox 2677 1032 2835 1096; x_wconf 86' lang='lat' dir='ltr'>Deus,</span> <span class='ocrx_word' id='word_1_386' title='bbox 2867 1029 3027 1083; x_wconf 86' lang='lat' dir='ltr'>etiam</span> <span class='ocrx_word' id='word_1_387' title='bbox 3065 1041 3187 1080; x_wconf 90' lang='lat' dir='ltr'>cum</span> <span class='ocrx_word' id='word_1_388' title='bbox 3238 1037 3432 1087; x_wconf 84' lang='lat' dir='ltr'>carne,</span> <span class='ocrx_word' id='word_1_389' title='bbox 3473 1038 3536 1078; x_wconf 82' lang='lat' dir='ltr'>ac</span> 
     </span>
     <span class='ocr_line' id='line_1_54' title="bbox 1949 1116 3554 1194; baseline -0.016 0"><span class='ocrx_word' id='word_1_390' title='bbox 1949 1153 2057 1194; x_wconf 85' lang='lat' dir='ltr'>nou</span> <span class='ocrx_word' id='word_1_391' title='bbox 2095 1145 2305 1191; x_wconf 86' lang='lat' dir='ltr'>tantum</span> <span class='ocrx_word' id='word_1_392' title='bbox 2336 1129 2656 1188; x_wconf 83' lang='lat' dir='ltr'>inhabitarit</span> <span class='ocrx_word' id='word_1_393' title='bbox 2688 1126 2742 1180; x_wconf 83' lang='lat' dir='ltr'>iu</span> <span class='ocrx_word' id='word_1_394' title='bbox 2781 1122 3021 1183; x_wconf 90' lang='lat' dir='ltr'>homine,</span> <span class='ocrx_word' id='word_1_395' title='bbox 3060 1118 3333 1188; x_wconf 80' lang='grc' dir='ltr'>Θεοφόρον</span> <span class='ocrx_word' id='word_1_396' title='bbox 3359 1116 3554 1187; x_wconf 65' lang='grc' dir='ltr'>ἱρςιιιι,</span> 
     </span>
     <span class='ocr_line' id='line_1_55' title="bbox 1948 1208 3537 1296; baseline -0.013 -11"><span class='ocrx_word' id='word_1_397' title='bbox 1948 1228 2205 1293; x_wconf 86' lang='lat' dir='ltr'>essiciens,</span> <span class='ocrx_word' id='word_1_398' title='bbox 2241 1235 2497 1296; x_wconf 75' lang='lat' dir='ltr'>tanquam</span> <span class='ocrx_word' id='word_1_399' title='bbox 2539 1220 2696 1284; x_wconf 80' lang='lat' dir='ltr'>aiios,</span> <span class='ocrx_word' id='word_1_400' title='bbox 2724 1216 2817 1287; x_wconf 88' lang='lat' dir='ltr'>qui</span> <span class='ocrx_word' id='word_1_401' title='bbox 2848 1212 3148 1270; x_wconf 78' lang='lat' dir='ltr'>divinitatis</span> <span class='ocrx_word' id='word_1_402' title='bbox 3179 1210 3355 1280; x_wconf 78' lang='lat' dir='ltr'>ipsius</span> <span class='ocrx_word' id='word_1_403' title='bbox 3386 1208 3537 1265; x_wconf 77' lang='lat' dir='ltr'>fuere</span> 
     </span>
     <span class='ocr_line' id='line_1_56' title="bbox 1949 1319 2254 1393; baseline -0.013 -16"><span class='ocrx_word' id='word_1_404' title='bbox 1949 1319 2254 1393; x_wconf 81' lang='lat' dir='ltr'>participes.</span> 
     </span>
    </p>
   </div>
   <div class='ocr_carea' id='block_1_14' title="bbox 2538 1465 2917 1525">
    <p class='ocr_par' dir='ltr' id='par_1_15' title="bbox 2538 1465 2917 1525">
     <span class='ocr_line' id='line_1_57' title="bbox 2538 1465 2917 1525; baseline -0.013 -1"><span class='ocrx_word' id='word_1_405' title='bbox 2538 1467 2693 1525; x_wconf 71' lang='lat' dir='ltr'>CAP.</span> <span class='ocrx_word' id='word_1_406' title='bbox 2730 1465 2917 1522; x_wconf 81' lang='lat' dir='ltr'>xviii.</span> 
     </span>
    </p>
   </div>
   <div class='ocr_carea' id='block_1_15' title="bbox 1952 1576 3537 1723">
    <p class='ocr_par' dir='ltr' id='par_1_16' title="bbox 1952 1576 3537 1723">
     <span class='ocr_line' id='line_1_58' title="bbox 1952 1576 3537 1654; baseline -0.005 -11"><span class='ocrx_word' id='word_1_407' title='bbox 1952 1587 2103 1654; x_wconf 77' lang='lat' dir='ltr'>Quod</span> <span class='ocrx_word' id='word_1_408' title='bbox 2126 1586 2443 1646; x_wconf 74' lang='lat' dir='ltr'>Emmanuel</span> <span class='ocrx_word' id='word_1_409' title='bbox 2474 1583 2641 1639; x_wconf 75' lang='lat' dir='ltr'>Deum</span> <span class='ocrx_word' id='word_1_410' title='bbox 2668 1582 2908 1637; x_wconf 75' lang='lat' dir='ltr'>habuerit</span> <span class='ocrx_word' id='word_1_411' title='bbox 2931 1580 3090 1636; x_wconf 79' lang='lat' dir='ltr'>aliter</span> <span class='ocrx_word' id='word_1_412' title='bbox 3118 1576 3537 1647; x_wconf 65' lang='lat' dir='ltr'>inhabitantes»,</span> 
     </span>
     <span class='ocr_line' id='line_1_59' title="bbox 2494 1668 2893 1723; baseline 0 -17"><span class='ocrx_word' id='word_1_413' title='bbox 2494 1693 2504 1699; x_wconf 80' lang='lat'><em>.</em></span> <span class='ocrx_word' id='word_1_414' title='bbox 2582 1669 2741 1723; x_wconf 82' lang='lat' dir='ltr'>qnam</span> <span class='ocrx_word' id='word_1_415' title='bbox 2781 1668 2893 1706; x_wconf 74' lang='lat' dir='ltr'>nos.</span> 
     </span>
    </p>
   </div>
   <div class='ocr_carea' id='block_1_16' title="bbox 1874 1764 3537 1834">
    <p class='ocr_par' dir='ltr' id='par_1_17' title="bbox 1874 1764 3537 1834">
     <span class='ocr_line' id='line_1_60' title="bbox 1874 1764 3537 1834; baseline -0.002 -11"><span class='ocrx_word' id='word_1_416' title='bbox 1874 1766 1920 1823; x_wconf 79' lang='lat' dir='ltr'>B</span> <span class='ocrx_word' id='word_1_417' title='bbox 2018 1769 2108 1826; x_wconf 77' lang='lat' dir='ltr'>Ait</span> <span class='ocrx_word' id='word_1_418' title='bbox 2133 1768 2330 1826; x_wconf 74' lang='lat' dir='ltr'>alicubi</span> <span class='ocrx_word' id='word_1_419' title='bbox 2358 1768 2508 1824; x_wconf 84' lang='lat' dir='ltr'>Deus</span> <span class='ocrx_word' id='word_1_420' title='bbox 2542 1766 2610 1823; x_wconf 82' lang='lat' dir='ltr'>de</span> <span class='ocrx_word' id='word_1_421' title='bbox 2647 1766 2842 1822; x_wconf 76' lang='lat' dir='ltr'>nobisz</span> <span class='ocrx_word' id='word_1_422' title='bbox 2873 1784 2894 1819; x_wconf 87' lang='grc' dir='ltr'>ι</span> <span class='ocrx_word' id='word_1_423' title='bbox 2925 1765 3255 1821; x_wconf 82' lang='lat' dir='ltr'>lnbabitabo</span> <span class='ocrx_word' id='word_1_424' title='bbox 3302 1764 3359 1821; x_wconf 92' lang='lat' dir='ltr'>in</span> <span class='ocrx_word' id='word_1_425' title='bbox 3390 1764 3537 1834; x_wconf 71' lang='lat' dir='ltr'>ipsis,</span> 
     </span>
    </p>
   </div>
   <div class='ocr_carea' id='block_1_17' title="bbox 1945 1856 3542 4392">
    <p class='ocr_par' dir='ltr' id='par_1_18' title="bbox 1947 1856 3542 3475">
     <span class='ocr_line' id='line_1_61' title="bbox 1948 1856 3538 1928; baseline -0.006 -9"><span class='ocrx_word' id='word_1_426' title='bbox 1948 1873 2004 1919; x_wconf 84' lang='lat' dir='ltr'>et</span> <span class='ocrx_word' id='word_1_427' title='bbox 2028 1859 2394 1924; x_wconf 72' lang='lat' dir='ltr'>inambuiabo,</span> <span class='ocrx_word' id='word_1_428' title='bbox 2434 1867 2490 1915; x_wconf 90' lang='lat' dir='ltr'>et</span> <span class='ocrx_word' id='word_1_429' title='bbox 2519 1872 2614 1913; x_wconf 85' lang='lat' dir='ltr'>ero</span> <span class='ocrx_word' id='word_1_430' title='bbox 2639 1857 2776 1928; x_wconf 83' lang='lat' dir='ltr'>ipsis</span> <span class='ocrx_word' id='word_1_431' title='bbox 2810 1856 2974 1922; x_wconf 82' lang='lat' dir='ltr'>Deus,</span> <span class='ocrx_word' id='word_1_432' title='bbox 3006 1865 3062 1911; x_wconf 89' lang='lat' dir='ltr'>et</span> <span class='ocrx_word' id='word_1_433' title='bbox 3085 1856 3192 1926; x_wconf 84' lang='lat' dir='ltr'>ipsi</span> <span class='ocrx_word' id='word_1_434' title='bbox 3224 1866 3389 1911; x_wconf 82' lang='lat' dir='ltr'>erunt</span> <span class='ocrx_word' id='word_1_435' title='bbox 3413 1857 3538 1910; x_wconf 79' lang='lat' dir='ltr'>mihi</span> 
     </span>
     <span class='ocr_line' id='line_1_62' title="bbox 1948 1946 3540 2024; baseline -0.003 -18"><span class='ocrx_word' id='word_1_436' title='bbox 1948 1953 2174 2024; x_wconf 77' lang='lat' dir='ltr'>populus</span> <span class='ocrx_word' id='word_1_437' title='bbox 2200 1951 2269 2008; x_wconf 82' lang='lat'><em>&#39;&#39;⁸.</em></span> <span class='ocrx_word' id='word_1_438' title='bbox 2303 1967 2324 2002; x_wconf 80' lang='grc' dir='ltr'>ι</span> <span class='ocrx_word' id='word_1_439' title='bbox 2366 1948 2476 2005; x_wconf 81' lang='lat' dir='ltr'>Nec</span> <span class='ocrx_word' id='word_1_440' title='bbox 2516 1962 2625 2004; x_wconf 88' lang='lat' dir='ltr'>non</span> <span class='ocrx_word' id='word_1_441' title='bbox 2663 1948 2828 2003; x_wconf 81' lang='lat' dir='ltr'>etiam</span> <span class='ocrx_word' id='word_1_442' title='bbox 2880 1948 2994 2019; x_wconf 85' lang='lat' dir='ltr'>ipse</span> <span class='ocrx_word' id='word_1_443' title='bbox 3043 1946 3319 2002; x_wconf 80' lang='lat' dir='ltr'>Dominus</span> <span class='ocrx_word' id='word_1_444' title='bbox 3364 1958 3540 2003; x_wconf 71' lang='lat' dir='ltr'>noem</span> 
     </span>
     <span class='ocr_line' id='line_1_63' title="bbox 1947 2038 3539 2111; baseline -0.003 -12"><span class='ocrx_word' id='word_1_445' title='bbox 1947 2043 2107 2102; x_wconf 87' lang='lat' dir='ltr'>Jesus</span> <span class='ocrx_word' id='word_1_446' title='bbox 2132 2039 2382 2098; x_wconf 87' lang='lat' dir='ltr'>Christus</span> <span class='ocrx_word' id='word_1_447' title='bbox 2414 2057 2430 2096; x_wconf 77' lang='grc' dir='ltr'>ι</span> <span class='ocrx_word' id='word_1_448' title='bbox 2475 2058 2496 2093; x_wconf 89' lang='grc' dir='ltr'>ι</span> <span class='ocrx_word' id='word_1_449' title='bbox 2526 2038 2666 2096; x_wconf 85' lang='lat' dir='ltr'>Ecce</span> <span class='ocrx_word' id='word_1_450' title='bbox 2694 2053 2795 2111; x_wconf 72' lang='lat' dir='ltr'>ego</span> <span class='ocrx_word' id='word_1_451' title='bbox 2843 2038 3038 2106; x_wconf 76' lang='lat' dir='ltr'>veuio;</span> <span class='ocrx_word' id='word_1_452' title='bbox 3072 2050 3133 2093; x_wconf 89' lang='lat' dir='ltr'>et</span> <span class='ocrx_word' id='word_1_453' title='bbox 3162 2039 3211 2094; x_wconf 85' lang='lat' dir='ltr'>si</span> <span class='ocrx_word' id='word_1_454' title='bbox 3252 2039 3380 2109; x_wconf 78' lang='lat' dir='ltr'>quis</span> <span class='ocrx_word' id='word_1_455' title='bbox 3413 2040 3539 2095; x_wconf 83' lang='lat' dir='ltr'>mihi</span> 
     </span>
     <span class='ocr_line' id='line_1_64' title="bbox 1948 2129 3542 2206; baseline -0.003 -15"><span class='ocrx_word' id='word_1_456' title='bbox 1948 2134 2241 2206; x_wconf 85' lang='lat' dir='ltr'>aperuerit,</span> <span class='ocrx_word' id='word_1_457' title='bbox 2296 2132 2507 2188; x_wconf 80' lang='lat' dir='ltr'>intrabo</span> <span class='ocrx_word' id='word_1_458' title='bbox 2550 2146 2672 2201; x_wconf 76' lang='lat' dir='ltr'>ego,</span> <span class='ocrx_word' id='word_1_459' title='bbox 2724 2138 2780 2185; x_wconf 90' lang='lat' dir='ltr'>et</span> <span class='ocrx_word' id='word_1_460' title='bbox 2819 2129 2958 2202; x_wconf 84' lang='lat' dir='ltr'>apud</span> <span class='ocrx_word' id='word_1_461' title='bbox 2994 2146 3125 2184; x_wconf 90' lang='lat' dir='ltr'>eum</span> <span class='ocrx_word' id='word_1_462' title='bbox 3184 2133 3446 2195; x_wconf 84' lang='lat' dir='ltr'>coenabo,</span> <span class='ocrx_word' id='word_1_463' title='bbox 3489 2142 3542 2187; x_wconf 78' lang='lat' dir='ltr'>et</span> 
     </span>
     <span class='ocr_line' id='line_1_65' title="bbox 1948 2222 3540 2294; baseline -0.001 -13"><span class='ocrx_word' id='word_1_464' title='bbox 1948 2225 2129 2292; x_wconf 85' lang='lat' dir='ltr'>Pater,</span> <span class='ocrx_word' id='word_1_465' title='bbox 2152 2232 2206 2282; x_wconf 74' lang='lat' dir='ltr'>et</span> <span class='ocrx_word' id='word_1_466' title='bbox 2234 2225 2300 2279; x_wconf 82' lang='lat' dir='ltr'>ad</span> <span class='ocrx_word' id='word_1_467' title='bbox 2329 2238 2452 2277; x_wconf 89' lang='lat' dir='ltr'>eum</span> <span class='ocrx_word' id='word_1_468' title='bbox 2474 2223 2771 2287; x_wconf 81' lang='lat' dir='ltr'>veniemus,</span> <span class='ocrx_word' id='word_1_469' title='bbox 2803 2231 2858 2277; x_wconf 90' lang='lat' dir='ltr'>et</span> <span class='ocrx_word' id='word_1_470' title='bbox 2879 2222 3231 2279; x_wconf 84' lang='lat' dir='ltr'>mansionem</span> <span class='ocrx_word' id='word_1_471' title='bbox 3258 2225 3403 2294; x_wconf 77' lang='lat' dir='ltr'>apud</span> <span class='ocrx_word' id='word_1_472' title='bbox 3424 2239 3540 2279; x_wconf 77' lang='lat' dir='ltr'>eunt</span> 
     </span>
     <span class='ocr_line' id='line_1_66' title="bbox 1949 2314 3535 2385; baseline -0.002 -12"><span class='ocrx_word' id='word_1_473' title='bbox 1949 2318 2209 2374; x_wconf 78' lang='lat' dir='ltr'>faciemus</span> <span class='ocrx_word' id='word_1_474' title='bbox 2227 2315 2296 2372; x_wconf 75' lang='lat'>¹⁸.</span> <span class='ocrx_word' id='word_1_475' title='bbox 2331 2335 2351 2369; x_wconf 80' lang='grc' dir='ltr'>ι</span> <span class='ocrx_word' id='word_1_476' title='bbox 2390 2314 2661 2371; x_wconf 83' lang='lat' dir='ltr'>Nominati</span> <span class='ocrx_word' id='word_1_477' title='bbox 2691 2329 2880 2371; x_wconf 85' lang='lat' dir='ltr'>sumus</span> <span class='ocrx_word' id='word_1_478' title='bbox 2900 2314 3067 2371; x_wconf 86' lang='lat' dir='ltr'>etiam</span> <span class='ocrx_word' id='word_1_479' title='bbox 3095 2316 3374 2385; x_wconf 85' lang='lat' dir='ltr'>tempium</span> <span class='ocrx_word' id='word_1_480' title='bbox 3412 2315 3535 2371; x_wconf 80' lang='lat' dir='ltr'>Dei:</span> 
     </span>
     <span class='ocr_line' id='line_1_67' title="bbox 1954 2404 3537 2479; baseline -0.001 -16"><span class='ocrx_word' id='word_1_481' title='bbox 1954 2430 1974 2463; x_wconf 83' lang='grc' dir='ltr'>ι</span> <span class='ocrx_word' id='word_1_482' title='bbox 2010 2411 2113 2468; x_wconf 84' lang='lat' dir='ltr'>Vos</span> <span class='ocrx_word' id='word_1_483' title='bbox 2153 2409 2319 2475; x_wconf 69' lang='lat' dir='ltr'>einim,</span> <span class='ocrx_word' id='word_1_484' title='bbox 2370 2406 2564 2479; x_wconf 84' lang='lat' dir='ltr'>inquit,</span> <span class='ocrx_word' id='word_1_485' title='bbox 2601 2405 2797 2476; x_wconf 77' lang='lat' dir='ltr'>tempta</span> <span class='ocrx_word' id='word_1_486' title='bbox 2825 2406 2957 2462; x_wconf 86' lang='lat' dir='ltr'>estis</span> <span class='ocrx_word' id='word_1_487' title='bbox 3002 2404 3101 2460; x_wconf 85' lang='lat' dir='ltr'>Dei</span> <span class='ocrx_word' id='word_1_488' title='bbox 3152 2407 3268 2462; x_wconf 77' lang='lat' dir='ltr'>vivi</span> <span class='ocrx_word' id='word_1_489' title='bbox 3312 2408 3382 2461; x_wconf 76' lang='lat'>¹⁸.</span> <span class='ocrx_word' id='word_1_490' title='bbox 3410 2424 3431 2459; x_wconf 81' lang='grc' dir='ltr'>ι</span> <span class='ocrx_word' id='word_1_491' title='bbox 3479 2407 3537 2462; x_wconf 76' lang='lat' dir='ltr'>Et</span> 
     </span>
     <span class='ocr_line' id='line_1_68' title="bbox 1952 2497 3533 2571; baseline -0.001 -14"><span class='ocrx_word' id='word_1_492' title='bbox 1952 2516 2139 2557; x_wconf 89' lang='lat' dir='ltr'>rursus</span> <span class='ocrx_word' id='word_1_493' title='bbox 2159 2520 2174 2558; x_wconf 78' lang='grc' dir='ltr'>ι</span> <span class='ocrx_word' id='word_1_494' title='bbox 2193 2520 2214 2555; x_wconf 87' lang='grc' dir='ltr'>ι</span> <span class='ocrx_word' id='word_1_495' title='bbox 2233 2500 2464 2558; x_wconf 73' lang='lat' dir='ltr'>Nescitis</span> <span class='ocrx_word' id='word_1_496' title='bbox 2478 2513 2703 2571; x_wconf 85' lang='lat' dir='ltr'>corpora</span> <span class='ocrx_word' id='word_1_497' title='bbox 2727 2507 2905 2554; x_wconf 80' lang='lat' dir='ltr'>vestra</span> <span class='ocrx_word' id='word_1_498' title='bbox 2928 2497 3206 2569; x_wconf 84' lang='lat' dir='ltr'>templum</span> <span class='ocrx_word' id='word_1_499' title='bbox 3237 2514 3365 2555; x_wconf 79' lang='lat' dir='ltr'>esse</span> <span class='ocrx_word' id='word_1_500' title='bbox 3385 2500 3533 2569; x_wconf 88' lang='lat' dir='ltr'>Spiri-</span> 
     </span>
     <span class='ocr_line' id='line_1_69' title="bbox 1953 2588 3519 2663; baseline -0.004 -13"><span class='ocrx_word' id='word_1_501' title='bbox 1953 2603 2037 2650; x_wconf 87' lang='lat' dir='ltr'>tus</span> <span class='ocrx_word' id='word_1_502' title='bbox 2063 2592 2259 2662; x_wconf 83' lang='lat' dir='ltr'>sancti,</span> <span class='ocrx_word' id='word_1_503' title='bbox 2283 2592 2372 2663; x_wconf 92' lang='lat' dir='ltr'>qui</span> <span class='ocrx_word' id='word_1_504' title='bbox 2399 2600 2482 2647; x_wconf 88' lang='lat' dir='ltr'>est</span> <span class='ocrx_word' id='word_1_505' title='bbox 2518 2591 2569 2645; x_wconf 90' lang='lat' dir='ltr'>in</span> <span class='ocrx_word' id='word_1_506' title='bbox 2597 2590 2770 2657; x_wconf 75' lang='lat' dir='ltr'>vobiS,</span> <span class='ocrx_word' id='word_1_507' title='bbox 2793 2604 2951 2658; x_wconf 89' lang='lat' dir='ltr'>quem</span> <span class='ocrx_word' id='word_1_508' title='bbox 2975 2588 3208 2646; x_wconf 88' lang='lat' dir='ltr'>habetis</span> <span class='ocrx_word' id='word_1_509' title='bbox 3229 2607 3261 2645; x_wconf 87' lang='lat' dir='ltr'>a</span> <span class='ocrx_word' id='word_1_510' title='bbox 3283 2592 3396 2647; x_wconf 83' lang='lat' dir='ltr'>Deo</span> <span class='ocrx_word' id='word_1_511' title='bbox 3410 2591 3519 2646; x_wconf 73' lang='lat'>&#39;⁸20</span> 
     </span>
     <span class='ocr_line' id='line_1_70' title="bbox 1958 2681 3509 2751; baseline -0.001 -13"><span class='ocrx_word' id='word_1_512' title='bbox 1958 2683 2151 2739; x_wconf 85' lang='lat' dir='ltr'>Verum</span> <span class='ocrx_word' id='word_1_513' title='bbox 2172 2684 2217 2739; x_wconf 86' lang='lat' dir='ltr'>si</span> <span class='ocrx_word' id='word_1_514' title='bbox 2242 2683 2317 2737; x_wconf 80' lang='lat' dir='ltr'>ita</span> <span class='ocrx_word' id='word_1_515' title='bbox 2343 2683 2514 2749; x_wconf 86' lang='lat' dir='ltr'>aiunt,</span> <span class='ocrx_word' id='word_1_516' title='bbox 2536 2684 2710 2751; x_wconf 85' lang='lat' dir='ltr'>ipsum</span> <span class='ocrx_word' id='word_1_517' title='bbox 2746 2694 2962 2751; x_wconf 88' lang='lat' dir='ltr'>quoque</span> <span class='ocrx_word' id='word_1_518' title='bbox 2986 2694 3046 2736; x_wconf 87' lang='lat' dir='ltr'>se</span> <span class='ocrx_word' id='word_1_519' title='bbox 3077 2681 3307 2739; x_wconf 84' lang='lat' dir='ltr'>habere</span> <span class='ocrx_word' id='word_1_520' title='bbox 3337 2684 3509 2738; x_wconf 74' lang='lat' dir='ltr'>Enna·</span> 
     </span>
     <span class='ocr_line' id='line_1_71' title="bbox 1951 2775 3513 2845; baseline -0.001 -14"><span class='ocrx_word' id='word_1_521' title='bbox 1951 2775 2096 2840; x_wconf 87' lang='lat' dir='ltr'>nuci,</span> <span class='ocrx_word' id='word_1_522' title='bbox 2111 2785 2187 2842; x_wconf 90' lang='lat' dir='ltr'>et,</span> <span class='ocrx_word' id='word_1_523' title='bbox 2201 2782 2457 2845; x_wconf 85' lang='lat' dir='ltr'>tanquam</span> <span class='ocrx_word' id='word_1_524' title='bbox 2479 2785 2919 2843; x_wconf 88' lang='lat' dir='ltr'>unumquemque</span> <span class='ocrx_word' id='word_1_525' title='bbox 2933 2784 3054 2827; x_wconf 84' lang='lat' dir='ltr'>nost</span> <span class='ocrx_word' id='word_1_526' title='bbox 3068 2789 3227 2842; x_wconf 88' lang='lat' dir='ltr'>rum,</span> <span class='ocrx_word' id='word_1_527' title='bbox 3249 2775 3513 2830; x_wconf 73' lang='lat' dir='ltr'>inhabitan-</span> 
     </span>
     <span class='ocr_line' id='line_1_72' title="bbox 1954 2862 3526 2935; baseline -0.001 -15"><span class='ocrx_word' id='word_1_528' title='bbox 1954 2873 2062 2920; x_wconf 89' lang='lat' dir='ltr'>tem</span> <span class='ocrx_word' id='word_1_529' title='bbox 2080 2865 2131 2920; x_wconf 87' lang='lat' dir='ltr'>in</span> <span class='ocrx_word' id='word_1_530' title='bbox 2148 2878 2269 2922; x_wconf 81' lang='lat' dir='ltr'>sese</span> <span class='ocrx_word' id='word_1_531' title='bbox 2284 2863 2451 2918; x_wconf 86' lang='lat' dir='ltr'>Deum</span> <span class='ocrx_word' id='word_1_532' title='bbox 2475 2862 2752 2928; x_wconf 82' lang='lat' dir='ltr'>habuisse,</span> <span class='ocrx_word' id='word_1_533' title='bbox 2780 2871 2966 2932; x_wconf 84' lang='lat' dir='ltr'>aperte</span> <span class='ocrx_word' id='word_1_534' title='bbox 2982 2864 3408 2935; x_wconf 69' lang='lat' dir='ltr'>confiteantur,</span> <span class='ocrx_word' id='word_1_535' title='bbox 3424 2880 3526 2920; x_wconf 73' lang='lat' dir='ltr'>eun</span> 
     </span>
     <span class='ocr_line' id='line_1_73' title="bbox 1952 2950 3533 3026; baseline 0.002 -19"><span class='ocrx_word' id='word_1_536' title='bbox 1952 2952 2123 3023; x_wconf 84' lang='lat' dir='ltr'>ipsum</span> <span class='ocrx_word' id='word_1_537' title='bbox 2174 2950 2391 3006; x_wconf 83' lang='lat' dir='ltr'>adorari</span> <span class='ocrx_word' id='word_1_538' title='bbox 2435 2950 2799 3019; x_wconf 85' lang='lat' dir='ltr'>conspiciunt,</span> <span class='ocrx_word' id='word_1_539' title='bbox 2837 2962 2945 3006; x_wconf 86' lang='lat' dir='ltr'>tam</span> <span class='ocrx_word' id='word_1_540' title='bbox 2983 2966 3015 3006; x_wconf 88' lang='lat' dir='ltr'>a</span> <span class='ocrx_word' id='word_1_541' title='bbox 3061 2954 3257 3022; x_wconf 87' lang='lat' dir='ltr'>nobis,</span> <span class='ocrx_word' id='word_1_542' title='bbox 3292 2971 3450 3026; x_wconf 77' lang='lat' dir='ltr'>quain</span> <span class='ocrx_word' id='word_1_543' title='bbox 3473 2955 3533 3010; x_wconf 76' lang='lat' dir='ltr'>ab</span> 
     </span>
     <span class='ocr_line' id='line_1_74' title="bbox 1951 3040 3535 3115; baseline 0.002 -16"><span class='ocrx_word' id='word_1_544' title='bbox 1951 3041 2173 3115; x_wconf 77' lang='lat' dir='ltr'>angelis,</span> <span class='ocrx_word' id='word_1_545' title='bbox 2204 3041 2258 3098; x_wconf 88' lang='lat' dir='ltr'>in</span> <span class='ocrx_word' id='word_1_546' title='bbox 2294 3040 2432 3099; x_wconf 86' lang='lat' dir='ltr'>coelo</span> <span class='ocrx_word' id='word_1_547' title='bbox 2457 3044 2663 3112; x_wconf 88' lang='lat' dir='ltr'>pariter</span> <span class='ocrx_word' id='word_1_548' title='bbox 2690 3051 2745 3099; x_wconf 87' lang='lat' dir='ltr'>et</span> <span class='ocrx_word' id='word_1_549' title='bbox 2768 3042 2823 3098; x_wconf 90' lang='lat' dir='ltr'>in</span> <span class='ocrx_word' id='word_1_550' title='bbox 2858 3051 3025 3111; x_wconf 83' lang='lat' dir='ltr'>terra,</span> <span class='ocrx_word' id='word_1_551' title='bbox 3057 3046 3409 3104; x_wconf 78' lang='lat' dir='ltr'>crubescant</span> <span class='ocrx_word' id='word_1_552' title='bbox 3428 3056 3535 3103; x_wconf 75' lang='lat' dir='ltr'>tan·</span> 
     </span>
     <span class='ocr_line' id='line_1_75' title="bbox 1954 3134 3537 3207; baseline 0.004 -16"><span class='ocrx_word' id='word_1_553' title='bbox 1954 3152 2112 3207; x_wconf 90' lang='lat' dir='ltr'>quam</span> <span class='ocrx_word' id='word_1_554' title='bbox 2158 3136 2373 3192; x_wconf 71' lang='lat' dir='ltr'>diversa</span> <span class='ocrx_word' id='word_1_555' title='bbox 2418 3134 2705 3207; x_wconf 81' lang='lat' dir='ltr'>alienaque</span> <span class='ocrx_word' id='word_1_556' title='bbox 2752 3136 3073 3202; x_wconf 79' lang='lat' dir='ltr'>sentientes,</span> <span class='ocrx_word' id='word_1_557' title='bbox 3107 3147 3170 3195; x_wconf 83' lang='lat' dir='ltr'>et</span> <span class='ocrx_word' id='word_1_558' title='bbox 3215 3139 3537 3196; x_wconf 68' lang='lat' dir='ltr'>Linteum</span> 
     </span>
     <span class='ocr_line' id='line_1_76' title="bbox 1954 3227 3538 3297; baseline 0.002 -14"><span class='ocrx_word' id='word_1_559' title='bbox 1954 3241 2233 3284; x_wconf 87' lang='lat' dir='ltr'>sacrarum</span> <span class='ocrx_word' id='word_1_560' title='bbox 2274 3227 2606 3297; x_wconf 82' lang='lat' dir='ltr'>propositum</span> <span class='ocrx_word' id='word_1_561' title='bbox 2643 3229 2963 3294; x_wconf 88' lang='lat' dir='ltr'>nescientes,</span> <span class='ocrx_word' id='word_1_562' title='bbox 3008 3244 3119 3285; x_wconf 85' lang='lat' dir='ltr'>nec</span> <span class='ocrx_word' id='word_1_563' title='bbox 3171 3232 3443 3287; x_wconf 80' lang='lat' dir='ltr'>babentes</span> <span class='ocrx_word' id='word_1_564' title='bbox 3489 3233 3538 3286; x_wconf 76' lang='lat' dir='ltr'>ia</span> 
     </span>
     <span class='ocr_line' id='line_1_77' title="bbox 1953 3318 3538 3395; baseline 0.003 -20"><span class='ocrx_word' id='word_1_565' title='bbox 1953 3332 2013 3375; x_wconf 85' lang='lat' dir='ltr'>se</span> <span class='ocrx_word' id='word_1_566' title='bbox 2044 3318 2224 3384; x_wconf 84' lang='lat' dir='ltr'>fidem,</span> <span class='ocrx_word' id='word_1_567' title='bbox 2258 3333 2420 3389; x_wconf 84' lang='lat' dir='ltr'>quam</span> <span class='ocrx_word' id='word_1_568' title='bbox 2458 3319 2614 3374; x_wconf 90' lang='lat' dir='ltr'>nobis</span> <span class='ocrx_word' id='word_1_569' title='bbox 2646 3319 3004 3385; x_wconf 84' lang='lat' dir='ltr'>tradiderunt,</span> <span class='ocrx_word' id='word_1_570' title='bbox 3052 3323 3152 3391; x_wconf 89' lang='lat' dir='ltr'>qui</span> <span class='ocrx_word' id='word_1_571' title='bbox 3191 3324 3250 3378; x_wconf 90' lang='lat' dir='ltr'>in</span> <span class='ocrx_word' id='word_1_572' title='bbox 3283 3324 3538 3395; x_wconf 85' lang='lat' dir='ltr'>principio</span> 
     </span>
     <span class='ocr_line' id='line_1_78' title="bbox 1952 3406 3107 3475; baseline 0.002 -12"><span class='ocrx_word' id='word_1_573' title='bbox 1952 3418 2007 3464; x_wconf 92' lang='lat' dir='ltr'>et</span> <span class='ocrx_word' id='word_1_574' title='bbox 2030 3408 2303 3475; x_wconf 85' lang='lat' dir='ltr'>viderunt,</span> <span class='ocrx_word' id='word_1_575' title='bbox 2336 3417 2393 3463; x_wconf 90' lang='lat' dir='ltr'>et</span> <span class='ocrx_word' id='word_1_576' title='bbox 2423 3407 2867 3465; x_wconf 77' lang='lat' dir='ltr'>ministraverunt</span> <span class='ocrx_word' id='word_1_577' title='bbox 2901 3406 3107 3465; x_wconf 80' lang='lat' dir='ltr'>Verbo.</span> 
     </span>
    </p>

    <p class='ocr_par' dir='ltr' id='par_1_19' title="bbox 1945 3500 3534 4392">
     <span class='ocr_line' id='line_1_79' title="bbox 2025 3500 3534 3574; baseline 0.003 -19"><span class='ocrx_word' id='word_1_578' title='bbox 2025 3500 2083 3555; x_wconf 90' lang='lat' dir='ltr'>Si</span> <span class='ocrx_word' id='word_1_579' title='bbox 2122 3511 2303 3554; x_wconf 82' lang='lat' dir='ltr'>autern</span> <span class='ocrx_word' id='word_1_580' title='bbox 2346 3500 2548 3566; x_wconf 84' lang='lat' dir='ltr'>dicant,</span> <span class='ocrx_word' id='word_1_581' title='bbox 2582 3501 2725 3571; x_wconf 88' lang='lat' dir='ltr'>quod</span> <span class='ocrx_word' id='word_1_582' title='bbox 2754 3509 3038 3570; x_wconf 82' lang='lat' dir='ltr'>propterea</span> <span class='ocrx_word' id='word_1_583' title='bbox 3084 3503 3240 3560; x_wconf 86' lang='lat' dir='ltr'>Deus</span> <span class='ocrx_word' id='word_1_584' title='bbox 3271 3505 3368 3574; x_wconf 87' lang='lat' dir='ltr'>sit,</span> <span class='ocrx_word' id='word_1_585' title='bbox 3402 3515 3453 3561; x_wconf 85' lang='lat' dir='ltr'>et</span> <span class='ocrx_word' id='word_1_586' title='bbox 3481 3514 3534 3559; x_wconf 91' lang='grc' dir='ltr'>ιιι</span> 
     </span>
     <span class='ocr_line' id='line_1_80' title="bbox 1952 3591 3529 3662; baseline 0.004 -16"><span class='ocrx_word' id='word_1_587' title='bbox 1952 3591 2094 3646; x_wconf 87' lang='lat' dir='ltr'>Deus</span> <span class='ocrx_word' id='word_1_588' title='bbox 2121 3591 2472 3662; x_wconf 77' lang='lat' dir='ltr'>giori-iicetur,</span> <span class='ocrx_word' id='word_1_589' title='bbox 2506 3593 2632 3662; x_wconf 83' lang='lat' dir='ltr'>quia</span> <span class='ocrx_word' id='word_1_590' title='bbox 2665 3593 2718 3646; x_wconf 92' lang='lat' dir='ltr'>iu</span> <span class='ocrx_word' id='word_1_591' title='bbox 2742 3607 2810 3649; x_wconf 90' lang='lat' dir='ltr'>eo</span> <span class='ocrx_word' id='word_1_592' title='bbox 2834 3601 3037 3648; x_wconf 88' lang='lat' dir='ltr'>tantum</span> <span class='ocrx_word' id='word_1_593' title='bbox 3071 3594 3416 3654; x_wconf 75' lang='lat' dir='ltr'>inhabitarit</span> <span class='ocrx_word' id='word_1_594' title='bbox 3442 3599 3529 3653; x_wconf 87' lang='lat' dir='ltr'>Dei</span> 
     </span>
     <span class='ocr_line' id='line_1_81' title="bbox 1949 3684 3528 3759; baseline 0.004 -19"><span class='ocrx_word' id='word_1_595' title='bbox 1949 3685 2125 3741; x_wconf 79' lang='lat' dir='ltr'>Patris</span> <span class='ocrx_word' id='word_1_596' title='bbox 2164 3684 2437 3750; x_wconf 84' lang='lat' dir='ltr'>Verbum,</span> <span class='ocrx_word' id='word_1_597' title='bbox 2476 3699 2539 3739; x_wconf 87' lang='lat' dir='ltr'>ac</span> <span class='ocrx_word' id='word_1_598' title='bbox 2570 3701 2676 3741; x_wconf 89' lang='lat' dir='ltr'>non</span> <span class='ocrx_word' id='word_1_599' title='bbox 2719 3696 3024 3757; x_wconf 86' lang='lat' dir='ltr'>propterea,</span> <span class='ocrx_word' id='word_1_600' title='bbox 3067 3688 3200 3759; x_wconf 86' lang='lat' dir='ltr'>quia</span> <span class='ocrx_word' id='word_1_601' title='bbox 3245 3690 3424 3746; x_wconf 78' lang='lat' dir='ltr'>sactus</span> <span class='ocrx_word' id='word_1_602' title='bbox 3460 3692 3528 3746; x_wconf 85' lang='lat' dir='ltr'>sit</span> 
     </span>
     <span class='ocr_line' id='line_1_82' title="bbox 1949 3775 3527 3850; baseline 0.003 -18"><span class='ocrx_word' id='word_1_603' title='bbox 1949 3777 2147 3844; x_wconf 88' lang='lat' dir='ltr'>homo;</span> <span class='ocrx_word' id='word_1_604' title='bbox 2170 3778 2391 3833; x_wconf 89' lang='lat' dir='ltr'>audient</span> <span class='ocrx_word' id='word_1_605' title='bbox 2412 3792 2601 3834; x_wconf 84' lang='lat' dir='ltr'>rursus</span> <span class='ocrx_word' id='word_1_606' title='bbox 2629 3794 2656 3832; x_wconf 83' lang='lat' dir='ltr'>a</span> <span class='ocrx_word' id='word_1_607' title='bbox 2683 3778 2836 3833; x_wconf 88' lang='lat' dir='ltr'>nobis</span> <span class='ocrx_word' id='word_1_608' title='bbox 2864 3775 2958 3833; x_wconf 89' lang='lat' dir='ltr'>:Si</span> <span class='ocrx_word' id='word_1_609' title='bbox 2982 3779 3074 3848; x_wconf 84' lang='lat' dir='ltr'>iis,</span> <span class='ocrx_word' id='word_1_610' title='bbox 3098 3782 3194 3850; x_wconf 86' lang='lat' dir='ltr'>qui</span> <span class='ocrx_word' id='word_1_611' title='bbox 3223 3781 3527 3839; x_wconf 84' lang='lat' dir='ltr'>inhabitan-</span> 
     </span>
     <span class='ocr_line' id='line_1_83' title="bbox 1951 3867 3525 3939; baseline 0.003 -16"><span class='ocrx_word' id='word_1_612' title='bbox 1951 3878 2058 3927; x_wconf 87' lang='lat' dir='ltr'>tem</span> <span class='ocrx_word' id='word_1_613' title='bbox 2093 3870 2144 3924; x_wconf 92' lang='lat' dir='ltr'>in</span> <span class='ocrx_word' id='word_1_614' title='bbox 2182 3885 2241 3924; x_wconf 88' lang='lat' dir='ltr'>se</span> <span class='ocrx_word' id='word_1_615' title='bbox 2266 3867 2435 3924; x_wconf 85' lang='lat' dir='ltr'>Deum</span> <span class='ocrx_word' id='word_1_616' title='bbox 2468 3867 2774 3939; x_wconf 75' lang='lat' dir='ltr'>habuerint,</span> <span class='ocrx_word' id='word_1_617' title='bbox 2801 3870 2932 3925; x_wconf 84' lang='lat' dir='ltr'>satis</span> <span class='ocrx_word' id='word_1_618' title='bbox 2952 3879 3058 3931; x_wconf 85' lang='lat' dir='ltr'>est.</span> <span class='ocrx_word' id='word_1_619' title='bbox 3085 3879 3146 3926; x_wconf 84' lang='lat' dir='ltr'>ut</span> <span class='ocrx_word' id='word_1_620' title='bbox 3173 3873 3386 3931; x_wconf 59' lang='lat' dir='ltr'>idcirc„</span> <span class='ocrx_word' id='word_1_621' title='bbox 3405 3888 3525 3928; x_wconf 77' lang='lat' dir='ltr'>vere</span> 
     </span>
     <span class='ocr_line' id='line_1_84' title="bbox 1948 3961 3525 4034; baseline 0.001 -15"><span class='ocrx_word' id='word_1_622' title='bbox 1948 3963 2020 4019; x_wconf 88' lang='lat' dir='ltr'>dii</span> <span class='ocrx_word' id='word_1_623' title='bbox 2053 3977 2175 4019; x_wconf 84' lang='lat' dir='ltr'>esse</span> <span class='ocrx_word' id='word_1_624' title='bbox 2199 3963 2427 4034; x_wconf 87' lang='lat' dir='ltr'>possint,</span> <span class='ocrx_word' id='word_1_625' title='bbox 2454 3971 2511 4018; x_wconf 90' lang='lat' dir='ltr'>et</span> <span class='ocrx_word' id='word_1_626' title='bbox 2536 3963 2604 4016; x_wconf 88' lang='lat' dir='ltr'>ab</span> <span class='ocrx_word' id='word_1_627' title='bbox 2638 3962 2947 4017; x_wconf 84' lang='lat' dir='ltr'>hominihus</span> <span class='ocrx_word' id='word_1_628' title='bbox 2985 3961 3316 4031; x_wconf 85' lang='lat' dir='ltr'>adorentur,</span> <span class='ocrx_word' id='word_1_629' title='bbox 3343 3980 3525 4021; x_wconf 75' lang='lat' dir='ltr'>omnes</span> 
     </span>
     <span class='ocr_line' id='line_1_85' title="bbox 1946 4053 3523 4127; baseline -0.001 -16"><span class='ocrx_word' id='word_1_630' title='bbox 1946 4069 2080 4111; x_wconf 85' lang='lat' dir='ltr'>saue</span> <span class='ocrx_word' id='word_1_631' title='bbox 2113 4054 2288 4127; x_wconf 82' lang='lat' dir='ltr'>angeli</span> <span class='ocrx_word' id='word_1_632' title='bbox 2321 4055 2677 4124; x_wconf 81' lang='lat' dir='ltr'>hominesque</span> <span class='ocrx_word' id='word_1_633' title='bbox 2704 4057 2816 4109; x_wconf 90' lang='lat' dir='ltr'>sint</span> <span class='ocrx_word' id='word_1_634' title='bbox 2852 4053 2924 4108; x_wconf 92' lang='lat' dir='ltr'>dii</span> <span class='ocrx_word' id='word_1_635' title='bbox 2950 4062 3006 4109; x_wconf 91' lang='lat' dir='ltr'>et</span> <span class='ocrx_word' id='word_1_636' title='bbox 3033 4054 3346 4123; x_wconf 78' lang='lat' dir='ltr'>adorandi3</span> <span class='ocrx_word' id='word_1_637' title='bbox 3373 4058 3523 4112; x_wconf 82' lang='lat' dir='ltr'>inha-</span> 
     </span>
     <span class='ocr_line' id='line_1_86' title="bbox 1946 4142 3519 4212; baseline -0.002 -9"><span class='ocrx_word' id='word_1_638' title='bbox 1946 4147 2083 4203; x_wconf 86' lang='lat' dir='ltr'>bitat</span> <span class='ocrx_word' id='word_1_639' title='bbox 2103 4146 2245 4202; x_wconf 90' lang='lat' dir='ltr'>enim</span> <span class='ocrx_word' id='word_1_640' title='bbox 2280 4148 2422 4201; x_wconf 89' lang='lat' dir='ltr'>Deus</span> <span class='ocrx_word' id='word_1_641' title='bbox 2456 4146 2508 4200; x_wconf 91' lang='lat' dir='ltr'>in</span> <span class='ocrx_word' id='word_1_642' title='bbox 2540 4144 2741 4200; x_wconf 83' lang='lat' dir='ltr'>sanctis</span> <span class='ocrx_word' id='word_1_643' title='bbox 2760 4142 2986 4212; x_wconf 78' lang='lat' dir='ltr'>angelis.</span> <span class='ocrx_word' id='word_1_644' title='bbox 3025 4142 3336 4204; x_wconf 77' lang='lat' dir='ltr'>Habuimus</span> <span class='ocrx_word' id='word_1_645' title='bbox 3362 4149 3519 4202; x_wconf 77' lang='lat' dir='ltr'>ctiam</span> 
     </span>
     <span class='ocr_line' id='line_1_87' title="bbox 1947 4235 3518 4307; baseline 0.001 -13"><span class='ocrx_word' id='word_1_646' title='bbox 1947 4253 2045 4294; x_wconf 89' lang='lat' dir='ltr'>nos</span> <span class='ocrx_word' id='word_1_647' title='bbox 2078 4239 2255 4307; x_wconf 87' lang='lat' dir='ltr'>ipsum</span> <span class='ocrx_word' id='word_1_648' title='bbox 2284 4238 2336 4292; x_wconf 91' lang='lat' dir='ltr'>in</span> <span class='ocrx_word' id='word_1_649' title='bbox 2369 4236 2524 4292; x_wconf 89' lang='lat' dir='ltr'>nobis</span> <span class='ocrx_word' id='word_1_650' title='bbox 2548 4250 2645 4306; x_wconf 88' lang='lat' dir='ltr'>per</span> <span class='ocrx_word' id='word_1_651' title='bbox 2674 4235 2936 4305; x_wconf 90' lang='lat' dir='ltr'>Spiritum</span> <span class='ocrx_word' id='word_1_652' title='bbox 2966 4247 3254 4307; x_wconf 78' lang='lat' dir='ltr'>sanctum3</span> <span class='ocrx_word' id='word_1_653' title='bbox 3294 4242 3386 4295; x_wconf 77' lang='lat' dir='ltr'>sed</span> <span class='ocrx_word' id='word_1_654' title='bbox 3413 4256 3518 4295; x_wconf 74' lang='lat' dir='ltr'>no·</span> 
     </span>
     <span class='ocr_line' id='line_1_88' title="bbox 1945 4327 3519 4392; baseline 0.002 -8"><span class='ocrx_word' id='word_1_655' title='bbox 1945 4329 2142 4384; x_wconf 71' lang='lat' dir='ltr'>sufleit</span> <span class='ocrx_word' id='word_1_656' title='bbox 2166 4331 2267 4383; x_wconf 88' lang='lat' dir='ltr'>hoc</span> <span class='ocrx_word' id='word_1_657' title='bbox 2295 4328 2599 4392; x_wconf 82' lang='lat' dir='ltr'>ostendere,</span> <span class='ocrx_word' id='word_1_658' title='bbox 2634 4336 2825 4382; x_wconf 82' lang='lat' dir='ltr'>natura</span> <span class='ocrx_word' id='word_1_659' title='bbox 2848 4327 2976 4382; x_wconf 84' lang='lat' dir='ltr'>deos</span> <span class='ocrx_word' id='word_1_660' title='bbox 2996 4338 3052 4382; x_wconf 84' lang='lat' dir='ltr'>et</span> <span class='ocrx_word' id='word_1_661' title='bbox 3093 4330 3405 4386; x_wconf 84' lang='lat' dir='ltr'>adorandos</span> <span class='ocrx_word' id='word_1_662' title='bbox 3429 4345 3519 4387; x_wconf 78' lang='lat' dir='ltr'>eos</span> 
     </span>
    </p>
   </div>
   <div class='ocr_carea' id='block_1_18' title="bbox 285 4392 3517 4581">
    <p class='ocr_par' dir='ltr' id='par_1_20' title="bbox 285 4392 3517 4581">
     <span class='ocr_line' id='line_1_89' title="bbox 285 4392 3516 4505; baseline 0.008 -52"><span class='ocrx_word' id='word_1_663' title='bbox 285 4402 473 4456; x_wconf 84' lang='lat' dir='ltr'>heatus</span> <span class='ocrx_word' id='word_1_664' title='bbox 536 4397 755 4461; x_wconf 76' lang='lat' dir='ltr'>Paulus,</span> <span class='ocrx_word' id='word_1_665' title='bbox 808 4396 1116 4500; x_wconf 49' lang='grc' dir='ltr'>ϋῡῖἰξδῑϋῑῑξ</span> <span class='ocrx_word' id='word_1_666' title='bbox 1162 4395 1428 4499; x_wconf 37' lang='lat' dir='ltr'>{liebus-‘’-</span> <span class='ocrx_word' id='word_1_667' title='bbox 1460 4488 1471 4499; x_wconf 91' lang='lat'><strong>.</strong></span> <span class='ocrx_word' id='word_1_668' title='bbox 1500 4392 1605 4450; x_wconf 67' lang='lat' dir='ltr'>Sed</span> <span class='ocrx_word' id='word_1_669' title='bbox 1642 4409 1711 4448; x_wconf 66' lang='grc' dir='ltr'>ΒΘ</span> <span class='ocrx_word' id='word_1_670' title='bbox 1747 4410 1842 4464; x_wconf 69' lang='lat'>{³²-</span> <span class='ocrx_word' id='word_1_671' title='bbox 1875 4446 1921 4505; x_wconf 63' lang='grc' dir='ltr'><strong><em>Β</em></strong></span> <span class='ocrx_word' id='word_1_672' title='bbox 1946 4422 2038 4490; x_wconf 88' lang='lat' dir='ltr'>qui</span> <span class='ocrx_word' id='word_1_673' title='bbox 2075 4421 2272 4475; x_wconf 87' lang='lat' dir='ltr'>habent</span> <span class='ocrx_word' id='word_1_674' title='bbox 2306 4417 2566 4489; x_wconf 81' lang='lat' dir='ltr'>Spiritum</span> <span class='ocrx_word' id='word_1_675' title='bbox 2595 4429 2863 4474; x_wconf 79' lang='lat' dir='ltr'>sanctuni.</span> <span class='ocrx_word' id='word_1_676' title='bbox 2899 4418 3068 4488; x_wconf 77' lang='lat' dir='ltr'>igitur</span> <span class='ocrx_word' id='word_1_677' title='bbox 3098 4436 3205 4476; x_wconf 89' lang='lat' dir='ltr'>non</span> <span class='ocrx_word' id='word_1_678' title='bbox 3238 4432 3516 4494; x_wconf 79' lang='lat' dir='ltr'>propterea</span> 
     </span>
     <span class='ocr_line' id='line_1_90' title="bbox 287 4487 3517 4581; baseline 0.003 -36"><span class='ocrx_word' id='word_1_679' title='bbox 287 4509 399 4545; x_wconf 87' lang='lat' dir='ltr'>rum</span> <span class='ocrx_word' id='word_1_680' title='bbox 424 4493 726 4555; x_wconf 77' lang='lat' dir='ltr'>credauiuS,</span> <span class='ocrx_word' id='word_1_681' title='bbox 759 4492 904 4560; x_wconf 71' lang='lat' dir='ltr'>quod</span> <span class='ocrx_word' id='word_1_682' title='bbox 934 4505 1045 4558; x_wconf 81' lang='lat' dir='ltr'>ipse</span> <span class='ocrx_word' id='word_1_683' title='bbox 1074 4499 1143 4543; x_wconf 80' lang='lat' dir='ltr'>stt</span> <span class='ocrx_word' id='word_1_684' title='bbox 1173 4487 1262 4542; x_wconf 81' lang='lat' dir='ltr'>tile</span> <span class='ocrx_word' id='word_1_685' title='bbox 1284 4503 1373 4557; x_wconf 83' lang='lat' dir='ltr'>qui</span> <span class='ocrx_word' id='word_1_686' title='bbox 1401 4500 1563 4543; x_wconf 79' lang='lat' dir='ltr'>ettam</span> <span class='ocrx_word' id='word_1_687' title='bbox 1594 4496 1718 4541; x_wconf 86' lang='lat' dir='ltr'>ante</span> <span class='ocrx_word' id='word_1_688' title='bbox 1744 4502 1843 4541; x_wconf 78' lang='lat' dir='ltr'>sae·</span> <span class='ocrx_word' id='word_1_689' title='bbox 1946 4509 2091 4567; x_wconf 66' lang='lat' dir='ltr'>Deus</span> <span class='ocrx_word' id='word_1_690' title='bbox 2126 4521 2227 4574; x_wconf 53' lang='lat'>352,</span> <span class='ocrx_word' id='word_1_691' title='bbox 2255 4521 2307 4564; x_wconf 92' lang='lat' dir='ltr'>et</span> <span class='ocrx_word' id='word_1_692' title='bbox 2334 4498 2643 4566; x_wconf 57' lang='lat' dir='ltr'>adorandus</span> <span class='ocrx_word' id='word_1_693' title='bbox 2670 4509 3005 4576; x_wconf 57' lang='lat' dir='ltr'>Emmanuet,</span> <span class='ocrx_word' id='word_1_694' title='bbox 3027 4513 3175 4581; x_wconf 65' lang='lat' dir='ltr'>quod</span> <span class='ocrx_word' id='word_1_695' title='bbox 3201 4515 3517 4570; x_wconf 51' lang='lat' dir='ltr'>inhabitam</span> 
     </span>
    </p>
   </div>
   <div class='ocr_carea' id='block_1_19' title="bbox 283 4578 1846 4649">
    <p class='ocr_par' dir='ltr' id='par_1_21' title="bbox 283 4578 1846 4649">
     <span class='ocr_line' id='line_1_91' title="bbox 283 4578 1846 4649; baseline -0.006 -9"><span class='ocrx_word' id='word_1_696' title='bbox 283 4585 403 4640; x_wconf 81' lang='lat' dir='ltr'>cula</span> <span class='ocrx_word' id='word_1_697' title='bbox 463 4581 650 4649; x_wconf 83' lang='lat' dir='ltr'>Filius,</span> <span class='ocrx_word' id='word_1_698' title='bbox 704 4583 883 4637; x_wconf 78' lang='lat' dir='ltr'>intulit</span> <span class='ocrx_word' id='word_1_699' title='bbox 933 4583 1161 4636; x_wconf 75' lang='lat' dir='ltr'>statim:</span> <span class='ocrx_word' id='word_1_700' title='bbox 1201 4599 1221 4632; x_wconf 85' lang='grc' dir='ltr'>ι</span> <span class='ocrx_word' id='word_1_701' title='bbox 1249 4580 1350 4636; x_wconf 85' lang='lat' dir='ltr'>Per</span> <span class='ocrx_word' id='word_1_702' title='bbox 1398 4594 1554 4649; x_wconf 79' lang='lat' dir='ltr'>quem</span> <span class='ocrx_word' id='word_1_703' title='bbox 1611 4578 1741 4633; x_wconf 78' lang='lat' dir='ltr'>fecit</span> <span class='ocrx_word' id='word_1_704' title='bbox 1789 4586 1846 4631; x_wconf 89' lang='lat' dir='ltr'>et</span> 
     </span>
    </p>
   </div>
   <div class='ocr_carea' id='block_1_20' title="bbox 1943 4602 3515 4672">
    <p class='ocr_par' dir='ltr' id='par_1_22' title="bbox 1943 4602 3515 4672">
     <span class='ocr_line' id='line_1_92' title="bbox 1943 4602 3515 4672; baseline 0.004 -16"><span class='ocrx_word' id='word_1_705' title='bbox 1943 4602 1996 4656; x_wconf 88' lang='lat' dir='ltr'>in</span> <span class='ocrx_word' id='word_1_706' title='bbox 2030 4616 2114 4664; x_wconf 83' lang='lat' dir='ltr'>eo,</span> <span class='ocrx_word' id='word_1_707' title='bbox 2168 4612 2418 4672; x_wconf 79' lang='lat' dir='ltr'>tanquam</span> <span class='ocrx_word' id='word_1_708' title='bbox 2469 4604 2522 4656; x_wconf 89' lang='lat' dir='ltr'>in</span> <span class='ocrx_word' id='word_1_709' title='bbox 2572 4603 2788 4658; x_wconf 88' lang='lat' dir='ltr'>homine</span> <span class='ocrx_word' id='word_1_710' title='bbox 2829 4604 3125 4671; x_wconf 88' lang='lat' dir='ltr'>communi,</span> <span class='ocrx_word' id='word_1_711' title='bbox 3173 4615 3234 4661; x_wconf 91' lang='lat' dir='ltr'>et</span> <span class='ocrx_word' id='word_1_712' title='bbox 3276 4621 3515 4662; x_wconf 77' lang='lat' dir='ltr'>seorsum</span> 
     </span>
    </p>
   </div>
   <div class='ocr_carea' id='block_1_21' title="bbox 284 4669 3515 4768">
    <p class='ocr_par' dir='ltr' id='par_1_23' title="bbox 284 4669 3515 4768">
     <span class='ocr_line' id='line_1_93' title="bbox 284 4669 3515 4768; baseline -0.003 -36"><span class='ocrx_word' id='word_1_713' title='bbox 284 4676 475 4732; x_wconf 73' lang='lat' dir='ltr'>saecuia</span> <span class='ocrx_word' id='word_1_714' title='bbox 508 4676 586 4742; x_wconf 80' lang='lat'>⁷⁰,</span> <span class='ocrx_word' id='word_1_715' title='bbox 620 4693 640 4728; x_wconf 76' lang='grc' dir='ltr'>ι</span> <span class='ocrx_word' id='word_1_716' title='bbox 690 4674 1030 4743; x_wconf 85' lang='lat' dir='ltr'>splendorem</span> <span class='ocrx_word' id='word_1_717' title='bbox 1084 4674 1244 4728; x_wconf 85' lang='lat' dir='ltr'>etiam</span> <span class='ocrx_word' id='word_1_718' title='bbox 1282 4672 1464 4740; x_wconf 63' lang='lat' dir='ltr'>gloriae</span> <span class='ocrx_word' id='word_1_719' title='bbox 1509 4679 1562 4724; x_wconf 89' lang='lat' dir='ltr'>et</span> <span class='ocrx_word' id='word_1_720' title='bbox 1617 4669 1843 4733; x_wconf 61' lang='lat' dir='ltr'>(inuram</span> <span class='ocrx_word' id='word_1_721' title='bbox 1942 4693 2293 4764; x_wconf 56' lang='lat' dir='ltr'>&#39;meffigendo</span> <span class='ocrx_word' id='word_1_722' title='bbox 2339 4704 2394 4749; x_wconf 57' lang='lat' dir='ltr'>m</span> <span class='ocrx_word' id='word_1_723' title='bbox 2426 4697 2477 4748; x_wconf 64' lang='lat'>5„</span> <span class='ocrx_word' id='word_1_724' title='bbox 2508 4704 2659 4765; x_wconf 59' lang='lat' dir='ltr'>pane</span> <span class='ocrx_word' id='word_1_725' title='bbox 2697 4695 2865 4749; x_wconf 66' lang='lat' dir='ltr'>Deum</span> <span class='ocrx_word' id='word_1_726' title='bbox 2909 4692 3177 4762; x_wconf 56' lang='lat' dir='ltr'>Verbnm3</span> <span class='ocrx_word' id='word_1_727' title='bbox 3229 4699 3327 4752; x_wconf 60' lang='lat' dir='ltr'>sed</span> <span class='ocrx_word' id='word_1_728' title='bbox 3374 4699 3515 4768; x_wconf 63' lang='lat' dir='ltr'>quod</span> 
     </span>
    </p>
   </div>
   <div class='ocr_carea' id='block_1_22' title="bbox 282 4760 1844 5463">
    <p class='ocr_par' dir='ltr' id='par_1_24' title="bbox 285 4760 1508 4821">
     <span class='ocr_line' id='line_1_94' title="bbox 285 4760 1508 4821; baseline -0.007 -1"><span class='ocrx_word' id='word_1_729' title='bbox 285 4764 594 4821; x_wconf 70' lang='lat' dir='ltr'>substantiae</span> <span class='ocrx_word' id='word_1_730' title='bbox 627 4764 802 4818; x_wconf 81' lang='lat' dir='ltr'>Patris</span> <span class='ocrx_word' id='word_1_731' title='bbox 834 4778 953 4817; x_wconf 79' lang='lat' dir='ltr'>esse</span> <span class='ocrx_word' id='word_1_732' title='bbox 989 4776 1419 4816; x_wconf 74' lang='lat' dir='ltr'>commemorans</span> <span class='ocrx_word' id='word_1_733' title='bbox 1442 4760 1508 4812; x_wconf 78' lang='lat'>¹¹¹.</span> 
     </span>
    </p>

    <p class='ocr_par' dir='ltr' id='par_1_25' title="bbox 282 4847 1844 5463">
     <span class='ocr_line' id='line_1_95' title="bbox 355 4847 1844 4927; baseline -0.009 -11"><span class='ocrx_word' id='word_1_734' title='bbox 355 4860 526 4915; x_wconf 75' lang='lat' dir='ltr'>Hunno</span> <span class='ocrx_word' id='word_1_735' title='bbox 556 4861 714 4927; x_wconf 72' lang='lat' dir='ltr'>igitur</span> <span class='ocrx_word' id='word_1_736' title='bbox 742 4858 914 4913; x_wconf 81' lang='lat' dir='ltr'>sactus</span> <span class='ocrx_word' id='word_1_737' title='bbox 939 4865 1021 4912; x_wconf 87' lang='lat' dir='ltr'>est</span> <span class='ocrx_word' id='word_1_738' title='bbox 1063 4850 1190 4908; x_wconf 83' lang='lat' dir='ltr'>vct‘e</span> <span class='ocrx_word' id='word_1_739' title='bbox 1227 4851 1275 4906; x_wconf 87' lang='lat' dir='ltr'>is</span> <span class='ocrx_word' id='word_1_740' title='bbox 1315 4865 1411 4921; x_wconf 91' lang='lat' dir='ltr'>per</span> <span class='ocrx_word' id='word_1_741' title='bbox 1442 4863 1600 4919; x_wconf 88' lang='lat' dir='ltr'>quem</span> <span class='ocrx_word' id='word_1_742' title='bbox 1631 4847 1760 4904; x_wconf 79' lang='lat' dir='ltr'>fecit</span> <span class='ocrx_word' id='word_1_743' title='bbox 1788 4857 1844 4903; x_wconf 89' lang='lat' dir='ltr'>et</span> 
     </span>
     <span class='ocr_line' id='line_1_96' title="bbox 282 4941 1834 5017; baseline -0.014 -4"><span class='ocrx_word' id='word_1_744' title='bbox 282 4956 475 5013; x_wconf 71' lang='lat' dir='ltr'>:zucula</span> <span class='ocrx_word' id='word_1_745' title='bbox 506 4954 643 5008; x_wconf 88' lang='lat' dir='ltr'>Deus</span> <span class='ocrx_word' id='word_1_746' title='bbox 670 4953 864 5017; x_wconf 89' lang='lat' dir='ltr'>Pater;</span> <span class='ocrx_word' id='word_1_747' title='bbox 889 4956 945 5004; x_wconf 88' lang='lat' dir='ltr'>et</span> <span class='ocrx_word' id='word_1_748' title='bbox 975 4965 1101 5011; x_wconf 89' lang='lat' dir='ltr'>non,</span> <span class='ocrx_word' id='word_1_749' title='bbox 1134 4955 1191 4999; x_wconf 91' lang='lat' dir='ltr'>ut</span> <span class='ocrx_word' id='word_1_750' title='bbox 1221 4941 1460 4999; x_wconf 80' lang='lat' dir='ltr'>nonnulii</span> <span class='ocrx_word' id='word_1_751' title='bbox 1502 4941 1834 5004; x_wconf 84' lang='lat' dir='ltr'>existimant,</span> 
     </span>
     <span class='ocr_line' id='line_1_97' title="bbox 285 5032 1839 5108; baseline -0.012 -5"><span class='ocrx_word' id='word_1_752' title='bbox 285 5055 336 5103; x_wconf 91' lang='lat' dir='ltr'>in</span> <span class='ocrx_word' id='word_1_753' title='bbox 370 5047 588 5103; x_wconf 87' lang='lat' dir='ltr'>homine</span> <span class='ocrx_word' id='word_1_754' title='bbox 622 5045 741 5108; x_wconf 79' lang='lat' dir='ltr'>fuit,</span> <span class='ocrx_word' id='word_1_755' title='bbox 774 5054 830 5097; x_wconf 85' lang='lat' dir='ltr'>ut</span> <span class='ocrx_word' id='word_1_756' title='bbox 874 5049 1030 5096; x_wconf 88' lang='lat' dir='ltr'>homo</span> <span class='ocrx_word' id='word_1_757' title='bbox 1079 5036 1403 5107; x_wconf 77' lang='lat' dir='ltr'>intelligatur</span> <span class='ocrx_word' id='word_1_758' title='bbox 1444 5050 1475 5088; x_wconf 87' lang='lat' dir='ltr'>a</span> <span class='ocrx_word' id='word_1_759' title='bbox 1520 5032 1673 5088; x_wconf 90' lang='lat' dir='ltr'>uobis</span> <span class='ocrx_word' id='word_1_760' title='bbox 1720 5041 1839 5085; x_wconf 87' lang='lat' dir='ltr'>tan-</span> 
     </span>
     <span class='ocr_line' id='line_1_98' title="bbox 283 5121 1840 5210; baseline -0.015 -16"><span class='ocrx_word' id='word_1_761' title='bbox 283 5156 440 5210; x_wconf 77' lang='lat' dir='ltr'>quam</span> <span class='ocrx_word' id='word_1_762' title='bbox 471 5137 635 5191; x_wconf 89' lang='lat' dir='ltr'>Deum</span> <span class='ocrx_word' id='word_1_763' title='bbox 657 5130 860 5187; x_wconf 84' lang='lat' dir='ltr'>habeus</span> <span class='ocrx_word' id='word_1_764' title='bbox 884 5128 1295 5182; x_wconf 80' lang='lat' dir='ltr'>inhabitantem.</span> <span class='ocrx_word' id='word_1_765' title='bbox 1327 5121 1458 5176; x_wconf 86' lang='lat' dir='ltr'>Nam</span> <span class='ocrx_word' id='word_1_766' title='bbox 1486 5122 1530 5176; x_wconf 83' lang='lat' dir='ltr'>si</span> <span class='ocrx_word' id='word_1_767' title='bbox 1558 5121 1672 5174; x_wconf 85' lang='lat' dir='ltr'>haec</span> <span class='ocrx_word' id='word_1_768' title='bbox 1695 5127 1840 5172; x_wconf 90' lang='lat' dir='ltr'>recte</span> 
     </span>
     <span class='ocr_line' id='line_1_99' title="bbox 284 5208 1836 5290; baseline -0.014 -9"><span class='ocrx_word' id='word_1_769' title='bbox 284 5245 341 5282; x_wconf 83' lang='lat' dir='ltr'>se</span> <span class='ocrx_word' id='word_1_770' title='bbox 373 5229 569 5290; x_wconf 71' lang='lat' dir='ltr'>hahere</span> <span class='ocrx_word' id='word_1_771' title='bbox 620 5237 743 5277; x_wconf 85' lang='lat' dir='ltr'>vere</span> <span class='ocrx_word' id='word_1_772' title='bbox 769 5220 1063 5280; x_wconf 69' lang='lat' dir='ltr'>conticium,</span> <span class='ocrx_word' id='word_1_773' title='bbox 1091 5225 1527 5284; x_wconf 79' lang='lat' dir='ltr'>supervacaneus</span> <span class='ocrx_word' id='word_1_774' title='bbox 1548 5223 1669 5263; x_wconf 78' lang='lat' dir='ltr'>esse</span> <span class='ocrx_word' id='word_1_775' title='bbox 1695 5208 1836 5260; x_wconf 86' lang='lat' dir='ltr'>vide-</span> 
     </span>
     <span class='ocr_line' id='line_1_100' title="bbox 287 5298 1841 5382; baseline -0.013 -11"><span class='ocrx_word' id='word_1_776' title='bbox 287 5320 427 5372; x_wconf 85' lang='lat' dir='ltr'>bitur</span> <span class='ocrx_word' id='word_1_777' title='bbox 449 5320 636 5373; x_wconf 82' lang='lat' dir='ltr'>bcatus</span> <span class='ocrx_word' id='word_1_778' title='bbox 661 5311 985 5382; x_wconf 79' lang='lat' dir='ltr'>evangelista</span> <span class='ocrx_word' id='word_1_779' title='bbox 1020 5306 1260 5362; x_wconf 66' lang='lat' dir='ltr'>loannes</span> <span class='ocrx_word' id='word_1_780' title='bbox 1295 5305 1482 5359; x_wconf 87' lang='lat' dir='ltr'>dicens</span> <span class='ocrx_word' id='word_1_781' title='bbox 1513 5317 1528 5354; x_wconf 76' lang='lat' dir='ltr'>t</span> <span class='ocrx_word' id='word_1_782' title='bbox 1564 5319 1584 5352; x_wconf 84' lang='grc' dir='ltr'>ι</span> <span class='ocrx_word' id='word_1_783' title='bbox 1615 5301 1679 5353; x_wconf 84' lang='lat' dir='ltr'>Et</span> <span class='ocrx_word' id='word_1_784' title='bbox 1707 5298 1841 5355; x_wconf 82' lang='lat' dir='ltr'>Ver·</span> 
     </span>
     <span class='ocr_line' id='line_1_101' title="bbox 287 5392 1840 5463; baseline -0.014 0"><span class='ocrx_word' id='word_1_785' title='bbox 287 5412 409 5463; x_wconf 85' lang='lat' dir='ltr'>hum</span> <span class='ocrx_word' id='word_1_786' title='bbox 441 5425 564 5462; x_wconf 84' lang='lat' dir='ltr'>caro</span> <span class='ocrx_word' id='word_1_787' title='bbox 592 5408 894 5461; x_wconf 79' lang='lat' dir='ltr'>factumest</span> <span class='ocrx_word' id='word_1_788' title='bbox 919 5402 988 5455; x_wconf 82' lang='lat'>⁷¹.</span> <span class='ocrx_word' id='word_1_789' title='bbox 1020 5419 1039 5452; x_wconf 76' lang='grc' dir='ltr'>ι</span> <span class='ocrx_word' id='word_1_790' title='bbox 1077 5397 1174 5453; x_wconf 86' lang='lat' dir='ltr'>Ubi</span> <span class='ocrx_word' id='word_1_791' title='bbox 1200 5397 1341 5450; x_wconf 89' lang='lat' dir='ltr'>euim</span> <span class='ocrx_word' id='word_1_792' title='bbox 1371 5394 1660 5449; x_wconf 80' lang='lat' dir='ltr'>necessitas</span> <span class='ocrx_word' id='word_1_793' title='bbox 1686 5392 1840 5443; x_wconf 81' lang='grc' dir='ltr'>ἐναν-</span> 
     </span>
    </p>
   </div>
   <div class='ocr_carea' id='block_1_23' title="bbox 287 5549 1812 5686">
    <p class='ocr_par' dir='ltr' id='par_1_26' title="bbox 287 5549 1812 5686">
     <span class='ocr_line' id='line_1_102' title="bbox 355 5549 810 5614; baseline 0 -10"><span class='ocrx_word' id='word_1_794' title='bbox 355 5553 399 5585; x_wconf 81' lang='lat'>⁶⁸</span> <span class='ocrx_word' id='word_1_795' title='bbox 435 5550 596 5606; x_wconf 79' lang='lat' dir='ltr'>ssebr.</span> <span class='ocrx_word' id='word_1_796' title='bbox 623 5568 698 5614; x_wconf 79' lang='lat' dir='ltr'>tx,</span> <span class='ocrx_word' id='word_1_797' title='bbox 722 5549 810 5605; x_wconf 72' lang='lat'>28.</span> 
     </span>
     <span class='ocr_line' id='line_1_103' title="bbox 287 5615 1812 5686; baseline -0.008 -6"><span class='ocrx_word' id='word_1_798' title='bbox 287 5626 330 5656; x_wconf 78' lang='grc'>”</span> <span class='ocrx_word' id='word_1_799' title='bbox 361 5623 513 5679; x_wconf 71' lang='lat' dir='ltr'>loun.</span> <span class='ocrx_word' id='word_1_800' title='bbox 545 5636 583 5686; x_wconf 87' lang='lat' dir='ltr'>t,</span> <span class='ocrx_word' id='word_1_801' title='bbox 608 5623 691 5676; x_wconf 72' lang='grc'>14.</span> <span class='ocrx_word' id='word_1_802' title='bbox 800 5620 847 5652; x_wconf 83' lang='lat'>⁷⁸</span> <span class='ocrx_word' id='word_1_803' title='bbox 882 5620 1050 5676; x_wconf 79' lang='lat' dir='ltr'>Levit.</span> <span class='ocrx_word' id='word_1_804' title='bbox 1098 5632 1239 5680; x_wconf 78' lang='lat' dir='ltr'>xxvi,</span> <span class='ocrx_word' id='word_1_805' title='bbox 1274 5615 1365 5677; x_wconf 67' lang='lat' dir='ltr'>stt</span> <span class='ocrx_word' id='word_1_806' title='bbox 1397 5615 1412 5669; x_wconf 87' lang='lat' dir='ltr'>i</span> <span class='ocrx_word' id='word_1_807' title='bbox 1440 5617 1564 5670; x_wconf 86' lang='lat' dir='ltr'>Cor.</span> <span class='ocrx_word' id='word_1_808' title='bbox 1614 5630 1687 5679; x_wconf 78' lang='lat' dir='ltr'>vi,</span> <span class='ocrx_word' id='word_1_809' title='bbox 1726 5615 1812 5671; x_wconf 81' lang='grc'>16.</span> 
     </span>
    </p>
   </div>
   <div class='ocr_carea' id='block_1_24' title="bbox 287 5692 746 5756">
    <p class='ocr_par' dir='ltr' id='par_1_27' title="bbox 287 5692 746 5756">
     <span class='ocr_line' id='line_1_104' title="bbox 287 5692 746 5756; baseline -0.015 -7"><span class='ocrx_word' id='word_1_810' title='bbox 287 5696 331 5726; x_wconf 78' lang='lat'>&#39;⁴</span> <span class='ocrx_word' id='word_1_811' title='bbox 362 5696 380 5749; x_wconf 85' lang='lat' dir='ltr'>l</span> <span class='ocrx_word' id='word_1_812' title='bbox 409 5694 533 5751; x_wconf 83' lang='lat' dir='ltr'>Cor.</span> <span class='ocrx_word' id='word_1_813' title='bbox 560 5705 631 5756; x_wconf 71' lang='lat' dir='ltr'>vt,</span> <span class='ocrx_word' id='word_1_814' title='bbox 663 5692 746 5747; x_wconf 83' lang='grc'>19.</span> 
     </span>
    </p>
   </div>
   <div class='ocr_carea' id='block_1_25' title="bbox 885 5541 2929 5684">
    <p class='ocr_par' dir='ltr' id='par_1_28' title="bbox 885 5541 2929 5684">
     <span class='ocr_line' id='line_1_105' title="bbox 885 5541 2264 5611; baseline -0.007 -8"><span class='ocrx_word' id='word_1_815' title='bbox 885 5549 930 5582; x_wconf 80' lang='grc'><strong>“</strong></span> <span class='ocrx_word' id='word_1_816' title='bbox 963 5546 1123 5604; x_wconf 77' lang='lat' dir='ltr'>liebr.</span> <span class='ocrx_word' id='word_1_817' title='bbox 1151 5561 1190 5611; x_wconf 80' lang='lat' dir='ltr'>i,</span> <span class='ocrx_word' id='word_1_818' title='bbox 1215 5545 1269 5598; x_wconf 92' lang='grc'>1.</span> <span class='ocrx_word' id='word_1_819' title='bbox 1342 5543 1384 5576; x_wconf 76' lang='grc'><strong><em>“</em></strong></span> <span class='ocrx_word' id='word_1_820' title='bbox 1420 5544 1606 5601; x_wconf 79' lang='lat' dir='ltr'>Matth.</span> <span class='ocrx_word' id='word_1_821' title='bbox 1635 5559 1686 5606; x_wconf 84' lang='lat' dir='ltr'>v,</span> <span class='ocrx_word' id='word_1_822' title='bbox 1713 5542 1799 5597; x_wconf 83' lang='grc'>17.</span> <span class='ocrx_word' id='word_1_823' title='bbox 1876 5543 1921 5575; x_wconf 79' lang='lat'>⁸⁸</span> <span class='ocrx_word' id='word_1_824' title='bbox 1959 5541 2057 5597; x_wconf 81' lang='lat' dir='ltr'>isa.</span> <span class='ocrx_word' id='word_1_825' title='bbox 2089 5558 2185 5604; x_wconf 74' lang='grc' dir='ltr'>ιιι,</span> <span class='ocrx_word' id='word_1_826' title='bbox 2211 5541 2264 5595; x_wconf 91' lang='grc'>8.</span> 
     </span>
     <span class='ocr_line' id='line_1_106' title="bbox 1924 5607 2929 5684; baseline -0.007 -15"><span class='ocrx_word' id='word_1_827' title='bbox 1924 5615 1970 5645; x_wconf 67' lang='lat'>⁷⁵</span> <span class='ocrx_word' id='word_1_828' title='bbox 2004 5617 2169 5684; x_wconf 77' lang='lat' dir='ltr'>Apoc.</span> <span class='ocrx_word' id='word_1_829' title='bbox 2212 5626 2289 5676; x_wconf 88' lang='lat' dir='ltr'>ut,</span> <span class='ocrx_word' id='word_1_830' title='bbox 2343 5608 2441 5677; x_wconf 77' lang='lat'>20;</span> <span class='ocrx_word' id='word_1_831' title='bbox 2494 5607 2649 5665; x_wconf 72' lang='lat' dir='ltr'>loan.</span> <span class='ocrx_word' id='word_1_832' title='bbox 2680 5623 2787 5674; x_wconf 79' lang='lat' dir='ltr'>xiv,</span> <span class='ocrx_word' id='word_1_833' title='bbox 2844 5609 2929 5664; x_wconf 83' lang='lat'>16.</span> 
     </span>
    </p>
   </div>
   <div class='ocr_carea' id='block_1_26' title="bbox 1939 4784 3515 4942">
    <p class='ocr_par' dir='ltr' id='par_1_29' title="bbox 1939 4784 3515 4942">
     <span class='ocr_line' id='line_1_107' title="bbox 1940 4784 3515 4851; baseline 0.006 -14"><span class='ocrx_word' id='word_1_834' title='bbox 1940 4784 2140 4839; x_wconf 82' lang='lat' dir='ltr'>sactum</span> <span class='ocrx_word' id='word_1_835' title='bbox 2186 4786 2258 4840; x_wconf 89' lang='lat' dir='ltr'>sit</span> <span class='ocrx_word' id='word_1_836' title='bbox 2282 4801 2433 4851; x_wconf 85' lang='lat' dir='ltr'>caro,</span> <span class='ocrx_word' id='word_1_837' title='bbox 2471 4787 2658 4851; x_wconf 80' lang='lat' dir='ltr'>idest,</span> <span class='ocrx_word' id='word_1_838' title='bbox 2696 4787 2859 4841; x_wconf 87' lang='lat' dir='ltr'>bomo</span> <span class='ocrx_word' id='word_1_839' title='bbox 2894 4803 2909 4841; x_wconf 74' lang='grc' dir='ltr'>ι</span> <span class='ocrx_word' id='word_1_840' title='bbox 2956 4788 3157 4844; x_wconf 82' lang='lat' dir='ltr'>mansit</span> <span class='ocrx_word' id='word_1_841' title='bbox 3184 4791 3336 4846; x_wconf 88' lang='lat' dir='ltr'>enim</span> <span class='ocrx_word' id='word_1_842' title='bbox 3376 4793 3515 4847; x_wconf 74' lang='lat' dir='ltr'>iden</span> 
     </span>
     <span class='ocr_line' id='line_1_108' title="bbox 1939 4873 2620 4942; baseline -0.001 -11"><span class='ocrx_word' id='word_1_843' title='bbox 1939 4886 1995 4931; x_wconf 85' lang='lat' dir='ltr'>et</span> <span class='ocrx_word' id='word_1_844' title='bbox 2018 4873 2178 4942; x_wconf 84' lang='lat' dir='ltr'>Deus,</span> <span class='ocrx_word' id='word_1_845' title='bbox 2210 4888 2265 4932; x_wconf 89' lang='lat' dir='ltr'>et</span> <span class='ocrx_word' id='word_1_846' title='bbox 2290 4875 2620 4932; x_wconf 80' lang='lat' dir='ltr'>adorandus·</span> 
     </span>
    </p>
   </div>
   <div class='ocr_carea' id='block_1_27' title="bbox 2460 5007 2989 5081">
    <p class='ocr_par' dir='ltr' id='par_1_30' title="bbox 2460 5007 2989 5081">
     <span class='ocr_line' id='line_1_109' title="bbox 2460 5007 2989 5081; baseline -0.006 -16"><span class='ocrx_word' id='word_1_847' title='bbox 2460 5009 2621 5081; x_wconf 72' lang='lat'>⁷92</span> <span class='ocrx_word' id='word_1_848' title='bbox 2657 5007 2811 5067; x_wconf 61' lang='grc' dir='ltr'>(ιιι).</span> <span class='ocrx_word' id='word_1_849' title='bbox 2848 5007 2989 5064; x_wconf 71' lang='lat' dir='ltr'>xut.</span> 
     </span>
    </p>
   </div>
   <div class='ocr_carea' id='block_1_28' title="bbox 2014 5125 3448 5251">
    <p class='ocr_par' dir='ltr' id='par_1_31' title="bbox 2014 5125 3448 5251">
     <span class='ocr_line' id='line_1_110' title="bbox 2014 5125 3448 5251; baseline 0.003 -70"><span class='ocrx_word' id='word_1_850' title='bbox 2014 5127 2169 5181; x_wconf 82' lang='lat' dir='ltr'>Dicta</span> <span class='ocrx_word' id='word_1_851' title='bbox 2206 5127 2493 5195; x_wconf 73' lang='lat' dir='ltr'>apostolica</span> <span class='ocrx_word' id='word_1_852' title='bbox 2530 5127 2807 5251; x_wconf 38' lang='lat' dir='ltr'>indui-1³:1⁸</span> <span class='ocrx_word' id='word_1_853' title='bbox 2846 5125 2984 5181; x_wconf 74' lang='lat' dir='ltr'>Deua</span> <span class='ocrx_word' id='word_1_854' title='bbox 3021 5127 3335 5184; x_wconf 72' lang='lat' dir='ltr'>nominatus</span> <span class='ocrx_word' id='word_1_855' title='bbox 3371 5138 3448 5184; x_wconf 73' lang='grc' dir='ltr'>οι</span> 
     </span>
     <span class='ocr_line' id='line_1_111' title="bbox 2654 5213 2850 5251; baseline 0.005 -3"><span class='ocrx_word' id='word_1_856' title='bbox 2654 5213 2745 5251; x_wconf 71' lang='lat' dir='ltr'>im</span> <span class='ocrx_word' id='word_1_857' title='bbox 2771 5213 2850 5250; x_wconf 75' lang='grc' dir='ltr'>ιιι.</span> 
     </span>
    </p>
   </div>
   <div class='ocr_carea' id='block_1_29' title="bbox 2019 5305 3515 5379">
    <p class='ocr_par' dir='ltr' id='par_1_32' title="bbox 2019 5305 3515 5379">
     <span class='ocr_line' id='line_1_112' title="bbox 2019 5305 3515 5379; baseline -0.001 -14"><span class='ocrx_word' id='word_1_858' title='bbox 2019 5310 2094 5365; x_wconf 88' lang='lat' dir='ltr'>De</span> <span class='ocrx_word' id='word_1_859' title='bbox 2122 5308 2380 5379; x_wconf 82' lang='lat' dir='ltr'>mysterio</span> <span class='ocrx_word' id='word_1_860' title='bbox 2411 5307 2598 5362; x_wconf 86' lang='lat' dir='ltr'>dicens</span> <span class='ocrx_word' id='word_1_861' title='bbox 2623 5307 2917 5362; x_wconf 88' lang='lat' dir='ltr'>secundum</span> <span class='ocrx_word' id='word_1_862' title='bbox 2951 5305 3234 5363; x_wconf 80' lang='lat' dir='ltr'>Christum</span> <span class='ocrx_word' id='word_1_863' title='bbox 3263 5327 3281 5364; x_wconf 75' lang='grc' dir='ltr'><strong><em>ε</em></strong></span> <span class='ocrx_word' id='word_1_864' title='bbox 3316 5328 3337 5363; x_wconf 86' lang='grc' dir='ltr'>ι</span> <span class='ocrx_word' id='word_1_865' title='bbox 3366 5308 3515 5378; x_wconf 82' lang='lat' dir='ltr'>Quod</span> 
     </span>
    </p>
   </div>
   <div class='ocr_carea' id='block_1_30' title="bbox 1938 5396 3513 5470">
    <p class='ocr_par' dir='ltr' id='par_1_33' title="bbox 1938 5396 3513 5470">
     <span class='ocr_line' id='line_1_113' title="bbox 1938 5396 3513 5470; baseline -0.001 -12"><span class='ocrx_word' id='word_1_866' title='bbox 1938 5402 2076 5467; x_wconf 85' lang='lat' dir='ltr'>aliis,</span> <span class='ocrx_word' id='word_1_867' title='bbox 2091 5400 2284 5470; x_wconf 84' lang='lat' dir='ltr'>inquit,</span> <span class='ocrx_word' id='word_1_868' title='bbox 2308 5397 2749 5469; x_wconf 83' lang='lat' dir='ltr'>generationibus</span> <span class='ocrx_word' id='word_1_869' title='bbox 2763 5412 2868 5452; x_wconf 88' lang='lat' dir='ltr'>non</span> <span class='ocrx_word' id='word_1_870' title='bbox 2888 5405 2971 5453; x_wconf 90' lang='lat' dir='ltr'>est</span> <span class='ocrx_word' id='word_1_871' title='bbox 2989 5396 3237 5469; x_wconf 74' lang='lat' dir='ltr'>agnitum</span> <span class='ocrx_word' id='word_1_872' title='bbox 3257 5399 3387 5457; x_wconf 78' lang='lat' dir='ltr'>titiis</span> <span class='ocrx_word' id='word_1_873' title='bbox 3415 5399 3513 5456; x_wconf 75' lang='lat' dir='ltr'>bo·</span> 
     </span>
    </p>
   </div>
   <div class='ocr_carea' id='block_1_31' title="bbox 2359 5535 3507 5600">
    <p class='ocr_par' dir='ltr' id='par_1_34' title="bbox 2359 5535 3507 5600">
     <span class='ocr_line' id='line_1_114' title="bbox 2359 5535 3507 5600; baseline 0.006 -10"><span class='ocrx_word' id='word_1_874' title='bbox 2359 5539 2402 5571; x_wconf 78' lang='lat'>⁸·</span> <span class='ocrx_word' id='word_1_875' title='bbox 2436 5535 2599 5594; x_wconf 80' lang='lat' dir='ltr'>Hebr.</span> <span class='ocrx_word' id='word_1_876' title='bbox 2628 5553 2671 5600; x_wconf 84' lang='lat' dir='ltr'>t,</span> <span class='ocrx_word' id='word_1_877' title='bbox 2700 5540 2750 5592; x_wconf 89' lang='grc'>1.</span> <span class='ocrx_word' id='word_1_878' title='bbox 2830 5538 2876 5570; x_wconf 77' lang='grc'><strong><em>”</em></strong></span> <span class='ocrx_word' id='word_1_879' title='bbox 2912 5537 3044 5595; x_wconf 87' lang='lat' dir='ltr'>ibid.</span> <span class='ocrx_word' id='word_1_880' title='bbox 3070 5538 3129 5593; x_wconf 75' lang='lat'>2.</span> <span class='ocrx_word' id='word_1_881' title='bbox 3205 5540 3258 5573; x_wconf 75' lang='lat'>&#39;¹</span> <span class='ocrx_word' id='word_1_882' title='bbox 3300 5541 3507 5599; x_wconf 74' lang='lat' dir='ltr'>ibid-3.</span> 
     </span>
    </p>
   </div>
   <div class='ocr_carea' id='block_1_32' title="bbox 3021 5607 3507 5679">
    <p class='ocr_par' dir='ltr' id='par_1_35' title="bbox 3021 5607 3507 5679">
     <span class='ocr_line' id='line_1_115' title="bbox 3021 5607 3507 5679; baseline 0.002 -14"><span class='ocrx_word' id='word_1_883' title='bbox 3021 5607 3071 5640; x_wconf 75' lang='lat'>&#39;⁸</span> <span class='ocrx_word' id='word_1_884' title='bbox 3107 5608 3128 5665; x_wconf 90' lang='grc' dir='ltr'>Ι</span> <span class='ocrx_word' id='word_1_885' title='bbox 3154 5608 3290 5668; x_wconf 84' lang='lat' dir='ltr'>Cor.</span> <span class='ocrx_word' id='word_1_886' title='bbox 3317 5627 3401 5679; x_wconf 87' lang='grc' dir='ltr'>ιιι,</span> <span class='ocrx_word' id='word_1_887' title='bbox 3429 5612 3507 5667; x_wconf 76' lang='grc' dir='ltr'>Π.</span> 
     </span>
    </p>
   </div>
  </div>
 </body>
</html>
