3809 6125
217 279 355 338 ΝΜ

1379 276 1467 334 DE
1505 276 1614 332 th
1629 273 2014 332 tttNutONE
2052 271 2308 330 nomm.

3321 265 3344 318 1
3353 253 3459 320 430

215 417 422 472 γυπτον
445 396 815 473 ἐύδομήκοντα
854 400 1017 455 πέντε
1053 398 1151 469 (l).
1189 397 1428 471 Εὔδηλον
1461 400 1519 454 δὲ
1560 400 1637 464 ὡς
1680 400 1782 454 οὐκ
1809 404 1858 463 Α
1888 399 2142 470 ingressae
2179 405 2306 454 sunt
2351 410 2473 452 cum
2516 393 2719 452 Jacobo
2767 392 2820 447 in
2852 390 3143 463 AEgyptum
3174 429 3191 455 ,
3242 396 3461 457 septua-

209 493 494 564 ἀσώματοι
521 488 664 563 ἦσαν
703 493 753 546 oi
792 490 890 545 τοῦ
932 489 1132 545 Ἰακὼὸ
1178 492 1283 546 υἱοί
1312 509 1373 546 τε
1404 491 1500 547 καὶ
1546 491 1780 559 ἔκγονοι,

152 613 157 618 ·
209 585 326 641 ἀλλ’
353 583 463 638 ἀπὸ
501 584 704 656 μέρους
741 582 804 637 τὸ
836 582 944 636 πᾶν
998 582 1028 635 ό
1072 582 1487 655 ἱστοριογράφος
1527 581 1782 651 ἐδήλωσε.

208 672 322 727 Καὶ
350 670 515 726 πάλιν
533 686 549 702 ·
593 688 615 723 ι
635 670 797 744 Ψυχὴ
826 672 860 742 ή
895 672 1303 743 ἁμαρτάνουσα,
1329 671 1470 742 αὐτή
1492 671 1785 725 ἀποθανεῖ-

210 778 321 816 ται.
371 779 392 813 ι
429 760 618 824 Οὐδεὶς
647 760 706 815 δὲ
725 759 867 829 έγνω
897 758 1118 815 πώποτε
1152 760 1331 832 ψυχὴν
1371 760 1501 815 ἄνευ
1534 760 1785 831 σώματος

211 851 459 924 ἁμαρτίᾳ
499 850 936 923 περιπεσοῦσαν·
980 850 1075 904 καὶ
1119 845 1296 914 αὖθις,
1336 868 1357 902 ι
1393 849 1470 904 Οὐ
1512 848 1588 921 μὴ
1616 865 1787 903 κατα-

176 961 182 966 ·
215 943 375 1021 μείνῃ
400 943 462 997 τὸ
486 942 715 1014 Πνεῦμά
742 959 845 1013 μου
877 943 934 997 ἐν
961 944 1073 1005 τοῖς
1093 941 1404 1014 ἀνθρώποις
1435 941 1668 1007 τούτοις,
1697 940 1787 1018 διά

212 1036 273 1091 τὸ
294 1032 434 1091 εἶναι
476 1035 674 1100 αὐτοὺς
714 1034 912 1107 σάρκα.
944 1053 965 1087 ι
1005 1035 1119 1089 Καὶ
1156 1036 1186 1089 ὁ
1220 1034 1506 1105 προφήτης
1535 1032 1784 1105 ἑτέρωθι,

217 1145 240 1179 ι
261 1128 419 1183 Πᾶσα
435 1126 570 1199 σὰρξ
584 1125 714 1198 χοῦς
732 1126 751 1200 l
757 1128 830 1181 ita
846 1126 990 1192 cod„
1006 1141 1115 1182 non
1126 1125 1366 1199 χόρτος],
1381 1127 1476 1182 καὶ
1492 1126 1642 1181 πᾶσα
1660 1124 1790 1191 δόξα

211 1217 500 1291 ἀνθρώπου
523 1217 598 1281 ὡς
625 1216 784 1281 ἄνθος
806 1217 1001 1289 χόρτου
1019 1230 1036 1247 ·
1069 1235 1090 1269 ι
1123 1217 1218 1273 καὶ
1245 1219 1275 1272 ὁ
1301 1219 1571 1291 μακάριος
1598 1217 1786 1284 Δαὸὶδ,

218 1328 239 1363 ι
273 1307 774 1379 Ἐμνήσθη,φησὶν,
805 1308 888 1361 ὄτι
914 1307 1055 1379 σάρξ
1081 1308 1211 1371 είσι,
1241 1307 1460 1378 πνεῦμα
1489 1308 1792 1380 πορευόμε-

211 1418 323 1461 νον,
357 1397 454 1453 καὶ
472 1398 573 1453 οὐκ
601 1397 952 1469 ἐπιστρέφον.
980 1416 999 1449 ι
1033 1396 1206 1451 Παντὶ
1226 1396 1284 1450 δὲ
1304 1397 1574 1469 δήπουθεν
1595 1396 1791 1469 γνώρι-

217 1508 338 1565 μον,
359 1488 437 1554 ὼς
461 1488 561 1542 ούκ
587 1486 784 1558 ἄψυχοι
808 1482 950 1558 ἦσαν
971 1479 1118 1541 οὗτοι
1145 1478 1220 1539 ὧν
1240 1485 1560 1556 κατηγορεῖ,
1588 1484 1684 1538 καὶ
1709 1476 1791 1547 οἷς

213 1578 516 1656 νομοθετεῖ,
554 1577 649 1631 καὶ
672 1570 748 1632 ὧν
771 1575 1069 1647 έρμηνεύει
1100 1576 1199 1645 τὴν
1231 1574 1415 1645 φύσιν.

285 1670 362 1725 Οὐ
395 1669 552 1741 μόνον
577 1668 635 1723 δὲ
667 1669 797 1732 τοὺς
838 1665 1343 1739 κατηγορουμένους
1369 1664 1542 1737 [λέγει
1581 1667 1614 1737 ή
1643 1664 1788 1736 Γρα-

1891 491 2043 562 ginta
2080 490 2322 559 quinque
2349 488 2500 543 luere
2529 486 2596 540 ⁸⁸.
2645 486 2873 544 Constat
2921 491 3102 539 autem
3144 496 3250 536 non
3294 478 3465 534 luisse

1892 581 2242 649 incorporeos
2267 577 2453 634 «iacobi
2475 577 2615 633 tilios
2644 586 2807 646 atque
2836 583 3091 643 nepotes;
3120 573 3213 627 sed
3230 587 3293 626 ex
3312 580 3466 640 parte

1894 678 2064 725 totum
2096 668 2391 725 bistoricus
2420 665 2835 724 demonstravit.
2859 665 2928 719 Et
2956 677 3144 719 rursus
3174 677 3187 714 ι
3222 680 3241 713 ι
3268 660 3461 716 Anima

1891 774 2013 829 quae
2029 758 2355 830 peccaverit,
2373 758 2489 827 ipsa
2506 756 2767 813 morietur
2786 756 2853 808 ⁸’.
2866 753 3067 809 »Nemo
3079 765 3207 808 vero
3224 764 3463 820 unquam

1893 840 2304 906 scivitanimam
2330 850 2535 920 absque
2571 858 2799 918 corpore
2833 845 2887 899 in
2919 844 3136 914 culpam
3168 840 3450 897 incidisse.

1895 940 2182 996 Etdenuo:
2212 956 2233 992 ι
2253 938 2371 995 Non
2400 938 2742 1011 permanebit
2764 934 3000 1007 Spiritus
3029 948 3185 990 meus
3211 930 3466 987 inhomi-

1895 1029 2057 1085 nibns
2081 1029 2226 1092 istis,
2264 1030 2387 1098 quia
2414 1028 2640 1100 827⁰*
2663 1041 2791 1083 caro
2813 1024 3051 1082 sunt⁸⁰.s
3085 1022 3155 1078 Et
3176 1021 3307 1077 alibi
3334 1035 3465 1091 pro-

1894 1124 2057 1195 pbeta
2077 1138 2091 1174 ε
2110 1121 2329 1178 «Omnis
2344 1135 2474 1178 caro
2489 1119 2685 1191 pulvis,
2711 1128 2765 1176 et
2776 1116 2957 1174 omnis
2972 1116 3253 1173 bominum
3292 1112 3467 1185 gloria

1894 1229 1993 1270 ceu
2012 1212 2231 1269 lenissos
2254 1211 2356 1267 ⁸¹.»
2378 1212 2577 1267 Beatus
2595 1224 2811 1281 quoqne
2830 1208 2995 1263 David
3028 1226 3044 1264 ι
3078 1225 3099 1259 ι
3127 1205 3467 1262 Recordatus

1895 1315 2000 1371 est,
2020 1304 2218 1375 inquit,
2250 1303 2393 1375 quod
2415 1318 2546 1359 caro
2573 1311 2724 1368 sunt,
2776 1300 3002 1369 spiritus
3032 1299 3236 1354 vadens
3277 1304 3333 1352 et
3354 1309 3466 1351 non

1897 1397 2115 1452 rediens
2138 1396 2207 1450 δ’.
2244 1415 2263 1448 ι
2308 1393 2407 1452 Εει
2427 1402 2609 1450 autem
2646 1393 2939 1462 unicuique
2968 1388 3331 1461 exploratum,
3357 1400 3466 1442 non

1896 1486 2066 1544 fuisse
2108 1487 2210 1542 bos
2262 1484 2530 1540 inanimes
2596 1497 2736 1553 quos
2780 1480 3153 1551 reprehendit,
3203 1477 3287 1535 vel
3346 1475 3469 1546 qui·

1894 1578 2000 1634 bus
2014 1577 2184 1646 legem
2202 1574 2509 1639 constituit,
2532 1572 2617 1628 vel
2639 1586 2870 1641 quorum
2898 1579 3151 1625 naturam
3183 1565 3463 1624 describit.

1965 1665 2151 1737 Neque
2184 1666 2358 1722 solum
2402 1663 2472 1721 de
2520 1662 2850 1733 vituperatis
2905 1661 2978 1715 ita
3025 1658 3268 1730 loquitur
3307 1655 3466 1713 Scri-

217 1757 340 1835 φὴ],
363 1758 504 1815 ἀλλὰ
555 1757 652 1813 καὶ
680 1758 788 1811 τῶν
820 1756 1231 1828 ἐπαινουμένων
1265 1756 1393 1821 τοὺς
1424 1754 1786 1828 κορυφαίους·
1821 1753 1862 1808 Β
1891 1768 2071 1830 ptura,
2089 1772 2276 1814 verum
2298 1755 2466 1814 etiam
2498 1756 2566 1811 de
2591 1752 3001 1810 laudatissimis.
3030 1751 3210 1807 'restis
3242 1749 3465 1811 Paulus,
3534 1798 3542 1808 .

217 1851 315 1906 καὶ
347 1848 552 1905 τούτων
586 1848 798 1920 μάρτυς
822 1848 852 1901 ὁ
892 1845 1163 1919 μακάριος
1206 1846 1418 1910 Παῦλος
1457 1846 1516 1899 ὲν
1547 1848 1614 1917 τῇ
1654 1845 1790 1917 πρὸς

218 1940 464 2005 Γαλάτας
489 1939 692 2009 λέγων·
727 1957 746 1990 ι
774 1938 905 1992 Ὅτε
935 1936 992 1991 δὲ
1022 1936 1316 2009 εὐδόκησεν
1346 1938 1376 1991 ὁ
1393 1935 1524 2001 Θεὸς
1547 1938 1577 1991 ὁ
1599 1936 1794 2008 ἀφορί·

221 2047 321 2095 σας
353 2047 422 2101 με
444 2030 511 2083 ἐκ
544 2026 753 2089 κοιλίας
790 2025 998 2097 μητρός
1029 2040 1156 2096 μου,
1185 2024 1280 2078 καὶ
1313 2021 1554 2087 καλέσας
1582 2020 1674 2075 διά
1695 2021 1793 2092 τῆς

219 2121 438 2194 χάριτος
469 2117 635 2174 αὐτοῦ
677 2115 1031 2192 ἀποκαλύψαι
1069 2114 1164 2170 τὸν
1190 2114 1319 2183 Υίὸν
1357 2113 1523 2170 αὐτοῦ
1557 2113 1614 2166 ὲν
1647 2111 1791 2183 ἐμοὶ,

219 2214 422 2277 εὐθέως
453 2212 514 2265 οὐ
540 2208 957 2283 προσανεθέμην
993 2206 1161 2280 σαρκὶ
1198 2207 1293 2262 καὶ
1321 2206 1536 2277 αἵματι,
1556 2202 1694 2260 ἀλλὰ
1714 2202 1797 2274 (2)

220 2302 358 2376 πρὸς
387 2301 511 2366 τοὺς
539 2300 645 2371 πρὸ
690 2297 825 2370 ἐμοῦ
854 2297 1187 2362 ἀποστόλους
1220 2294 1476 2367 ἀνῆλθον.
1498 2312 1519 2346 ι
1546 2292 1611 2348 Εἰ
1647 2292 1707 2348 δὲ
1731 2292 1794 2346 οὐ

225 2391 388 2465 μόνον
415 2391 510 2445 ἐπὶ
534 2388 628 2444 τοῦ
664 2386 930 2460 σαρκικοῦ
963 2385 1309 2458 φρονήματος
1340 2385 1435 2439 καὶ
1464 2383 1564 2454 τῆς
1600 2382 1795 2453 θνητό·

221 2499 403 2555 τητος,
434 2480 495 2535 τὸ
528 2479 627 2550 τῆς
651 2477 849 2549 σαρκὸς
872 2477 1126 2548 φρόνημα
1156 2473 1510 2545 λαμδάνεται,
1534 2471 1672 2527 ἀλλά
1697 2474 1792 2526 καὶ

223 2572 317 2626 ἰπὶ
346 2567 525 2640 πάσης
540 2569 640 2638 τῆς
663 2566 758 2621 τοῦ
778 2564 1068 2636 ἀνθρώπου
1099 2563 1334 2635 φύσεως,
1365 2559 1590 2632 εὔδηλον
1612 2561 1688 2626 ὡς
1712 2561 1794 2630 τὸ,

230 2682 251 2716 ι
281 2662 341 2716 Ὀ
365 2660 538 2729 Λόγος
565 2658 704 2731 σὰρξ
731 2656 966 2729 ἐγένετο,
990 2676 1009 2709 ι
1031 2655 1092 2710 ού
1114 2654 1174 2709 τὸ
1193 2654 1514 2725 φαινόμενον
1534 2651 1630 2706 τοῦ
1656 2652 1796 2718 ζώου

229 2753 410 2825 μόνον,
453 2749 568 2805 ἀλλ’
601 2749 721 2805 ὅλον
750 2746 1006 2819 σημαίνει
1036 2746 1129 2800 τὸν
1166 2744 1480 2817 ἄνθρωπον·
1519 2741 1640 2797 οὐδὲ
1667 2760 1794 2814 τρο-

228 2844 339 2915 πήν
365 2859 489 2898 τινα
524 2840 624 2912 τῆς
667 2839 815 2903 θείας
841 2836 1030 2901 οὐσίας
1060 2838 1140 2900 εἰς
1191 2835 1372 2908 σάρκα
1413 2834 1546 2905 φησὶ
1575 2832 1800 2904 γεγενῆ-

226 2935 375 2999 σθαι,
406 2932 545 2988 ἀλλὰ
583 2932 682 3003 τὴν
718 2931 824 2986 ὑπὸ
859 2929 954 2985 τοῦ
987 2928 1122 2985 Θεοῦ
1167 2930 1342 2999 Λόγου
1387 2925 1652 2999 ἀνάληψιν
1700 2926 1801 2998 τῆς

228 3022 575 3096 ἀνθρωπείας
608 3022 871 3094 κηρύττει
894 3021 1136 3089 φύσεως·
1164 3020 1352 3093 ὥσπερ
1384 3018 1494 3092 γὰρ
1515 3018 1596 3085 τὸ,
1629 3018 1803 3090 «Χρι-

231 3114 356 3174 στὸς
398 3113 546 3181 ἡμᾶς
591 3110 924 3180 ἐξηγόρασεν
957 3111 1023 3162 ὲκ
1054 3111 1152 3180 τῆς
1196 3111 1442 3179 κατάρας
1487 3109 1583 3163 τοῦ
1611 3109 1799 3179 νόμου,

231 3201 521 3271 γενόμενος
546 3199 687 3271 ὑπὲρ
713 3198 869 3269 ήμῶν
911 3197 1146 3267 κατάρα,
1172 3215 1191 3248 ι
1219 3198 1281 3251 οὐ
1325 3197 1423 3267 τὴν
1452 3197 1531 3259 είς
1560 3196 1803 3268 κατάραν

234 3289 536 3365 μιταόολήν
562 3287 664 3360 τῆς
697 3288 805 3342 τῶν
835 3285 1059 3357 ἀγαθῶν
1103 3287 1287 3357 πηγῆς
1318 3285 1634 3352 αἰνίττεται,
1668 3286 1806 3342 ἀλλά

234 3376 335 3450 τὴν
374 3376 440 3430 δι’
477 3375 640 3430 αὑτοῦ
687 3375 986 3447 γενομένην
1025 3374 1126 3446 τῆς
1178 3373 1455 3447 ἀμαρτίας
1503 3375 1670 3446 ήγουν
1705 3375 1804 3447 τῆς

236 3467 482 3540 κατάρας
526 3465 867 3538 ἀπαλλαγὴν,
909 3467 1003 3521 καὶ
1046 3466 1130 3530 τὸ,
1170 3484 1189 3517 ι
1229 3465 1485 3520 Γενέσθαι
1531 3465 1806 3538 ἀμαρτίαν

237 3560 374 3633 ύπὲρ
420 3560 578 3632 ήμῶν
614 3559 705 3613 τὸν
761 3560 836 3632 μὴ
863 3559 1060 3628 γνόντα
1096 3558 1393 3631 ἁμαρτίαν,
1437 3576 1458 3611 ι
1491 3557 1552 3613 οὐ
1576 3558 1677 3630 τὴν
1707 3559 1808 3632 τῆς

239 3650 579 3720 δικαιοσύνης
594 3650 846 3722 σημαίνει
866 3649 1072 3722 τροπήν
1094 3650 1385 3722 (ἄτρεπτον
1401 3649 1510 3723 γὰρ
1539 3649 1602 3704 τὸ
1630 3649 1804 3718 Θείον,

242 3741 335 3795 καὶ
361 3739 737 3806 ἀναλλοίωτον,
767 3739 843 3804 ὡς
868 3737 960 3793 διὰ
1003 3736 1099 3792 τοῦ
1144 3739 1424 3812 προφήτου
1453 3738 1644 3809 §off-v
1665 3737 1808 3808 Ἐγώ

243 3833 380 3903 εἰμι,
415 3832 510 3886 καὶ
536 3831 636 3885 ούκ
661 3829 961 3902 ήὶλοίωμαι
980 3869 995 3894 ,
1027 3829 1074 3900 ι)
1096 3829 1233 3885 ἀλλά
1260 3830 1360 3902 τὴν
1387 3829 1495 3884 τῶν
1526 3831 1810 3902 ἡμετέρων

245 3920 655 3995 ἁμαρτημάτων
678 3921 974 3993 ἀνάληψιν·
1001 3938 1022 3974 ι
1058 3921 1165 3975 Ἴδε
1194 3920 1325 3992 γὰρ,
1353 3921 1537 3991 φησὶν,
1556 3922 1586 3975 ό
1617 3921 1811 3993 ’Δμνὸς

244 4009 341 4064 τοῦ
376 4008 533 4078 Θεοῦ,
571 4011 646 4066 ἴδε
671 4014 700 4066 ό
726 4012 896 4084 αἴρων
926 4011 1026 4083 τὴν
1069 4009 1342 4081 ἁμαρτίαν
1393 4009 1490 4064 τοῦ
1523 4011 1751 4082 κόσμου·
1784 4029 1805 4064 ι

247 4099 388 4156 οὕτω
406 4102 488 4168 τὸ,
520 4117 541 4152 ι
561 4101 620 4156 Ὁ
645 4102 815 4172 Λόγος
837 4100 975 4174 σὰρξ
1000 4100 1236 4171 ἐγένετο,
1265 4117 1286 4152 ι
1315 4101 1377 4155 ού
1406 4102 1505 4174 τὴν
1528 4100 1811 4155 ἀλλοίωσιν

248 4190 397 4260 λέγει
433 4191 535 4262 τῆς
577 4190 857 4262 Θεότητος,
889 4192 1026 4248 ἀλλά
1051 4193 1151 4264 τῆς
1207 4191 1555 4264 ἀνθρωπίνης
1597 4193 1812 4262 φύσεως

251 4282 521 4352 ἀνάληψιν
545 4298 561 4314 ·
589 4282 687 4354 τὴν
723 4282 931 4354 ἄφατον
959 4283 1068 4355 γὰρ
1105 4284 1202 4339 τοῦ
1238 4283 1373 4339 Θεοῦ
1406 4283 1813 4357 φιλανθρωπίαν

1893 1851 1987 1922 qui
2015 1850 2071 1905 in
2102 1848 2337 1919 Epistola
2362 1848 2431 1902 ad
2458 1845 2681 1901 Galatas
2709 1845 2786 1900 ait
2811 1862 2827 1900 ι
2862 1863 2881 1896 ι
2906 1844 3041 1900 Cum
3062 1852 3243 1897 autem
3264 1839 3468 1911 placuit

1893 1942 1968 2007 ei,
2000 1941 2091 2011 qui
2120 1954 2207 1996 me
2232 1938 2540 2011 segregavit
2564 1952 2633 1994 ex
2664 1948 2823 1993 utero
2864 1935 3055 1992 matris
3082 1948 3239 2000 meae,
3286 1942 3343 1987 et
3372 1946 3472 2008 vo·-

1894 2033 2039 2090 cavit
2064 2046 2160 2101 per
2185 2030 2417 2101 gratiam
2446 2044 2627 2095 suam,
2673 2037 2734 2084 ut
2783 2027 3053 2085 revelaret
3080 2024 3279 2081 Filium
3305 2038 3466 2081 suum

1896 2123 1953 2180 in
1979 2137 2089 2189 me,
2119 2121 2383 2180 continuo
2431 2135 2541 2177 non
2576 2118 2830 2189 acquievi
2876 2117 3031 2174 carni
3071 2124 3129 2173 et
3178 2114 3465 2188 sanguini,

1897 2211 1995 2269 sed
2024 2211 2091 2267 ad
2121 2225 2483 2282 precessores
2510 2224 2663 2267 meos
2688 2208 2963 2280 apostolos
2990 2208 3195 2265 accessi
3225 2207 3295 2263 ⁴⁸.
3350 2227 3371 2262 ι
3403 2203 3469 2267 si

1896 2320 2028 2375 ergo
2050 2318 2157 2359 non
2181 2313 2394 2359 tantum
2430 2305 2498 2359 de
2519 2302 2725 2359 carnali
2763 2300 2984 2367 affectu,
3030 2309 3084 2358 et
3121 2301 3189 2357 de
3222 2303 3472 2359 mortali-

1900 2404 2045 2462 tate,
2086 2394 2270 2451 carnis
2315 2407 2513 2451 sensus
2553 2392 2901 2464 intelligitur.
2954 2406 3140 2449 verum
3184 2392 3349 2449 etiam
3405 2397 3485 2451 de.

1898 2486 2153 2553 universa
2201 2482 2440 2540 bominis
2481 2492 2696 2551 natura,
2742 2490 2894 2555 patet
2921 2482 3235 2551 dictionem,
3261 2501 3282 2536 ι
3326 2483 3473 2559 ⁴Ver·

1898 2576 2026 2631 bum
2048 2590 2179 2631 caro
2207 2573 2411 2631 iactum
2440 2581 2545 2639 est,
2564 2592 2585 2627 ι
2612 2588 2723 2630 non
2762 2574 2908 2644 quod
2938 2574 3151 2631 visibile
3176 2574 3471 2631 animantis

1898 2676 1982 2722 est
2016 2665 2426 2733 tantummodo,
2465 2668 2563 2722 sed
2591 2674 2763 2723 totum
2806 2664 3078 2721 bominem
3125 2664 3463 2738 significare.

1897 2759 2086 2830 Neque
2132 2759 2547 2816 conversionem
2596 2758 2885 2830 quamdam
2915 2757 3114 2816 divina
3151 2759 3473 2816 substantiae

1898 2850 1956 2907 in
1986 2863 2207 2906 carnem
2252 2848 2503 2905 evenisse
2555 2847 2710 2914 dicit,
2758 2846 2855 2904 sed
2901 2856 3242 2918 assumptam
3279 2866 3317 2905 a
3360 2848 3473 2907 Deo

1902 2938 2083 2998 Verbo
2139 2941 2435 2997 humanam
2485 2947 2738 2995 naturam
2783 2939 3062 3010 praedicat.
3115 2940 3271 2997 Sicut
3324 2942 3472 3000 enim

1902 3034 2126 3101 locutio,
2156 3050 2177 3087 ι
2215 3032 2467 3090 Christus
2505 3030 2739 3088 redemit
2772 3046 2873 3089 nos
2888 3031 2958 3089 de
2990 3031 3285 3092 maledicto
3312 3035 3473 3110 legis,

1903 3130 2079 3187 sactus
2095 3142 2193 3198 pro
2219 3126 2380 3183 nobis
2406 3123 2753 3181 maledictum
2773 3123 2841 3192 ⁸⁸,
2885 3143 2906 3178 ι
2933 3139 3275 3199 nequaquam
3298 3129 3475 3188 innuit

1904 3222 2257 3278 mutationem
2302 3219 2467 3274 sontis
2516 3219 2783 3276 bonorum
2828 3218 2883 3274 in
2932 3220 3324 3289 maledictum,
3377 3227 3473 3282 sed

1904 3314 2086 3384 potius
2107 3313 2301 3367 factam
2326 3325 2422 3381 per
2453 3310 2632 3382 ipsum
2669 3309 2879 3380 peccati
2917 3311 3037 3368 sive
3072 3312 3344 3371 maledicti
3374 3315 3474 3372 de-

1902 3401 2246 3473 pulsionem;
2275 3408 2332 3455 et
2358 3400 2521 3456 sicuti
2543 3401 2730 3467 verba,
2768 3417 2789 3453 ι
2826 3400 3031 3458 factum
3050 3417 3172 3460 esse
3190 3415 3472 3474 peccatum

1903 3507 2006 3564 pro
2027 3491 2183 3548 nobis
2207 3506 2330 3548 eum
2366 3491 2457 3562 qui
2483 3501 2763 3562 peccatum
2814 3503 2922 3550 non
2951 3505 3179 3550 noverat
3212 3495 3281 3561 ⁸⁸,
3320 3516 3341 3551 ι
3376 3514 3476 3555 ne-

1907 3598 2178 3654 quaqnam
2210 3582 2438 3654 justitiae
2469 3582 2829 3640 mutationem
2861 3584 3172 3655 significant
3198 3588 3304 3659 (est
3329 3591 3474 3645 enim

1909 3674 2233 3732 invertibilis
2263 3675 2403 3732 Deus
2425 3684 2483 3732 et
2509 3673 2880 3742 immutabilis,
2910 3675 3070 3732 sicuti
3099 3691 3198 3746 pet·
3243 3680 3475 3749 propbe-

1911 3776 2021 3823 tam
2048 3765 2275 3822 clamat:
2307 3783 2328 3818 ι
2358 3765 2471 3837 Ego
2498 3779 2640 3832 sum,
2666 3772 2723 3820 et
2740 3779 2845 3821 non
2868 3775 3045 3822 mutor
3070 3767 3139 3833 δ’,
3172 3788 3193 3822 ι
3201 3769 3329 3838 >sed
3346 3787 3479 3841 pec.

1911 3869 2158 3915 catorum
2201 3866 2510 3913 nostrorum
2550 3857 3014 3925 assumptionem:
3048 3877 3070 3912 ι
3120 3859 3258 3918 Ecce
3289 3863 3433 3918 enim
3457 3905 3475 3932 ,

1910 3947 2008 4017 ait,
2044 3948 2229 4020 Agnus
2259 3947 2374 4015 Dei,
2405 3960 2533 4004 ecce
2556 3948 2649 4020 qul
2674 3946 2816 4004 tollit
2840 3958 3124 4020 peccatum
3145 3953 3389 4008 mundW
3410 3972 3428 4023 ς
3452 3974 3476 4011 ι

1913 4040 2021 4105 sic,
2061 4039 2303 4108 inquam,
2347 4037 2530 4102 dictio,
2567 4056 2588 4091 ι
2620 4036 2857 4095 Verbum
2894 4054 3024 4096 caro
3070 4028 3269 4098 sactum
3316 4055 3421 4109 est,
3448 4066 3469 4100 ι

1913 4140 2019 4182 non
2049 4125 2401 4181 mutationem
2424 4125 2559 4181 dicit
2595 4125 2844 4193 Deitatis.
2867 4129 2963 4185 sed
2987 4130 3238 4188 humanae
3270 4144 3476 4191 uatnroe

1917 4215 2369 4301 assumptionem.
2408 4213 2654 4293 Namque
2694 4215 3023 4275 ineffabilem
3062 4217 3158 4276 Dei
3207 4236 3335 4290 erga
3378 4224 3481 4280 bo·

1917 4305 2095 4362 mines
2144 4305 2465 4361 charitatem
2518 4302 2815 4375 praedicare
2867 4305 3054 4361 volens
3098 4310 3425 4381 evangelista
3460 4352 3479 4377 ,

250 4373 280 4426 ὁ
301 4372 685 4442 ῑῦαἵῖῑλῑστὴς
716 4373 1024 4446 κηρύττων·
1043 4374 1119 4436 ὼὶ
1149 4373 1391 4439 tatanem
1427 4373 1505 4438 ὡς
1524 4374 1554 4427 ⁶
1579 4374 1640 4427 ἐν
1669 4375 1814 4446 ἆΡΧῇ
1849 4403 1892 4458 n
1922 4404 2209 4466 postquam
2222 4395 2428 4461 docuit,
2455 4394 2681 4465 mm
2707 4407 2831 4448 eum
2856 4394 2947 4463 qui
2982 4395 3051 4452 ab
3082 4396 3236 4453 initio
3259 4410 3401 4468 erat,
3427 4411 3486 4458 et

251 4480 326 4536 ὢν
359 4481 461 4552 (5),
485 4481 581 4536 καὶ
612 4481 744 4546 Θεὸς
764 4481 860 4550 ὢν,
894 4483 991 4536 καὶ
1015 4481 1155 4554 πρὸς
1190 4483 1286 4536 τὸν
1313 4483 1444 4537 Θεὸν
1471 4482 1568 4545 ὢν.
1589 4481 1687 4536 καὶ
1719 4482 1816 4536 οὐ-

250 4571 445 4627 δέποτε
471 4571 548 4646 μή
577 4571 674 4639 ὢν,
707 4575 737 4628 ὁ
755 4573 1166 4648 δημιουργήσας
1192 4571 1397 4638 πάντα,
1423 4575 1456 4627 ό
1485 4573 1554 4628 τά
1590 4574 1665 4646 μὴ
1684 4572 1818 4630 ὅντα

1920 4487 2012 4556 qni
2041 4484 2183 4541 Dens
2202 4494 2342 4550 erat,
2361 4486 2530 4556 etqui
2571 4483 2713 4554 apud
2744 4485 2910 4540 Deum
2946 4496 3084 4554 erat,
3114 4497 3171 4545 et
3202 4491 3293 4560 qui
3338 4504 3494 4549 nun-'

1921 4589 2085 4647 quam
2112 4587 2223 4631 non
2256 4573 2432 4630 ruerat
2453 4615 2471 4642 ,
2513 4573 2606 4646 qui
2652 4575 2836 4632 omnia
2864 4588 3147 4634 creaverat
3170 4622 3187 4649 ,
3232 4583 3324 4653 qui
3372 4598 3481 4642 nun

327 4776 525 4834 “cem
558 4790 705 4843 τινι,
733 4774 826 4830 27.
903 4774 948 4809 ⁸⁸
977 4774 1175 4832 Ezecb.
1203 4790 1361 4837 xviii,
1391 4775 1445 4831 t.
1521 4776 1569 4809 ⁸⁶
1601 4779 1741 4833 Gen.
1780 4791 1854 4844 vr,
1889 4777 1946 4843 5,
1971 4776 2060 4833 41.
2122 4777 2289 4836 ⁸¹lsa.
2316 4793 2405 4844 ιι..
2430 4778 2483 4836 6.
2558 4781 2604 4814 ⁸¹
2645 4780 2789 4838 Psal.
2817 4798 3023 4849 mxxvii,
3049 4784 3138 4841 59.
3233 4786 3278 4819 ⁸⁸
3303 4787 3480 4846 Galat.

257 4861 300 4916 ι,
325 4846 416 4902 15.
489 4847 539 4880 ⁸⁸
563 4845 742 4903 Galat.
773 4861 856 4912 ιιι,
883 4846 971 4901 15.
1046 4844 1091 4880 “
1118 4846 1158 4902 ll
1187 4848 1313 4904 Cor.
1334 4861 1391 4912 v,
1413 4845 1502 4900 21.
1575 4846 1624 4879 ⁸⁸
1654 4846 1880 4903 Balach.
1915 4863 1997 4912 ιιι,
2027 4849 2080 4903 6.
2156 4848 2202 4880 ⁸⁷
2223 4847 2377 4921 «ioan.
2408 4864 2446 4915 ι,
2476 4849 2568 4908 29.

327 5028 406 5102 (1)
429 5026 584 5082 llunc
611 5038 894 5080 numerum
927 5022 980 5078 in
1005 5020 1191 5079 Graeca
1221 5021 1416 5079 Genesi
1445 5021 1738 5092 scriptum,
1761 5031 1819 5078 et

257 5114 379 5154 cum
412 5100 530 5152 Act.
559 5102 733 5163 apost.
762 5109 868 5158 vn,
900 5093 997 5159 ss,
1029 5094 1487 5158 consentientem,
1519 5100 1820 5162 sequuntur

257 5169 435 5224 Latini
463 5167 624 5219 etiam
669 5161 858 5218 Patres
882 5163 1112 5231 aliquot,
1155 5171 1289 5218 teste
1328 5161 1639 5228 Sabaterio;
1681 5162 1821 5231 apud

257 5255 415 5307 quem
450 5235 809 5305 Hieronymus
841 5246 1055 5304 quoque
1083 5241 1139 5287 et
1168 5231 1498 5302 Augustinus
1531 5232 1597 5286 de
1629 5245 1689 5285 re
1721 5230 1824 5288 dis·

258 5316 463 5362 serttut.

329 5375 493 5449 (mlta
525 5374 644 5431 cod.
668 5373 824 5438 ἀλλά,
856 5373 967 5435 sed,
992 5386 1090 5442 pro
1113 5372 1235 5427 οὐδὲ
1264 5388 1445 5445 neque,
1471 5373 1613 5440 quod
1639 5381 1818 5431 tamen

258 5455 444 5501 cointra
488 5458 824 5500 communem
912 5457 1094 5498 rorsus
1136 5443 1379 5498 codicum
1423 5452 1478 5497 et
1522 5444 1816 5501 editionum

259 5515 632 5569 auctoritatem
661 5527 782 5570 esse
805 5513 854 5568 vi
895 5521 1035 5568 etur.

330 5585 411 5655 (3)
444 5583 751 5652 Opportune
771 5594 995 5652 magnus
1015 5579 1207 5637 Cicero
1228 5582 1280 5637 in
1302 5581 1569 5650 Scipionis
1593 5582 1817 5639 Somnio

261 5655 404 5711 circa
440 5654 620 5715 linem,
651 5653 740 5707 ubi
774 5654 841 5707 de
877 5653 983 5706 Deo
1011 5665 1188 5706 rerum
1220 5654 1457 5708 omnium
1495 5663 1703 5710 motore
1737 5654 1811 5709 lo·

574 5745 847 5806 Pas-nox..
877 5743 992 5804 Gn.
1040 5742 1266 5805 Lxxv.

1924 5025 2109 5096 quitur
2137 5042 2151 5079 ι
2183 5021 2453 5094 Principio
2485 5028 2632 5084 nulla
2663 5040 2739 5085 est
2771 5031 2939 5100 oriqo,
2972 5047 3091 5086 nam
3125 5050 3191 5088 ea:
3221 5034 3484 5104 principio

1926 5097 2169 5149 oriuntur
2195 5095 2394 5159 omnia,
2430 5098 2601 5167 ipsam
2635 5110 2810 5154 autem
2843 5099 2989 5154 nulla
3018 5116 3086 5157 ex
3122 5118 3177 5158 re
3207 5119 3230 5158 .·
3260 5105 3402 5174 quod
3435 5105 3486 5159 si

1929 5179 2192 5234 nunquam
2239 5165 2428 5230 oritur,
2484 5185 2546 5222 ne
2585 5170 2771 5224 occidit
2809 5170 3015 5240 quidem
3053 5189 3303 5244 unquam.
3341 5169 3488 5229 Nous

1927 5233 2601 5360 &ffzz'r'ssttfxs‘za‘z‘aet
2621 5238 2910 5364 ”Zie‘pssmi
2937 5239 3005 5363 ‘'ss
3025 5240 3483 5366 t‘³⁰.'⁶”⁰⁸‘i‘·:'·

1923 5382 2101 5426 statur
2128 5369 2386 5440 «loannes,
2423 5377 2476 5430 in
2519 5348 2783 5448 principio
2820 5322 2969 5441 erat?
2988 5387 3044 5433 et
3072 5325 3299 5449 Zruiz'enni
3324 5324 3490 5452 onmes

1925 5439 2122 5508 Deum;
2154 5456 2424 5512 nunquam
2454 5446 2621 5515 coepit
2640 5486 2658 5510 ,
2682 5457 2739 5503 et
2766 5447 2939 5517 ipsum
2967 5451 3353 5518 sempiternum
3380 5457 3487 5506 est.

1926 5509 2063 5566 ilinc
2094 5511 2349 5567 Dominus
2376 5512 2555 5577 lesus.
2584 5513 2738 5572 loun.
2768 5532 2885 5585 vm,
2904 5515 2999 5581 25.
3029 5517 3491 5590 interrogantibus

1922 5579 2120 5664 Judaeis
2157 5580 2293 5664 ²,st
2330 5584 2443 5652 quis
2483 5586 2583 5640 es?
2622 5589 2898 5658 respondit
2931 5588 3189 5646 divinitus
3226 5606 3243 5645 ι
3284 5585 3491 5642 Princi-

1922 5665 2088 5722 pium,
2115 5665 2205 5721 qut
2231 5659 2281 5706 et
2309 5653 2495 5723 loquor
2516 5656 2672 5710 nobis.

2987 5747 3060 5810 ⁴6
