3809 6125
269 355 404 410 ΗΠ

1217 355 1282 411 S.
1317 353 1596 445 emtus
1635 351 2105 411 ALEXANDMM
2138 352 2458 411 Attcutw.

3378 348 3505 406 ttti

266 469 546 539 sapienter
582 468 887 537 expendere
908 470 1059 535 velit,
1087 487 1190 526 non
1219 473 1404 543 utique
1429 475 1482 529 id
1506 473 1661 529 nobis
1700 473 1831 528 solis
1857 472 1904 530 Α
1932 491 2017 539 τις
2049 473 2222 527 ἕλοιτο
2256 474 2563 543 φιλοσοφεῖν
2588 512 2602 536 ,
2636 472 2735 543 οὐχ
2782 470 2912 541 ἡμῖν
2943 486 3007 539 γε
3051 467 3243 540 μόνοις
3277 469 3396 530 τοῖς
3425 469 3506 520 ἐπὶ

267 557 599 627 homiuibus,
623 559 716 615 sed
737 560 999 619 uuiversae
1020 561 1186 635 652
1225 576 1488 621 creaturae
1528 565 1708 634 potius
1737 577 1831 618 ac-

267 648 653 706 commodabit.

333 742 394 796 B.
424 743 688 808 Quidnam
709 758 839 816 ergo
865 744 992 801 inde
1018 747 1321 818 colligitur?

331 835 398 890 Α.
421 832 716 889 Canentem
742 835 924 899 audio.
975 846 1026 893 et
1078 839 1408 909 spiritualem
1448 837 1609 894 veluti
1665 837 1836 910 lyram

271 922 578 994 pulsantem
617 925 832 980 beatum
881 927 1161 991 Davidem,
1215 927 1470 998 clareque
1523 930 1792 983 dicentem
1820 944 1837 982 ε

276 1031 298 1066 ι
333 1013 511 1069 Verbo
542 1013 756 1071 Domini
803 1015 927 1072 coeli
961 1017 1156 1073 tirmati
1197 1026 1343 1085 sunt,
1374 1026 1430 1073 et
1479 1017 1682 1089 Spiritu
1726 1017 1841 1073 oris

271 1104 388 1174 eius
411 1106 590 1163 omnis
632 1108 806 1165 virtus
828 1121 1018 1164 eorum
1043 1112 1112 1164 ⁷¹.
1158 1128 1179 1163 ι
1206 1108 1352 1167 Cedo
1382 1110 1588 1179 itaque,
1622 1108 1674 1162 id
1694 1108 1840 1180 quod

273 1196 457 1252 firmat
475 1195 664 1263 coelos,
691 1206 746 1254 et
766 1206 1143 1254 creaturarum
1172 1209 1279 1256 tota
1303 1200 1476 1254 virtus
1499 1208 1606 1266 est,
1633 1199 1842 1254 Deusne

274 1289 402 1357 erit,
431 1304 498 1344 an
525 1290 810 1347 creatura?

349 1469 409 1525 B.
438 1469 607 1526 Deum
631 1484 729 1541 ego
759 1467 974 1539 quidem
998 1468 1141 1532 dico,
1175 1484 1274 1525 nec
1304 1467 1527 1538 injuria.
1556 1466 1670 1522 Non
1698 1464 1841 1520 enim

225 1628 239 1637 ·
277 1560 636 1617 concesserim
659 1558 924 1615 creaturis
976 1572 1311 1628 nequaquam
1362 1572 1499 1626 opus
1525 1571 1649 1613 esse
1710 1554 1844 1620 Deo,

277 1653 373 1709 sed
397 1653 544 1723 ipsas
580 1650 681 1708 sibi
709 1652 890 1723 potius
922 1667 985 1708 ea
1016 1649 1196 1708 iacere
1227 1666 1291 1707 ac
1316 1651 1660 1722 suppeditare
1687 1662 1847 1720 posse

279 1757 376 1813 per
397 1757 517 1813 quae
575 1741 780 1797 servari
828 1752 884 1797 et
935 1750 1087 1797 recto
1110 1742 1162 1796 in
1192 1749 1337 1797 statu
1381 1755 1602 1796 manere
1625 1745 1845 1812 queant,

280 1847 406 1887 cum
433 1832 754 1887 naturaliter
775 1832 827 1886 in
858 1832 1258 1901 corruptionem
1282 1831 1495 1887 cadant.

354 1925 420 1980 Α.
447 1921 655 1978 Firmat
697 1922 862 1994 igitur
888 1922 1122 1993 Spiritus
1179 1922 1373 1989 coelos,
1417 1938 1521 1978 non
1566 1927 1762 1977 creatae
1799 1926 1853 1974 et

282 2018 441 2072 ractae
472 2014 792 2071 substantiae
814 2015 1283 2086 participationem
1332 2013 1463 2085 ipsis
1518 2012 1729 2077 indens,
1759 2011 1852 2067 sed

283 2119 538 2177 tanquam
573 2106 666 2160 Dei
699 2106 977 2171 virtutem,
1009 2120 1160 2162 suam
1188 2104 1443 2174 largiens.
1500 2104 1651 2173 Quod
1709 2103 1851 2156 enim

282 2211 373 2253 res
392 2196 655 2263 continet,
687 2207 743 2252 et
771 2196 824 2251 in
851 2205 1001 2253 recto
1029 2203 1173 2253 statu
1195 2197 1375 2253 tlrmat
1396 2196 1450 2250 id
1475 2194 1617 2266 quod
1662 2203 1850 2248 natura

281 2302 378 2355 sua
415 2287 743 2357 corruptioni
794 2299 880 2343 est
906 2290 1226 2355 obnoxium,
1275 2300 1332 2344 et
1376 2289 1429 2342 iu
1485 2286 1711 2343 nibilum
1768 2300 1854 2340 re-

284 2379 420 2443 verti
454 2388 656 2450 potest,
687 2379 1046 2435 substantiam
1065 2380 1250 2450 utique
1284 2380 1526 2436 declarat
1556 2394 1679 2435 esse
1709 2378 1853 2434 illam

285 2487 406 2540 quae
433 2472 536 2528 boc
576 2471 889 2527 universum
930 2471 1264 2530 moderatur.
1330 2468 1485 2526 Unde
1535 2468 1732 2525 Paulus
1766 2468 1855 2524 ille

284 2563 522 2630 divinus,
573 2577 820 2633 quaenam
856 2563 927 2617 sit
986 2561 1077 2618 Dei
1141 2571 1359 2625 natura,
1388 2576 1454 2618 ex
1480 2559 1845 2627 rebus-sactis,

285 2652 461 2723 quoad
488 2652 605 2722 ejus
637 2660 740 2719 est,
760 2668 858 2708 uos
881 2668 998 2708 eant
1030 2651 1311 2723 imaginari
1335 2663 1391 2708 et
1425 2652 1708 2723 concipere
1731 2665 1858 2706 sua-

286 2743 399 2808 det,
435 2742 618 2798 dicens
651 2758 665 2795 ε
720 2761 739 2795 ι
775 2741 1066 2797 Invisibilia
1113 2743 1258 2798 enim
1307 2742 1550 2813 ipsius,a
1608 2750 1856 2797 creatura

288 2834 476 2889 mundi
509 2847 606 2903 per
626 2847 687 2889 ea
713 2848 832 2905 quae
874 2832 1015 2889 sacta
1043 2842 1169 2890 sunt
1214 2834 1487 2890 intellecta
1515 2832 1860 2902 conspiciun-

290 2933 398 2992 tur,
435 2925 768 2996 sempiterua
805 2940 1021 2996 quoque
1055 2927 1179 2997 ejus
1203 2926 1374 2980 virtus
1395 2934 1449 2981 et
1475 2924 1764 2980 diviuitas:
1802 2932 1860 2979 nt

287 3016 399 3073 sint
437 3016 864 3086 inexcusabiles,
919 3019 1042 3089 quia
1084 3031 1206 3074 cum
1258 3016 1635 3089 cognovissent
1667 3017 1855 3083 Deum,

1932 566 2037 636 γῆς
2061 564 2215 629 αὐτὸ,
2248 564 2446 636 μᾶλλον
2476 563 2533 617 δὲ
2564 565 2753 635 ἁπάσῃ
2791 563 2856 633 τῇ
2889 560 3087 615 κτίσει.

1945 745 1957 753 ”
2009 746 2071 800 Β.
2098 744 2164 798 Τί
2189 738 2280 798 οῦν
2318 742 2427 815 ἄρα
2453 740 2515 796 τὸ
2543 738 2791 795 ἐντεῦθεν
2823 740 2954 810 ἡμῖν
2981 735 3419 809 συναγόμενονς·

2008 838 2077 890 Α.
2119 833 2617 905 Ἀναμελῳδοῦντος
2643 829 2845 897 ἀκούω,
2870 829 2965 884 καὶ
2998 826 3391 899 πνευματικὴν
3414 826 3510 881 ὤσ-

1942 942 2049 997 περ
2076 924 2199 979 τινὰ
2241 921 2618 994 διακρούοντος
2659 919 2849 990 λύραν,
2892 916 2987 972 τοῦ
3020 917 3311 989 μακαρίου
3340 917 3509 979 Aa&

1939 1016 2192 1086 λέγοντός
2232 1031 2292 1069 τε
2326 1012 2534 1083 σαφῶς·
2567 1028 2586 1063 ι
2621 1009 2711 1081 Τῷ
2748 1010 2906 1080 Λόγῳ
2947 1007 3163 1079 Κυρίου
3205 1009 3264 1061 o!
3312 1008 3515 1079 οὐρανοὶ

1944 1106 2377 1180 ἐστερεώθησαν,
2404 1103 2599 1174 καὶτῷ
2623 1100 2901 1172 Πνεῦματι
2927 1099 3023 1154 τοῦ
3059 1100 3346 1171 πόματος
3367 1100 3516 1153 αὑτοῦ

1943 1200 2095 1254 πᾶσα
2127 1199 2162 1271 ἡ
2184 1196 2415 1268 δύναμις
2446 1194 2646 1251 αὐτῶν.
2682 1212 2700 1245 ι
2732 1191 2911 1264 Φρόιζε
2939 1190 3003 1263 δὴ
3040 1186 3163 1256 οῦν,
3190 1189 3257 1243 τὸ
3278 1190 3518 1258 στερεοῦν

1941 1288 2224 1363 οὐρανοὺς,
2247 1289 2341 1344 καὶ
2361 1289 2393 1360 ἡ
2424 1290 2573 1343 πᾶσα
2590 1285 2701 1340 τῶν
2723 1284 2891 1338 ὄντων
2909 1282 3167 1352 δύναμις,
3194 1280 3339 1345 Θεὸς
3357 1280 3421 1335 ἂν
3441 1282 3515 1353 εἴη

1948 1381 2168 1455 μᾶλλον,
2208 1381 2241 1453 ἣ
2274 1381 2489 1444 κτίσις;

2016 1474 2079 1527 Β.
2106 1471 2241 1527 Θεὸν
2273 1470 2448 1539 ἔγωγέ
2484 1484 2651 1540 φημι,
2679 1464 2776 1521 καὶ
2801 1464 2947 1536 μάλα
2974 1461 3214 1526 εἰκότως
3248 1503 3264 1516 .
3306 1503 3322 1516 .
3364 1499 3379 1514 .
3420 1461 3519 1530 .(Ι)

1947 1563 2011 1617 τὸ
2045 1560 2267 1634 μηδαμῆ
2300 1557 2507 1614 δεῖσθαι
2547 1555 2707 1621 Θεοῦ,
2745 1552 3043 1625 κατορθοῦν
3070 1550 3131 1605 δὲ
3173 1549 3386 1620 μᾶλλον
3413 1551 3521 1603 ἐαυ-

1947 1656 2081 1717 τοῖς,
2112 1653 2208 1707 καιΙ
2235 1648 2547 1721 ἐκπορίζειν
2591 1646 2851 1703 δύνασθαι
2878 1644 2947 1699 τὰ
2975 1644 3044 1699 δι’
3073 1635 3153 1698 ὧν
3200 1641 3278 1697 ἂν
3326 1640 3435 1712 ίχοι
3472 1642 3523 1695 τὶ

1952 1742 2225 1811 σώζεσθαι
2250 1743 2347 1798 καὶ
2385 1740 2706 1795 συνεστάναι
2733 1736 2935 1804 καλῶς,
2963 1736 3153 1791 καίτοι
3178 1734 3520 1789 &tunimo-na

1879 1808 1925 1865 B
1954 1832 2200 1907 φυσικῶς
2232 1835 2312 1898 εἰς
2341 1833 2566 1903 φθοράν.

2020 1928 2089 1984 Α.
2122 1928 2343 1998 Στερεοῖ
2366 1923 2653 1996 τοιγαροῦν
2674 1923 2735 1980 τὸ
2757 1921 2983 1993 Πνεῦμα
3005 1923 3142 1986 τοὺς
3167 1920 3513 1993 οὗρανοὺς.οδ

1953 2018 2178 2089 κτιστῆς
2194 2018 2289 2072 καὶ
2313 2017 2689 2089 πεποιημένης
2706 2015 2893 2080 οὐσίας
2906 2013 3010 2086 τὴν
3035 2012 3273 2085 μὲθεξεν
3287 2013 3526 2085 ἐμποιοῦν

1954 2113 2158 2178 αὐτοῖς,
2187 2110 2301 2165 ἀλλ’
2330 2111 2406 2175 ὡς
2426 2110 2707 2182 ἐνέργειαν
2730 2107 2866 2164 Θεοῦ
2889 2108 2993 2181 τὴν
3032 2108 3181 2163 ἰδίαν
3224 2106 3395 2164 αὐτοῦ
3439 2106 3531 2161 δω-

1959 2204 2242 2277 ρούμενον.
2277 2204 2352 2258 Tb
2378 2203 2489 2275 γάρ
2519 2220 2602 2259 τοι
2644 2202 2865 2273 συνέχον
2912 2202 2983 2256 τα
3031 2201 3172 2256 ὅντα
3210 2200 3417 2265 καλῶς,
3449 2200 3530 2253 καὶ

1958 2295 2213 2368 στερεοῦν
2241 2296 2319 2359 εἰς
2347 2294 2609 2366 διαμονὴν
2648 2293 2709 2347 τὸ
2751 2292 3228 2364 καταφθείρεσθαι
3277 2290 3528 2362 πεφυκὸς,

1955 2387 2169 2443 οἴκοθέν
2195 2404 2254 2440 τε
2279 2385 2471 2441 νοσοῦν
2495 2384 2593 2458 τὴν
2615 2386 2695 2450 είς
2713 2383 2775 2438 τὸ
2811 2384 2979 2456 μηδὲν
3002 2383 3351 2455 ἀναδρομὴν,
3373 2400 3531 2453 παρα·

1951 2479 2227 2535 δεικτικὸν
2257 2478 2325 2533 ἂν
2352 2477 2439 2549 είη
2466 2478 2567 2549 τῆς
2586 2476 2704 2532 τόδε
2730 2474 2792 2529 τὸ
2820 2476 2930 2530 πᾶν
2957 2475 3294 2547 ηνιοχούσης
3333 2475 3530 2537 οὗσίας.

1956 2571 2069 2627 Καὶ
2088 2571 2218 2639 γοῦν
2248 2572 2278 2624 ό
2304 2570 2589 2634 θεσπέσιος
2613 2567 2846 2633 Παῦλος,
2871 2567 2993 2638 ἥτις
3051 2568 3187 2622 ποτε
3215 2569 3414 2638 ἐστινὴ
3443 2565 3532 2620 τοῦ

1957 2658 2094 2716 Θεοῦ
2116 2658 2299 2728 φύσις,
2325 2659 2391 2711 ὲκ
2412 2656 2523 2711 τῶν
2548 2654 3014 2726 ἀποτελεσμάτων
3046 2654 3288 2726 μετρίως
3317 2653 3533 2721 διαφαν-

1957 2747 2219 2817 macentia:
2243 2747 2338 2802 καὶ
2361 2748 2563 2801 ἐννοεῖν
2588 2747 2737 2819 ἡμᾶς
2772 2742 3085 2810 ἀναπείθει,
3134 2742 3310 2812 λέγων
3334 2758 3350 2773 ·
3403 2758 3425 2793 ι
3455 2740 3534 2795 Τὰ

1959 2840 2069 2914 γὰρ
2096 2841 2303 2913 ἀόρατα
2323 2840 2489 2894 αὐτοῦ
2522 2837 2630 2893 ἀπὸ
2658 2838 2890 2901 κτίσεως
2917 2837 3116 2909 κόσμου
3131 2837 3241 2897 τοῖς
3256 2834 3529 2904 ποιήμασι

1959 2934 2227 3006 νοούμενα
2258 2933 2579 3005 καθορᾶται,
2618 2933 2653 3004 ἧ
2677 2949 2736 2985 τε
2789 2930 2964 2995 ἀῖδιος
2990 2925 3145 2985 αὑτοῦ
3170 2924 3397 2996 δύναμις
3426 2926 3526 2978 καὶ

1961 3025 2198 3097 θειότης,
2248 3025 2329 3089 εἰς
2377 3022 2439 3078 τὸ
2476 3018 2616 3077 εἶναι
2671 3020 2868 3085 αὐτοὺς
2906 3016 3353 3089 ἅναπλθῖἧῒως.
3385 3013 3520 3068 διότι

290 3123 399 3163 ιιοη
436 3107 576 3165 sicut
604 3106 772 3165 Deum
798 3109 1258 3181 glorificaverunt,
1288 3110 1598 3181 autgratias
1613 3120 1857 3182 egerunt,
1887 3134 1932 3193 c
1962 3121 2184 3190 γνόντες
2222 3119 2316 3172 τὸν
2350 3117 2484 3173 Θεὸν
2504 3159 2520 3182 ,
2557 3116 2656 3186 οὐχ
2685 3114 2761 3178 ὡς
2787 3113 2923 3170 Θεὸν
2957 3111 3217 3180 ἐδόξασαν
3248 3109 3286 3182 ἢ
3310 3106 3528 3179 ηὐχαρί-

291 3200 388 3254 sed
404 3199 812 3256 evanuerunt-in
834 3201 1254 3270 cogitationibus
1277 3202 1393 3257 suis
1422 3202 1491 3255 ⁷¹.
1518 3219 1536 3252 ι
1574 3199 1760 3270 ltaque
1776 3202 1861 3256 di·

291 3291 432 3346 vinoe
457 3301 660 3346 naturae
679 3291 1136 3363 pulchritudinem
1163 3293 1365 3349 clarius
1390 3293 1545 3348 nobis
1563 3292 1726 3348 veluti
1742 3309 1865 3362 pro-

294 3382 433 3439 feret
461 3384 791 3456 sempiterna
821 3384 937 3453 ejus
961 3386 1154 3442 virtus.
1180 3385 1245 3439 Et
1273 3386 1455 3441 firmat
1486 3385 1722 3457 Spiritus
1750 3399 1864 3440 coe-

295 3475 399 3541 los,
440 3491 545 3532 non
575 3485 834 3546 tanquam
865 3491 970 3532 una
1001 3486 1370 3534 creaturarum
1399 3479 1450 3533 in
1505 3478 1807 3534 subsidium
1835 3491 1864 3531 a

297 3572 532 3639 quodam
567 3579 843 3640 assumpta
897 3571 1176 3638 (vecordis
1201 3573 1345 3626 cuim
1378 3579 1458 3624 est
1495 3570 1637 3625 istud
1666 3571 1868 3625 sentire

298 3670 392 3715 aut
418 3661 647 3734 dicere),
696 3661 791 3716 scd
837 3670 1088 3730 tanquam
1147 3662 1397 3732 proprius
1420 3661 1658 3732 Spiritus
1683 3660 1865 3716 ontnia

299 3753 541 3809 creantis
562 3767 626 3808 ac
661 3752 968 3809 roborantis
984 3754 1116 3820 Dei;
1159 3762 1252 3808 aut
1279 3754 1323 3808 si
1359 3767 1426 3808 ne
1465 3755 1538 3808 ita
1592 3767 1703 3808 rem
1749 3753 1870 3822 qui-

300 3846 422 3900 dem
453 3858 573 3901 esse
593 3844 794 3912 dicent,
818 3844 1320 3915 respondeantipsi,
1351 3853 1408 3900 et
1451 3858 1674 3901 causam
1712 3844 1868 3900 nobis

302 3937 564 4003 indicent,
591 3946 810 4007 propter
841 3950 1000 4007 quam
1036 3937 1403 3992 universitatis
1431 3934 1620 4008 Opilex
1647 3936 1871 4008 praecla-

301 4045 422 4084 rum
451 4039 651 4086 statum
704 4026 968 4084 creaturis
994 4036 1049 4081 et
1086 4027 1408 4082 concinnum
1459 4028 1705 4083 ordinem
1765 4040 1864 4095 per

301 4122 473 4176 sancti
502 4120 736 4190 Spiritus
757 4119 1219 4190 participationem
1282 4118 1420 4172 indit
1483 4133 1547 4173 ac
1623 4118 1869 4187 largitur.

301 4211 512 4267 Firmat
546 4213 690 4267 cuim
720 4210 908 4276 coeios,
943 4209 1139 4280 quibus
1162 4209 1207 4264 sl
1239 4209 1369 4263 utin
1407 4208 1562 4264 iirmo
1590 4217 1735 4264 statu
1764 4224 1874 4264 ma·

303 4310 497 4358 nerent
525 4302 701 4357 creari
731 4301 908 4356 solum
944 4299 1266 4366 suffecisset,
1302 4314 1405 4353 non
1451 4299 1638 4367 utique
1681 4315 1871 4355 neces-

303 4393 505 4448 sarium
533 4393 727 4448 suisset
759 4407 857 4461 per
883 4390 1140 4462 Spiritum
1176 4397 1419 4445 sanctum
1479 4402 1574 4445 eos
1639 4390 1869 4446 lirtuari.

1954 3226 2195 3282 -στησαν,
2215 3209 2331 3266 ἀλλ’
2358 3205 2777 3282 ἐματαιώθησαν
2808 3204 2868 3258 ὲν
2888 3205 3005 3268 τοῖς
3035 3199 3412 3270 διαλογισμοῖς
3440 3196 3533 3251 αὖ·

1966 3306 2093 3360 τῶν.
2137 3324 2155 3357 ι
2205 3301 2433 3369 Ἐξοίσει
2454 3299 2519 3372 δὴ
2544 3295 2638 3353 οῦν
2661 3298 2722 3351 τὸ
2753 3298 2853 3368 τῆς
2895 3295 3054 3359 θείας
3096 3294 3321 3365 φύσεως
3362 3289 3542 3352 κάλλος

1966 3400 2046 3462 εἰς
2074 3397 2198 3468 όψιν
2226 3394 2414 3466 ὥσπερ
2450 3391 2884 3464 ἐμφανεστέραν,
2916 3390 2952 3461 ἡ
2988 3389 3174 3457 ἀΐδιος
3205 3385 3548 3445 αὑτοῦούκ·

1970 3507 2082 3560 μις.
2114 3489 2224 3543 Καὶ
2246 3504 2334 3541 στε
2344 3487 2454 3559 ρεοί
2474 3484 2535 3537 τὸ
2556 3483 2777 3554 Πνεῦμα
2803 3481 2931 3543 τοὺς
2954 3479 3262 3553 οὐρανοὺς,
3280 3479 3384 3550 οὐχ
3403 3477 3475 3541 ὥς
3496 3475 3548 3529 ἓν

1967 3582 2077 3637 τῶν
2099 3579 2413 3650 κτισμάτων
2434 3577 2538 3631 ὑπό
2575 3593 2669 3630 του
2700 3571 3066 3645 παραληφθὲν
3087 3572 3174 3636 είς
3193 3569 3509 3639 ἐπικουρίαν
3528 3584 3543 3597 ·

1970 3673 2280 3743 ἀποπληξία
2298 3672 2407 3741 γὰρ
2433 3669 2590 3724 τοῦτο
2611 3668 2825 3738 φρονεῖν
2852 3664 2886 3736 ἢ
2916 3664 3109 3732 λέγειν
3133 3680 3148 3693 ·
3174 3663 3303 3716 ἀλλ’
3337 3664 3408 3725 ὡς
3429 3659 3534 3712 ἔδων

1970 3768 2213 3839 ὑπάρχον
2250 3763 2474 3831 Πνεῦμα
2522 3760 2616 3815 τοῦ
2657 3759 2727 3813 τὰ
2767 3757 2945 3811 πάντα
2996 3751 3518 3827 δημιουργοῦνώςτί

1970 3859 2064 3912 καὶ
2086 3854 2444 3926 δυναμοῦντος
2486 3850 2622 3905 Θεοῦ
2642 3866 2656 3880 ·
2698 3849 2731 3920 ἢ
2764 3847 2922 3919 εἴπερ
2944 3847 3050 3917 οὐχ
3083 3839 3194 3901 ὧδε
3232 3847 3384 3917 ἔχειν
3405 3835 3523 3912 ἐρῶ·

1974 3967 2076 4016 σιν,
2099 3944 2513 4020 ἀποκρινάσθων
2553 3941 2726 4006 αὐτοὶ,
2762 3940 2852 3994 καὶ
2887 3938 3390 4011 παραδεικνύντων
3432 3929 3533 4002 ἠμί*

1970 4042 2069 4113 τὴν
2099 4040 2299 4100 αἰτίαν.
2330 4037 2395 4091 δι’
2428 4037 2496 4108 ἢν
2523 4037 2552 4089 ό
2578 4034 2791 4088 πάντων
2818 4029 3163 4101 δημιουργὸς
3215 4029 3286 4083 τὸ
3313 4029 3374 4082 ἂν
3416 4020 3539 4092 καλῷ

1972 4129 2186 4185 κεῖσθαι
2209 4129 2323 4190 τοῖς
2357 4125 2642 4194 κτίσμασι,
2690 4118 2871 4175 καὶτὸ
2898 4117 3131 4181 τελείως
3175 4118 3331 4188 ἔχειν
3367 4119 3446 4179 εἰς
3468 4113 3539 4166 εὖ·

1972 4219 2227 4290 κοσμίαν,
2262 4218 2350 4271 διὰ
2371 4216 2464 4270 τοῦ
2498 4213 2824 4286 μεταλαχεῖν
2856 4209 3015 4278 ἁγίου
3045 4209 3381 4280 Πνεῦματος
3400 4207 3542 4275 ἐκμη-

1972 4316 2201 4387 χανᾶται
2232 4312 2327 4365 καὶ
2351 4309 2555 4363 δίδωσι.
2586 4306 2823 4376 Δυναμοῖ
2843 4304 2953 4373 γὰρ
2976 4302 3279 4373 οὐρανοὺς,
3305 4294 3388 4362 οἷς
3405 4298 3538 4362 εἰπερ

1975 4403 2191 4472 ἀπέχρη
2215 4399 2276 4452 τὸ
2301 4396 2550 4451 ἐκτίσθαι
2583 4397 2742 4466 μόνον
2762 4392 2899 4464 πρὸς
2918 4390 2981 4444 τδ
2999 4390 3335 4462 ὲρηρεῖσθαι
3359 4383 3530 4444 καλεῖς,

304 4484 464 4555 Atqui
487 4485 532 4539 si
568 4483 727 4554 paulo
749 4482 1054 4538 accuratius
1092 4481 1414 4551 ,expendere
1471 4479 1722 4546 velimus,
1768 4482 1871 4538 lioc
1902 4471 1951 4529 D
1978 4497 2078 4550 oux
2104 4491 2376 4562 ἀναγκαία
2399 4506 2501 4544 που
2537 4489 2754 4548 πάντως
2782 4487 2816 4555 ἡ
2846 4484 2932 4538 διὰ
2970 4483 3068 4536 τοῦ
3100 4481 3424 4553 Πνεῦματος
3446 4474 3533 4543 τῆ·

308 4593 495 4632 verum
540 4591 645 4631 non
692 4590 815 4633 esse
866 4574 1282 4646 comperiemus.
1323 4575 1510 4645 ltaque
1566 4573 1873 4630 laudabitur

305 4671 658 4726 contrarium.

371 4870 431 4926 B.
458 4869 627 4926 Recte
662 4869 844 4926 dixisti
873 4887 886 4923 ι
916 4866 1078 4939 653
1113 4866 1207 4920 scd
1236 4880 1336 4921 cur
1370 4866 1598 4921 dicimus
1627 4875 1870 4921 naturam

308 4971 363 5015 et
389 4971 564 5015 ortum
594 4960 828 5015 bominis
848 4961 900 5013 in
928 4956 1310 5029 perlectionem
1344 4966 1468 5011 tuuc
1498 4972 1627 5010 sane
1651 4958 1738 5011 vix
1770 4957 1871 5012 sibi

307 5053 716 5116 convenientem
770 5065 893 5105 esse
938 5053 1258 5115 deductum,
1314 5063 1435 5104 cum
1469 5064 1563 5119 per
1611 5049 1872 5117 Spiritum

311 5145 545 5200 divinant
563 5143 618 5198 in
644 5157 704 5197 sc
724 5143 931 5212 acecpit
956 5139 1224 5211 effigiem?

373 5326 441 5380 A.
466 5324 626 5382 Certe
661 5323 950 5379 obscurum
983 5320 1128 5376 istud
1179 5336 1286 5376 non
1319 5330 1424 5386 est,
1476 5321 1520 5376 si
1562 5330 1769 5376 naturae
1809 5319 1878 5373 la-

384 5525 427 5556 ’·
469 5523 609 5579 Psal.
640 5538 810 5587 xxxu,
842 5523 896 5575 6.
968 5523 1014 5554 ‘¹⁸
1058 5520 1212 5576 ttmn.
1245 5536 1282 5586 t,
1306 5520 1398 5586 20.
1428 5522 1517 5578 2¹.

1977 4588 2077 4655 ξις.
2126 4585 2287 4640 Ἀλλὰ
2316 4585 2423 4656 μὴν
2450 4581 2609 4636 τοῦτο
2633 4581 2734 4634 οὐκ
2767 4575 2966 4646 ἀληθὲς
2994 4574 3300 4641 ἐκδείξειεν
3322 4574 3386 4628 ἂν
3406 4573 3436 4640 ἡ
3458 4566 3530 4620 ἐπ’

1975 4677 2124 4749 αὐτῷ
2157 4676 2410 4748 βάσανος,
2435 4675 2578 4745 ἥπερ
2624 4671 2691 4726 ἂν
2727 4669 2937 4740 γένοιτο
2959 4666 3100 4739 πρὸς
3122 4665 3328 4736 ἡμῶν·
3362 4656 3530 4718 οὐκοῦν

1972 4769 2317 4840 εὐδοκιμήσει
2353 4766 2415 4819 τὸ
2446 4761 2701 4836 ἔμπαλιν.

2051 4863 2110 4917 Β.
2156 4861 2359 4931 Ὀρθῶς
2388 4859 2549 4930 ἔφης·
2575 4857 2627 4911 τί
2659 4856 2705 4911 δ’
2738 4855 2806 4909 ἂν
2839 4853 2942 4924 τὴν
2966 4850 3270 4924 ἀνθρώπου
3316 4849 3532 4919 quantes

1981 4958 2075 5009 xcxi.
2100 4954 2315 5024 γένεσιν
2337 4994 2352 5016 ,
2399 4951 2500 5004 οὐκ
2550 4951 2631 5012 είς
2658 4946 2970 5018 τελειότητα
3018 4944 3147 4998 τότε
3181 4943 3251 5014 δὴ
3284 4942 3429 5013 μόλις
3452 4935 3532 5005 τὴν

1982 5047 2119 5116 αὐτῇ
2150 5041 2604 5115 πρεπωδεστάτην
2635 5037 2867 5109 ἀνῆχθαί
2894 5053 3101 5108 φαμεν,
3133 5037 3305 5108 ἡνίκα
3334 5034 3421 5088 διὰ
3456 5027 3531 5083 τοῦ

1987 5137 2300 5207 Πνεύματος
2321 5134 2382 5187 τὸ
2409 5132 2550 5187 θεῖον
2569 5131 2655 5202 ἐφ’
2689 5132 2855 5201 ἑαυτῇ
2892 5126 3283 5200 πεπλούτηκεν
3310 5122 3538 5192 εξεικόνι·

1986 5245 2127 5300 epa:

2056 5325 2118 5371 Δ.
2150 5319 2259 5372 Καὶ
2282 5317 2386 5388 μὴν
2414 5315 2572 5369 τοῦτό
2603 5313 2669 5383 γέ
2695 5313 2843 5368 ἐστιν
2872 5311 2976 5366 οὐκ
2999 5308 3330 5381 ασυμςιανὶς
3350 5347 3367 5375 ,
3397 5305 3441 5357 εί
3463 5296 3534 5352 ὥ*

381 5753 461 5825 (l)
494 5752 697 5808 Desunt
730 5753 814 5808 liic
843 5753 1044 5823 aliquot
1081 5749 1333 5806 vocabula
1364 5765 1480 5820 qum
1507 5749 1740 5806 ‹lt-luisse
1774 5763 1876 5803 nou
1921 5746 2165 5802 videntur
2195 5744 2242 5799 in
2278 5744 2460 5801 codice
2489 5758 2593 5814 quo
2629 5757 2757 5801 usus
2786 5752 2868 5800 cst
2889 5739 3367 5812 OEcolampadius.
