3809 6125
274 347 376 406 327

338 576 418 632 Ne
445 574 621 631 sacris
656 570 955 643 Scripturis
1007 569 1177 640 legem
1225 568 1494 637 imponas.
1530 564 1785 620 ltaeretice
1824 578 1839 615 ι

269 682 426 722 nemo
459 680 589 721 vero
621 664 691 719 ita
740 656 932 718 emotae
965 659 1161 715 mentis
1198 657 1324 722 erit,
1357 664 1419 710 nt
1456 670 1576 711 cunt
1613 652 1846 724 Spiritus

269 766 492 814 sanctus
543 754 646 809 alia
693 750 950 823 praedicet
992 748 1059 803 de
1107 746 1280 813 Filio,
1334 745 1445 800 tuis
1498 741 1846 799 cavillatoriis

265 843 699 916 expositionibus
719 839 899 912 potius
927 851 1088 909 quam
1120 836 1193 891 illi
1227 834 1384 890 fidem
1412 832 1682 887 adhibeat.
1717 828 1845 899 Spi-

271 938 408 992 ritus
457 936 623 1006 igitur
665 941 886 988 sanctus
924 927 1156 999 appellat
1199 926 1398 982 Filium
1449 920 1680 978 Verbum
1727 938 1741 975 ε
1789 928 1842 973 tu

266 1041 401 1084 vero
433 1042 539 1082 tton
581 1024 837 1089 Verbum,
869 1022 964 1076 sed
989 1017 1151 1073 Verbi
1182 1014 1499 1086 participem
1530 1026 1654 1067 eum
1687 1010 1842 1066 sacis.

265 1118 401 1173 Nam
449 1118 493 1172 si
539 1115 741 1171 idcirco
770 1114 943 1186 ipsum
977 1108 1113 1165 dicis
1145 1117 1393 1162 vocatum
1428 1102 1689 1170 Verbum,
1717 1101 1842 1170 quia

163 1274 165 1276 ¹
267 1212 321 1265 id
353 1210 494 1280 quod
549 1207 698 1261 audit
737 1220 766 1259 a
813 1203 996 1269 Patre,
1040 1200 1194 1255 nobis
1239 1198 1546 1260 annuntiat,
1577 1192 1847 1263 quomodo

266 1317 372 1356 non
397 1300 632 1356 delirare
659 1292 974 1352 censearis?
998 1290 1098 1358 Qui
1130 1289 1275 1344 enim
1287 1282 1426 1342 ’talis
1457 1293 1559 1351 est,
1594 1299 1698 1340 non
1724 1297 1845 1336 am-

265 1391 406 1461 plius
438 1388 696 1453 Verbum,
725 1386 820 1442 sed
857 1382 1013 1439 Verbi
1038 1381 1310 1453 particeps
1341 1389 1424 1434 est
1451 1395 1464 1431 :
1504 1389 1677 1445 neque
1697 1373 1842 1429 enim

269 1482 410 1535 idern
441 1493 536 1549 per
564 1493 624 1532 se
649 1477 811 1532 suerit
835 1475 1105 1545 particeps
1132 1478 1186 1527 ει
1215 1470 1616 1540 participatum.
1650 1466 1847 1520 Exem-

265 1572 337 1641 pli
389 1570 586 1641 gratia,
643 1568 790 1635 aliud
839 1576 924 1621 est
964 1564 1252 1634 sapientia,
1303 1561 1449 1616 aliud
1490 1559 1707 1628 sapiens
1752 1556 1843 1625 qni

264 1661 545 1733 sapientia:
591 1659 863 1731 particeps
910 1666 1023 1722 est3
1080 1654 1229 1710 aliod
1281 1639 1660 1725 grammatica,
1698 1647 1843 1703 aliud

1292 337 1351 392 S.
1396 331 1673 391 CYRtLLt
1707 325 2173 384 ALExANmttNt
2215 324 2528 381 Attenuat&

941 453 1169 512 ALtUD.
1872 453 1919 509 A

3406 322 3518 382 328

2617 442 2821 496 ΑΛΛΟ.

2014 560 2129 615 Οὐκ
2154 557 2652 628 ἑπινομοθετήσεις,
2699 547 2747 610 ὦ
2792 550 3150 625 χριστομάχε,
3184 551 3303 616 ταῖς
3340 550 3523 619 θείαις

1948 653 2225 725 Γραφαῖς·
2274 649 2479 704 οὐδ’άν
2504 647 2715 718 γένοιτό
2751 664 2837 710 τις
2867 644 3087 716 ἔκφρων
3124 642 3404 708 τοσοῦτον,
3442 646 3524 711 ὡς

1944 744 2110 816 ἔτερα
2142 743 2393 812 λέγοντος
2418 740 2513 795 τοῦ
2544 740 2689 796 θείου
2726 737 3041 808 Πνεῦματος
3070 734 3201 807 περὶ
3231 734 3329 789 τοῦ
3360 735 3526 801 Υίοῦ,

1944 836 2057 898 τοῖς
2090 836 2199 898 σοῖς
2242 832 2525 887 πείθεσθαι
2550 827 2724 894 νόθοις
2748 830 3047 899 σοφίσμασι
3072 826 3294 897 μᾶλλον,
3312 828 3414 881 καὶ
3444 828 3530 901 μὴ

1946 925 2139 995 ἐκείνῳ
2184 922 2499 995 προσέχειν.
2560 922 2732 990 Λόγον
2777 916 3068 990 τοιγαροῦν
3119 918 3377 989 ὀνομάζει
3426 920 3526 975 τὸν

1946 1013 2077 1068 Υίὸν
2108 1012 2169 1066 τὸ
2198 1012 2424 1084 Πνεῦμα
2443 1011 2509 1066 τὸ
2532 1011 2685 1080 ἆγιον
2704 1025 2719 1041 ·
2762 1008 2922 1074 αὐτὸς
2953 1006 3009 1062 δὲ
3041 1007 3101 1062 οὗ
3126 1008 3299 1078 Λόγον
3329 1003 3523 1080 είσφέ-

1946 1121 2085 1175 ρεις,
2112 1101 2251 1158 ἀλλὰ
2286 1102 2463 1171 Λόγου
2497 1101 2743 1172 μέτοχον.
2771 1100 2837 1153 Et
2865 1098 2974 1170 γὰρ
3004 1098 3093 1154 διὰ
3116 1098 3277 1153 τοῦτο
3320 1099 3529 1173 κεκλῆ-

1947 1194 2071 1247 σθαι
2119 1193 2250 1264 φης’.
2272 1194 2435 1246 αὐτὸν
2482 1192 2677 1261 Λόγον,
2731 1191 3029 1263 ἐπειδήπερ
3076 1190 3237 1259 λόγον
3276 1189 3527 1257 ἀκούσας

1946 1280 2098 1352 παρὰ
2127 1279 2223 1335 τοῦ
2252 1282 2487 1353 Πατρός,
2520 1281 2708 1335 τοῦτον
2751 1282 2830 1345 εἰς
2857 1281 3008 1351 ἡμᾶς
3047 1279 3355 1353 ἐξήγγειλε,
3400 1280 3525 1347 πῶς

1943 1374 2046 1444 οὐχ
2070 1357 2346 1445 εὑρεθήσῃ
2374 1371 2557 1443 ληρῶν
2577 1373 2671 1440 ;’0
2689 1372 2800 1444 γὰρ
2829 1371 3073 1437 τοιοῦτος
3117 1371 3306 1427 οὐκίτι
3344 1371 3525 1441 Λόγος

1945 1467 2121 1534 ἐστὶν,
2163 1464 2303 1522 ἀλλὰ
2342 1463 2518 1533 Λόγου
2568 1464 2821 1535 μέτοχος·
2861 1463 2930 1516 οὐ4
2963 1460 3074 1535 γάρ
3105 1462 3173 1518 ἂν
3204 1462 3293 1535 εἴη
3321 1460 3527 1518 ταυτὸν

1943 1557 2022 1621 ὠς
2052 1557 2190 1628 πρὸς
2220 1556 2379 1611 ἑαυτὸ
2408 1555 2471 1609 τὸ
2523 1556 2748 1627 μέτοχόν
2791 1572 2940 1619 τινος
2988 1555 3085 1611 καὶ
3136 1554 3523 1626 μετεχόμενον.

1946 1647 2073 1705 Οἴον
2118 1649 2251 1722 φέρε
2282 1651 2479 1715 εἰπεῖν,
2526 1650 2560 1719 ἠ
2595 1647 2759 1717 σοφία
2793 1647 2932 1719 πρὸς
2958 1648 3051 1702 τὸν
3080 1648 3243 1717 σοφὸν
3267 1647 3366 1701 τὸν
3394 1662 3526 1718 μετ-

263 1751 656 1821 gramntaticus
686 1764 703 1804 ε
752 1749 983 1803 alterum
1017 1750 1163 1802 enim
1193 1754 1279 1801 cst
1310 1759 1397 1799 res
1432 1744 1570 1812 ipsa,
1614 1742 1842 1796 alterum
1873 1780 1921 1841 B
1946 1740 2140 1812 έχοντα
2180 1739 2349 1809 αὐτῆς
2373 1779 2388 1804 ,
2422 1738 2544 1792 οὐδὲ
2571 1739 2605 1809 ὴ
2642 1737 3007 1810 γραμματικὴ
3039 1736 3178 1808 πρὸς
3213 1735 3309 1791 τὸν
3337 1752 3523 1807 γραμ-

263 1842 356 1913 qui
395 1842 472 1898 rei
515 1841 656 1896 illius
688 1840 968 1911 particeps
1002 1845 1107 1893 est.
1139 1833 1516 1892 Necessarium
1550 1831 1713 1902 igitur
1739 1836 1843 1896 est,

261 1942 358 1987 aut
382 1931 619 1988 Verbum
666 1943 796 1986 esse
839 1928 1025 1993 fateri,
1056 1936 1112 1982 et
1157 1939 1261 1981 non
1299 1923 1459 1980 Veibi
1485 1923 1798 1994 participem
1830 1940 1874 1977 :·

263 2031 361 2077 aut
386 2024 431 2077 si
459 2021 734 2092 particeps
758 2029 840 2077 est
874 2020 1062 2085 Verbi,
1093 2033 1198 2073 non
1230 2017 1335 2086 iarn
1369 2015 1602 2072 Verbum
1630 2026 1845 2069 vocare.

263 2112 398 2168 Nam
428 2122 719 2181 utrumque
761 2103 924 2166 simul
967 2116 1212 2179 respectu
1256 2107 1338 2164 sui
1383 2106 1559 2176 ipsius
1583 2118 1705 2160 esse
1739 2117 1844 2158 non

264 2212 461 2275 potest.
489 2236 493 2240 -
519 2203 792 2273 planeque
845 2214 1066 2256 necesse
1125 2210 1230 2261 est,
1288 2207 1347 2252 ut
1389 2196 1561 2252 Filius
1615 2194 1843 2250 alterum

264 2298 469 2351 horum.
489 2295 562 2350 sit
606 2309 622 2347 z
653 2300 947 2362 utrumque
976 2305 1105 2347 vero
1144 2300 1523 2359 nequaquam..
1551 2284 1687 2341 Cum
1717 2295 1847 2339 vero

259 2384 447 2440 «lirina
489 2383 773 2452 Scriptura
809 2382 982 2453 ipsum
1033 2379 1265 2452 appellet
1312 2377 1584 2443 Verbum,
1628 2374 1846 2431 valeant

266 2476 348 2529 illi
390 2475 480 2544 qui
519 2474 692 2544 ipsum
736 2487 846 2527 non
885 2471 1148 2535 Verbum,
1180 2469 1274 2525 sed
1324 2467 1481 2524 Verbi
1527 2468 1843 2538 participem

260 2581 387 2623 esse
420 2566 629 2621 volunt.
1178 2614 1182 2618 .
1352 2616 1357 2622 ,

266 2840 425 2913 194
466 2839 537 2895 In
581 2837 763 2894 illud.-
801 2853 823 2890 ι
849 2834 1112 2893 Sustinuit
1143 2849 1349 2889 crucem
1381 2833 1674 2903 iynominla
1717 2846 1842 2886 cotr-

329 2922 521 2980 tempta
549 2909 622 2974 δ’,
664 2908 862 2963 ideireo
886 2916 935 2961 ει
958 2905 1103 2960 Deus
1126 2904 1376 2960 εααίιαοίι
1406 2903 1578 2964 illum,
1618 2912 1665 2956 et
1693 2901 1838 2955 dedit

329 2980 380 3035 ei
410 2994 620 3045 nomen,
651 2967 793 3049 quod
817 2986 1072 3045 estsuper
1099 2989 1249 3030 omns
1270 2987 1456 3027 nomen
1483 2969 1550 3025 ⁸⁹.
1583 2988 1603 3022 ι

719 3087 951 3159 ObJ‘ectio
996 3085 1379 3141 hoereticorum.
1864 3113 1907 3170 C

332 3201 608 3271 Scriptum
640 3209 745 3267 est,
781 3198 1038 3268 inquiunt
1066 3215 1080 3252 ι
1119 3214 1140 3250 ι
1167 3195 1412 3267 Cogitate
1436 3195 1542 3251 hoc
1567 3192 1759 3266 singuli
1783 3193 1836 3248 in

261 3289 434 3355 vobis,
465 3287 681 3355 fratres,
699 3285 840 3356 qnod
856 3293 910 3341 et
940 3285 995 3340 in
1024 3281 1244 3340 Christo
1262 3282 1409 3350 Jesn,
1431 3283 1665 3353 quicum
1695 3291 1839 3339 esset

263 3379 318 3435 in
352 3378 524 3433 forma
561 3377 677 3441 Dei,
716 3390 821 3431 nott
863 3375 1106 3445 rapinam
1152 3375 1453 3429 arbitratus
1495 3382 1581 3429 est
1616 3387 1675 3428 se
1715 3384 1839 3430 esse

261 3469 522 3540 aequalein
551 3467 696 3531 Deo;
733 3484 753 3518 ι
784 3476 957 3534 usque
984 3478 1091 3520 eo:
1125 3483 1147 3517 ι
1175 3462 1301 3520 ldeo
1325 3474 1383 3521 et
1415 3465 1555 3520 Deus
1580 3463 1847 3520 exaltavit

261 3561 436 3623 illum.
464 3568 518 3614 et
546 3557 694 3614 dedit
732 3558 782 3613 ei
827 3570 1025 3612 nomen
1062 3555 1207 3626 quod
1238 3565 1322 3611 est
1353 3569 1518 3625 snper
1550 3568 1713 3610 omne
1740 3564 1840 3610 no-

261 3670 384 3711 men
402 3654 472 3707 ⁸⁰.
494 3670 514 3704 ι
539 3651 595 3707 Si
624 3664 754 3722 ergo
775 3649 1044 3705 exaltatus
1065 3656 1153 3704 est
1180 3662 1211 3702 a
1242 3647 1375 3713 Deo,
1403 3655 1456 3702 ει
1482 3645 1839 3717 glorificatus,

261 3758 327 3799 ac
355 3742 516 3798 veluti
570 3756 667 3811 per
707 3739 936 3811 gratiam
986 3738 1193 3808 accepit
1223 3750 1416 3792 nomen
1465 3749 1630 3807 super
1670 3749 1839 3793 omno

262 3847 485 3897 nomen,
514 3831 639 3901 quia
683 3829 988 3886 humiliavit
1012 3829 1248 3897 seipsum
1270 3841 1441 3898 usque
1473 3827 1540 3881 ad
1574 3836 1834 3883 mortem:

260 3937 390 3995 ergo
420 3924 681 3977 bonorem
706 3919 850 3974 ltunc
867 3927 924 3976 et
944 3933 1140 3975 nomen
1155 3931 1317 3988 super
1329 3916 1510 3973 omnia
1535 3915 1836 3971 mercedem

263 4025 375 4070 suae
404 4012 730 4068 humilitatis
757 4011 986 4080 accepit,
1019 4025 1126 4064 non
1162 4018 1356 4064 natura
1399 4008 1669 4063 exsistens
1698 4007 1838 4064 Deus

260 4112 356 4158 aut
385 4101 574 4168 Filius,
619 4101 715 4157 sed
761 4099 1074 4157 accessione
1103 4100 1338 4170 quadam
1385 4098 1437 4153 id
1481 4094 1724 4153 effectus.
1779 4097 1835 4153 ld

259 4208 394 4251 vero
419 4193 563 4263 quod
591 4191 894 4260 adiectione
924 4190 1103 4259 aliqua
1135 4198 1275 4259 eget,
1318 4186 1690 4258 imperfectum
1731 4195 1834 4256 est,

263 4296 440 4353 neque
471 4282 524 4335 in
557 4295 653 4336 sua
685 4288 877 4335 natura
911 4279 1212 4337 absolutum
1242 4289 1406 4351 atquc
1443 4269 1750 4350 integrum3
1781 4291 1837 4339 et

263 4373 407 4446 quod
435 4372 732 4428 exaltatum
768 4370 1059 4440 aliquando
1092 4369 1211 4439 luit,
1239 4384 1462 4427 necesse
1485 4381 1570 4427 est
1596 4387 1661 4428 cx
1693 4372 1831 4429 inse-

1953 1829 2180 1901 ματικδν
2210 1830 2303 1885 τὸν
2325 1829 2625 1901 μετέχοντα
2647 1815 2973 1899 cinnoma
2982 1844 3074 1900 ρον
3087 1827 3196 1898 γάρ
3217 1844 3273 1881 τι
3292 1829 3523 1900 πρᾶγμα

1951 1921 2258 1993 καὶ’ἰτερόν
2288 1922 2456 1975 ἐστιν.
2495 1920 2736 1991 ’Λνάγκη
2761 1920 2941 1975 τοίνυν
2968 1919 3003 1990 ἢ
3033 1918 3206 1987 Λόγον
3237 1918 3524 1989 ὁμολογεῖν

1948 2012 2045 2067 καὶ
2071 2012 2135 2065 οὐ
2158 2011 2334 2080 Λόγου
2374 2010 2600 2083 μέτοχον
2619 2028 2633 2042 ·
2666 2010 2700 2083 ἢ
2735 2013 2785 2066 εἰ
2822 2011 3040 2083 μετέχει
3070 2010 3246 2080 Λόγου
3266 2050 3287 2077 ,
3324 2010 3529 2082 μηκέτι

1947 2104 2121 2173 Λόγον
2163 2101 2472 2173 ὀνομάζειν.
2527 2102 2766 2174 ’Λναιρεῖ
2804 2101 3117 2174 γάρτοῦτο
3159 2102 3361 2156 ἐκεῖνο.
3413 2101 3529 2156 Καὶ

1946 2194 2140 2263 ἐκείνῳ
2165 2192 2327 2247 τοῦτο
2359 2192 2615 2264 μάχεται,
2665 2193 2759 2246 καὶ
2783 2192 2864 2245 δεῖ
2891 2191 3108 2255 πάντως
3138 2190 3198 2244 ἐν
3221 2207 3278 2244 τι
3306 2190 3421 2247 τῶν
3449 2191 3528 2245 εί-

1953 2285 2203 2357 ρημένων
2246 2284 2514 2356 ὑπάρχειν
2539 2283 2634 2338 τὸν
2659 2282 2789 2337 Υίόν
2810 2299 2824 2313 ·
2851 2282 3137 2354 ἀμφότερα
3163 2280 3222 2335 δὲ
3244 2281 3523 2354 οὐδαμῶς.

1947 2376 2122 2444 Λόγον
2148 2375 2206 2429 δὲ
2236 2374 2401 2428 αὐτὸν
2425 2372 2802 2445 όνομαζούσης
2831 2374 2930 2443 τῆς
2963 2372 3113 2437 θείας
3146 2373 3398 2445 Γραφῆς,
3426 2374 3523 2445 ἐρ·

1895 2498 1898 2501 «
1946 2464 2154 2534 ρὧθαι
2175 2464 2478 2545 φράσωμεν
2501 2463 2725 2527 εἰκότως
2751 2466 2864 2528 τοῖς
2893 2465 3240 2549 εἰσφέρουσιν
3273 2464 3438 2520 αὐτὸν
3457 2464 3521 2519 οὐ

1943 2556 2139 2625 Λόγον,
2169 2554 2308 2610 ἀλλὰ
2332 2556 2506 2626 Λόγου
2535 2555 2783 2627 μέτοχον.

2452 2678 2818 2766 ΛΟΓΟΣ
2891 2679 3015 2764 K'.

1941 2834 2048 2896 Εἰς
2077 2813 2167 2899 τὸ,
2197 2851 2218 2887 ι
2259 2833 2557 2904 'rasuera-e
2583 2837 2851 2906 σταυρὸν
2885 2838 3187 2906 αἰσχύνης
3224 2851 3515 2906 natam»-

2011 2902 2243 2967 νήσας,
2284 2903 2375 2957 διὸ
2418 2905 2518 2984 κα]
2550 2909 2584 2960 d
2615 2908 2758 2973 Θεὸς
2785 2908 2972 2963 αὐτὸν
3002 2908 3390 2985 ὑπερύψωσε,
3421 2904 3520 2962 καὶ

2012 2969 2333 3041 ἐχαρίσατο
2353 2974 2514 3041 αὐτῳ
2537 2974 2606 3029 τὸ
2633 2975 2820 3047 ὄνομα
2849 2977 2913 3031 τὸ
2941 2978 3093 3047 ὑπὲρ
3124 2991 3250 3030 παν
3271 2976 3515 3047 ὄνομα.»

2181 3085 2503 3164 ’Ay-doecre
2529 3089 2610 3155 ὡς
2628 3090 2698 3144 ὲκ
2728 3088 2848 3146 τῶν
2870 3091 2945 3146 δι’
2979 3090 3275 3158 ἐναντίας.

2017 3195 2350 3272 Γέγραπται,
2404 3199 2597 3267 φασίν·
2636 3201 2937 3256 «Ἕκαστοι
2967 3200 3123 3255 τοῦτο
3168 3200 3424 3272 φρονεῖτε
3460 3199 3522 3254 ἐν

1946 3285 2095 3356 ὑμῖν,
2136 3287 2165 3339 ὃ
2200 3287 2294 3345 καὶΙ
2334 3291 2393 3345 ἐν
2423 3291 2646 3364 Χριστῷ
2702 3293 2909 3364 Ἰησοῦ,
2954 3293 3013 3357 ὃς
3051 3293 3111 3346 ἐν
3163 3294 3346 3363 μορφῇ
3379 3288 3518 3346 Θεοῦ

1945 3376 2228 3449 ὑπάρχων,
2255 3381 2353 3451 οὐχ
2381 3381 2675 3457 ἁρπαγμὸν
2706 3385 2950 3455 ἡγήσατο
2968 3384 3029 3438 τὸ
3056 3381 3197 3437 εἶναι
3223 3385 3315 3438 ίσα
3336 3381 3512 3454 Θεῷη

1943 3467 2049 3533 ἕως
2098 3468 2216 3534 τοῦ,
2274 3489 2293 3523 ι
2322 3472 2413 3525 Διὸ
2443 3474 2540 3526 καὶ
2582 3475 2611 3526 ὁ
2649 3472 2783 3538 Θεὸς
2813 3474 2976 3528 αὐτὸν
3010 3473 3376 3547 ὑπερύψωσσ,
3419 3473 3518 3528 καὶ

1943 3557 2235 3632 ἐχαρίσατο
2288 3561 2435 3633 αὐτῷ
2484 3563 2655 3634 ὄνομα
2705 3562 2769 3616 τὸ
2811 3563 2954 3636 ὑπὲρ
3003 3567 3114 3622 πᾶν
3155 3566 3344 3637 ὄνομα.
3380 3582 3403 3617 ι
3449 3565 3518 3618 Et

1943 3653 2123 3707 τοίνυν
2148 3652 2336 3725 ὑψώθη
2368 3653 2520 3726 παρὰ
2537 3651 2633 3709 τοῦ
2660 3655 2820 3721 Θεοῦ,
2850 3657 2947 3711 καὶ
2975 3656 3237 3728 ἐδοξάσθη
3258 3697 3274 3724 ,
3304 3655 3402 3710 καὶ
3434 3655 3519 3720 ὡς

1945 3745 2004 3799 ἐν
2052 3744 2392 3815 χαρίσματος
2431 3746 2588 3818 μέρει
2631 3746 2758 3818 ἔσχε
2806 3747 2869 3801 τὸ
2911 3748 3080 3818 ὄνομα
3114 3747 3176 3799 τὸ
3215 3747 3358 3816 ὑπὲρ
3402 3747 3522 3801 πᾶν

1943 3833 2134 3905 ὄνομα,
2179 3836 2262 3889 ὅτι
2306 3837 2669 3891 ἐταπείνωσεν
2698 3838 2890 3890 ἑαυτὸν
2923 3837 3082 3905 μέχρι
3111 3833 3343 3887 θανάτου
3365 3872 3384 3898 ,
3425 3854 3518 3906 μι-
3557 3868 3566 3875 -

1944 3924 2069 3978 σθὸν
2094 3923 2207 3995 ἔχει
2238 3925 2339 3996 τῆς
2364 3925 2741 3988 ταπεινώσεως
2778 3924 2878 3993 τὴν
2913 3923 3076 3995 τιμὴν
3112 3922 3207 3977 καὶ
3244 3922 3309 3976 τὸ
3337 3923 3509 3997 ὄνομα

1940 4014 2001 4068 τὸ
2046 4015 2188 4086 ὑπὲρ
2228 4017 2441 4071 πάντα·
2479 4016 2541 4070 οὐ
2567 4013 2728 4084 φύσει
2773 4015 2904 4078 Θεὸς
2931 4011 3008 4068 ὢν
3043 4015 3079 4085 ἢ
3119 4013 3270 4078 Υἱὸς,
3299 4014 3417 4068 ἀλλ’
3441 4017 3506 4068 ἐκ

1940 4103 2261 4176 προσθήκης
2288 4105 2462 4160 ταῦτα
2492 4105 2805 4177 γενόμενος.
2849 4104 2924 4158 Τὸ
2954 4089 3013 4159 δέ
3046 4105 3364 4177 προσθήκης
3388 4104 3501 4158 δεό-

1943 4210 2122 4264 μενον,
2157 4194 2345 4259 ἀτελὲς
2374 4194 2441 4250 ἂν
2473 4194 2562 4267 εἴη
2608 4197 2703 4249 καὶ
2745 4194 2960 4260 ἐλλιπὲς
3005 4196 3130 4249 ὅσον
3166 4198 3248 4259 είς
3294 4197 3400 4266 τὴν
3422 4196 3500 4249 oi-

1939 4286 2095 4342 κείαν
2116 4285 2295 4356 φύσιν.
2319 4289 2432 4341 Καὶ
2451 4289 2513 4342 τὸ
2542 4288 2845 4360 ὑψούμενόν
2873 4306 2997 4353 που,
3018 4287 3263 4342 κάτωθεν
3289 4289 3495 4357 ἀνάγκη

1937 4376 2076 4447 πρὸς
2108 4376 2265 4430 τοῦτο
2298 4376 2624 4447 ἐπαίρεσθαι
2644 4392 2657 4405 ·
2690 4378 2785 4430 καὶ
2806 4377 2868 4429 τὸ
2896 4377 3057 4447 χάριν
3082 4376 3371 4447 δεχόμενον
3398 4376 3499 4431 διί-

262 4465 408 4520 riore
434 4471 575 4518 statu
607 4476 672 4517 eo
696 4461 969 4518 sublatum
996 4475 1114 4518 esse
1146 4479 1160 4516 ι
1193 4471 1248 4518 ει
1271 4462 1414 4533 quod
1436 4462 1664 4534 gratiani
1691 4464 1837 4520 ac'ci-
1870 4458 1913 4512 D
1945 4466 2066 4519 σθαι
2093 4464 2199 4537 χρὴ
2229 4465 2449 4530 πάντως
2480 4459 2540 4520 οῦ
2580 4458 2823 4536 δέχεται·
2874 4467 2968 4519 καὶ
3018 4467 3079 4519 τὸ
3118 4465 3381 4537 τιμᾶσθαι
3409 4466 3500 4536 ζη-

260 4556 364 4629 pit,
406 4568 470 4610 ea
525 4554 745 4607 omnino
791 4552 1033 4624 indigeat
1079 4569 1096 4608 ε
1140 4554 1317 4622 etqui
1366 4554 1621 4611 honorari
1669 4556 1836 4626 cupit,

261 4653 477 4715 oportet
511 4651 572 4697 ut
617 4643 740 4698 talis
785 4658 893 4698 non
926 4642 1109 4709 luerit,
1155 4644 1329 4713 qualis
1355 4659 1473 4700 esse
1497 4647 1735 4716 optabat.
1779 4644 1838 4700 Si

262 4749 395 4806 ergo
424 4732 607 4789 datum
642 4741 725 4789 est
753 4733 828 4789 illi
858 4746 1052 4788 nomen
1081 4746 1244 4804 super
1265 4748 1425 4791 omne
1450 4750 1662 4802 nomen,
1690 4745 1838 4792 certe

263 4840 329 4882 ex
362 4833 552 4879 natura
577 4838 674 4877 sua
705 4825 806 4878 ltoc
841 4839 946 4879 non
970 4832 1110 4890 erat,
1155 4825 1248 4881 scd
1279 4825 1560 4895 postmodo
1584 4841 1682 4896 per
1710 4839 1836 4896 gra·

264 4917 394 4972 tiam
425 4915 527 4970 hoc
562 4913 736 4970 sactus
766 4923 869 4971 est.
913 4915 1067 4982 Quod
1108 4930 1234 4972 vero
1268 4916 1341 4971 ita
1383 4931 1443 4973 se
1475 4916 1656 4982 habet,
1690 4914 1832 4971 Deus

264 5021 385 5064 esse
418 5019 523 5061 non
563 5014 776 5075 potest:
812 5019 1003 5062 recens
1027 5006 1170 5063 enim
1200 5013 1306 5062 est.

572 5112 750 5170 But-is
779 5115 934 5186 liujus
972 5117 1279 5186 objectionis
1311 5117 1521 5172 solutio·

333 5225 647 5293 Qualisnam
687 5241 816 5281 vero
847 5229 1087 5284 accessio
1127 5230 1348 5285 lionoris
1386 5230 1440 5284 in
1469 5243 1535 5285 eo
1575 5228 1716 5286 saeta
1749 5239 1833 5286 est

264 5319 356 5387 qui
387 5333 507 5372 cnm
530 5327 675 5372 essct
705 5319 758 5370 in
791 5317 963 5371 torma
1006 5319 1118 5384 Dei,
1161 5321 1303 5375 servi
1338 5320 1565 5376 sormam
1616 5319 1831 5376 induit?

265 5412 335 5465 Λι
361 5413 633 5479 quomodo
662 5425 766 5464 non
786 5409 967 5479 potius
987 5409 1290 5466 imminutio
1316 5410 1541 5467 dicenda
1566 5420 1670 5477 est,
1705 5426 1828 5467 cum

266 5497 453 5553 relicto
506 5497 728 5567 majore,
783 5497 835 5551 id
888 5499 1029 5568 quod
1077 5498 1256 5554 minus
1309 5509 1394 5556 est
1439 5500 1830 5571 assumpserit!

336 5670 382 5702 ⁸⁸
412 5669 575 5725 llcbr.
607 5683 704 5740 ιιι,
729 5670 785 5728 2.
859 5670 904 5704 ⁸⁹
937 5670 1166 5742 Philipp.
1198 5686 1258 5734 tt,
1297 5669 1350 5726 9.
1425 5671 1473 5704 ⁸⁰
1495 5670 1626 5727 ibid.
1658 5672 1772 5729 5-9.

1939 4556 2085 4622 τοῦν,
2109 4558 2209 4611 οὐκ
2234 4552 2374 4612 εἶναι
2412 4555 2651 4613 τοιοῦτον
2679 4558 2889 4627 ἀνάγκη
2919 4556 3117 4626 λέγειν,
3143 4558 3280 4629 ὅπερ
3305 4556 3371 4628 δὴ
3410 4555 3500 4609 καὶ

1938 4646 2190 4714 γενέσθαι
2237 4646 2504 4717 βούλεται.
2541 4645 2603 4698 ΕΞ
2629 4640 2722 4698 οῦν
2755 4645 3018 4717 ἐχαρίσθη
3049 4645 3198 4717 αὐτῷ
3236 4646 3301 4699 τὸ
3335 4645 3501 4715 ὄνομα

1941 4737 2002 4789 τὸ
2028 4737 2168 4806 ὑπὲρ
2196 4738 2306 4790 πᾶν
2332 4732 2526 4805 ὄνομα,
2564 4733 2725 4805 φύσει
2754 4735 2856 4807 μὲν
2881 4736 3040 4790 τοῦτο
3063 4736 3164 4790 οὐκ
3189 4733 3279 4808 ἦν,
3311 4735 3501 4806 γίγονι

1938 4826 1996 4880 δὲ
2030 4825 2258 4898 ὕστερον
2286 4826 2426 4880 κατὰ
2475 4826 2637 4898 χάριν
2661 4844 2675 4858 ·
2709 4826 2773 4880 τὸ
2812 4827 2870 4880 δὲ
2907 4826 3080 4892 οῦτως
3110 4826 3255 4897 ἔχον,
3293 4827 3395 4881 οὐκ
3437 4824 3504 4880 ἂν

1937 4916 2024 4988 εἴη
2051 4916 2182 4980 Θεὸς
2199 4955 2213 4981 ,
2241 4915 2554 4987 πρόσφατον
2585 4918 2714 4989 γάρ.

2045 5117 2202 5189 Πρός
2239 5119 2424 5174 ταῦτα
2452 5121 2635 5187 λύσις
2671 5117 2892 5189 ἑφεξῆς
2922 5118 3002 5184 ὡς
3027 5117 3097 5172 ὲν
3126 5113 3400 5186 ἐπιτομῇ.

2008 5214 2120 5285 Καὶ
2149 5231 2276 5286 ποία
2300 5232 2490 5302 γέγονε
2516 5232 2803 5306 προσθήκη
2829 5231 2991 5301 τιμῆς
3022 5228 3100 5299 τῷ
3120 5229 3179 5281 ἐν
3198 5230 3385 5300 μορφῇ
3405 5226 3501 5300 μὲν

1939 5319 2236 5391 ὑπάρχοντι
2260 5321 2419 5386 Θεοῦ,
2445 5322 2791 5391 ἐνδυσαμένῳ
2815 5320 2872 5375 δὲ
2904 5319 3003 5390 τὴν
3028 5316 3123 5371 τοῦ
3155 5316 3348 5370 δούλου
3372 5331 3502 5387 μορο

1937 5410 2077 5480 φήν;
2106 5409 2229 5475 Πῶς
2256 5410 2314 5465 δέ
2339 5411 2537 5481 μᾶλλον
2566 5411 2665 5464 οὐκ
2687 5407 3027 5480 ηλαττῶσθαι
3055 5404 3256 5476 δόξειεν
3279 5404 3367 5470 ἂν,
3386 5406 3417 5459 ὁ
3442 5402 3504 5456 τὸ

1938 5499 2120 5569 μεῖζον
2170 5501 2330 5571 ἀφεὶς
2363 5503 2460 5556 καὶ
2504 5501 2566 5555 τὸ
2616 5502 2837 5556 ἔλαττον
2868 5496 3182 5568 άναλαὸώνς
3221 5494 3356 5564 Θεὸς
3401 5494 3503 5551 ὑπ·-
