3809 6125
309 276 413 338 ets
495 259 505 268 ‘

1308 282 1365 335 S.
1405 277 1675 335 cthLLt
1711 277 2180 334 ALEXANDRlNl
2219 276 2539 335 Attctnsst’.

3465 268 3582 324 stt

377 394 446 448 A.
485 393 726 464 Agedum
769 404 931 463 ergo,
994 408 1116 449 cum
1166 390 1327 449 Pater
1375 394 1446 449 sit
1497 394 1879 464 incorporeus,
1911 399 1955 454 Α
2054 393 2117 445 A.
2157 392 2290 461 Φέρε
2319 391 2383 461 δὴ
2409 386 2525 454 οῦν,
2554 390 2785 461 ἐπείπερ
2811 388 2946 458 ἡμῖν
2979 377 3326 455 ἀσώματοςὸ
3354 377 3577 452 Πατὴρ,

308 484 625 540 notionibus
654 491 963 540 creaturam
1003 486 1510 543 transcendentibus
1535 486 1714 555 quoad
1755 484 1882 539 licet

310 571 642 629 ineffabilem
683 574 800 644 ejus
839 583 896 629 et
940 574 1392 644 perfectissimam
1448 584 1694 630 naturam
1743 570 1880 629 deli·

308 675 553 730 neantes,
587 675 827 721 veterum
857 666 1020 722 ctiam
1048 666 1328 738 opiniones
1368 675 1619 723 accurate
1653 678 1881 738 perpen-

307 758 519 812 damus.
548 756 641 812 Sic
669 758 811 812 enim
835 757 1047 814 difficile
1077 775 1184 815 non
1216 759 1321 815 erit
1360 758 1429 816 ad
1460 760 1630 830 ipsam
1665 770 1879 829 quoque

307 847 522 901 demum
574 847 688 917 ejus
733 847 1022 918 imaginem
1057 863 1153 919 per
1194 849 1377 905 omnia
1411 848 1642 905 similem
1688 860 1880 919 perve-

308 936 442 1002 nire,
468 934 664 991 Filium
695 936 967 995 videlicet.

372 1025 434 1081 B.
483 1025 821 1098 Pergamus:
861 1041 1009 1087 recte
1041 1031 1186 1086 enim
1212 1031 1418 1087 dixisti.

372 1117 436 1172 A.
474 1116 691 1189 ltaque,
744 1120 1023 1177 descendit
1052 1120 1274 1192 quidem
1320 1123 1374 1178 in
1421 1122 1602 1193 specie
1645 1122 1784 1192 ignis
1818 1122 1874 1177 in

304 1215 540 1263 montem
567 1208 697 1263 Sina
727 1208 795 1263 ad
818 1208 1032 1265 Judaeos
1057 1210 1290 1281 primum
1312 1209 1694 1275 instituendos,
1721 1208 1876 1265 tuba-

303 1313 423 1353 rum
464 1308 626 1354 acuto
654 1308 710 1356 et
750 1300 959 1369 ingemi
993 1302 1172 1357 sonitu
1206 1301 1260 1357 in
1288 1300 1456 1356 altum
1485 1301 1659 1369 elato,
1685 1299 1876 1356 intole-

305 1387 530 1444 rabilem
551 1389 896 1446 audientibus
924 1398 1130 1446 metum
1153 1390 1469 1446 incutiente.
1503 1389 1608 1446 Sed
1634 1404 1760 1446 cum
1795 1389 1871 1444 illi

301 1481 542 1535 crassius
573 1481 640 1536 de
671 1481 781 1536 Deo
814 1482 1114 1551 sentirent,
1143 1491 1197 1537 et
1223 1481 1402 1552 palmo
1426 1481 1621 1537 coelum
1650 1482 1876 1538 metien-

301 1583 381 1627 tes
432 1571 527 1627 Dei
593 1572 815 1643 gloriam
880 1573 1009 1629 solis
1071 1572 1264 1644 typicis
1320 1572 1870 1643 comprehenderent,

298 1663 608 1734 cogitabant
663 1664 806 1733 apud
848 1678 908 1719 se
947 1663 1116 1735 ipsam
1168 1662 1261 1718 Dei
1299 1674 1544 1719 naturam
1598 1678 1659 1720 se
1699 1663 1872 1732 pervi-

299 1755 464 1821 disse,
493 1754 650 1825 qnasi
680 1755 812 1810 nihil
851 1754 994 1811 aliud
1032 1764 1177 1811 esset
1207 1769 1367 1825 quam
1395 1755 1534 1825 ignis
1554 1795 1573 1823 ,
1599 1761 1654 1809 et
1683 1768 1869 1809 rocem

298 1847 417 1915 ejus
449 1847 670 1902 auribus
711 1846 956 1903 hausisse
978 1888 995 1916 ,
1032 1847 1348 1919 organicam
1376 1847 1646 1904 videlicet.
1684 1844 1869 1917 ltaque

297 1952 421 1993 cum
450 1936 526 1993 illi
550 1952 767 2009 quoque
794 1938 862 2006 de
888 1940 1044 1995 Mose
1072 1940 1331 2009 praeclare
1354 1939 1643 2006 sentirent,
1666 1937 1868 1995 Christi

295 2029 598 2085 doctrinam
640 2030 915 2086 ridendam
957 2045 1078 2090 esse
1117 2032 1421 2103 putabant,
1467 2045 1532 2087 ac
1572 2030 1867 2087 dicebant:

294 2119 506 2191 Moyses
527 2120 615 2175 ille
637 2120 851 2176 divinus
874 2122 1125 2177 sensibus
1146 2120 1427 2177 oculorum
1449 2121 1690 2177 divinam
1712 2120 1870 2176 nobis

293 2220 542 2267 naturam
567 2210 832 2281 exhibuit,
852 2220 909 2268 et
934 2226 1223 2281 supernam
1246 2226 1439 2267 vocem
1463 2211 1655 2268 audire
1681 2211 1827 2268 dedit
1847 2225 1868 2267 ε

293 2304 570 2372 quomodo
601 2304 769 2375 igitur
794 2318 892 2362 nos
916 2302 1167 2361 Christus
1198 2304 1450 2375 ignaros,
1483 2313 1541 2361 et
1570 2303 1796 2360 multum
1834 2318 1867 2359 a

292 2404 443 2450 recto
480 2403 533 2450 et
574 2411 705 2451 vero
749 2396 1003 2452 deerrare
1036 2395 1254 2468 arguit?
1285 2413 1307 2448 ι
1328 2395 1535 2464 Amen,
1562 2410 1754 2462 amen,
1783 2396 1867 2451 in-

291 2485 443 2555 quit,
475 2486 600 2542 dico
624 2486 810 2552 vobis,
843 2500 1018 2557 neque
1051 2500 1239 2543 vocem
1268 2486 1387 2558 ejus
1416 2501 1654 2558 unquam
1691 2485 1864 2543 audii-

289 2577 425 2644 stis,
468 2592 644 2648 neque
675 2578 910 2648 speeiem
940 2576 1071 2648 ¹,ejus
1100 2578 1311 2635 vidistis
1335 2619 1351 2645 ,
1392 2588 1448 2635 et
1483 2578 1707 2635 verbum
1747 2577 1868 2648 ejus

288 2682 397 2723 non
435 2668 646 2725 habetis
684 2669 737 2722 in
760 2670 913 2725 vobis
940 2682 1166 2726 manens
1190 2684 1204 2722 ε
1233 2669 1360 2740 quia
1392 2684 1552 2740 quem
1581 2668 1728 2724 misit
1750 2669 1858 2737 ille,

289 2759 414 2814 hnic
447 2773 544 2841 yos
569 2774 674 2814 non
704 2759 928 2815 creditis
952 2759 1019 2816 ⁴⁸.
1047 2778 1068 2812 ι
1105 2757 1240 2815 Cum
1262 2760 1407 2815 enim
1437 2758 1624 2816 liceret
1647 2760 1701 2814 iu
1725 2757 1860 2816 Filio

286 2843 382 2903 Dei
427 2862 492 2903 ac
530 2848 708 2903 Patris
755 2857 1002 2903 naturam
1046 2850 1232 2919 utique
1274 2848 1673 2919 contemplari,
1717 2849 1859 2905 istud

285 2939 500 3008 quidem
532 2954 638 2994 non
669 2939 914 2995 iecerunt
946 2941 1162 3005 miseri,
1192 2943 1287 2996 sed
1316 2940 1449 3009 igni,
1495 2950 1552 2996 et
1598 2939 1856 3012 caligini,

283 3039 341 3085 et
371 3029 518 3086 fumo
550 3028 853 3085 divinitatis
879 3030 1123 3099 speciem
1147 3030 1388 3087 tribuere
1429 3031 1546 3086 ausi
1587 3040 1730 3087 sunt.
1773 3031 1859 3087 ld·
1884 3060 1930 3121 G

284 3121 432 3175 circo
454 3118 710 3190 paulatim
751 3133 847 3175 eos
873 3121 940 3176 ad
973 3119 1251 3178 meliorem
1285 3119 1496 3190 frugem
1529 3120 1854 3190 instituens,

283 3220 339 3264 et
373 3226 494 3266 cum
522 3225 588 3265 eo
613 3210 756 3279 quod
795 3209 991 3267 divinae
1024 3209 1293 3280 maiestati
1323 3210 1576 3268 convenit
1618 3210 1671 3265 id
1714 3213 1857 3280 quod

283 3300 578 3355 humanum
614 3310 699 3356 est
735 3302 1066 3372 coniungens
1089 3341 1107 3368 ,
1144 3300 1402 3358 servator
1430 3301 1608 3357 aiebat
1646 3319 1659 3356 :
1702 3321 1721 3355 ι
1753 3300 1856 3369 Qui

182 3415 193 3429 ι
282 3391 452 3447 credit
483 3391 536 3445 ln
570 3405 674 3455 me,
700 3406 807 3447 non
844 3392 1018 3448 credit
1043 3393 1097 3447 in
1124 3405 1229 3458 me,
1265 3393 1359 3449 sed
1394 3392 1448 3448 in
1478 3407 1602 3449 enm
1625 3393 1716 3462 qui
1751 3395 1853 3448 mi·

280 3482 351 3538 sit
378 3498 483 3538 me.
517 3483 581 3537 Et
597 3484 691 3553 qui
716 3485 859 3539 videt
886 3496 998 3548 me,
1025 3484 1169 3540 videt
1192 3497 1315 3540 eum
1336 3483 1424 3554 qui
1454 3485 1597 3539 misit
1624 3499 1711 3540 me
1734 3483 1803 3540 ⁸⁸.
1829 3505 1850 3538 ι

281 3575 527 3631 Ostendit
567 3574 710 3629 enim
757 3575 916 3630 tidem
960 3576 1014 3631 in
1055 3575 1326 3632 hominem
1380 3575 1698 3646 simpliciter
1744 3591 1852 3634 non

280 3683 431 3733 esse,
469 3669 562 3722 sed
588 3668 642 3721 in
673 3667 762 3721 Dei
795 3675 1081 3731 naturam,
1119 3667 1331 3722 tametsi
1375 3666 1607 3721 Verbum
1644 3677 1765 3724 erat
1798 3669 1849 3724 in

280 3772 465 3825 carne,
495 3773 560 3814 ex
587 3772 653 3814 eo
683 3755 825 3829 quod
852 3756 986 3813 fides
1015 3757 1066 3811 in
1090 3757 1266 3826 ipsum
1294 3772 1398 3812 non
1431 3757 1542 3812 liat.
1574 3757 1646 3814 Se
1668 3769 1848 3814 autem

277 3850 526 3906 eumdem
564 3863 687 3905 esse
717 3864 838 3915 cum
874 3848 986 3902 Deo
1009 3857 1063 3904 et
1097 3848 1278 3914 Patre,
1317 3851 1549 3905 naturali
1587 3851 1846 3907 similitu-

277 3942 404 3997 dine
446 3953 500 3997 et
540 3940 820 3995 identitate
869 3938 1219 4006 substantiae,
1265 3941 1560 3997 declaravit
1611 3944 1845 3999 dicens:

277 4030 442 4105 554
482 4052 501 4085 ι
536 4031 637 4097 Qui
672 4031 815 4087 videt
856 4046 973 4097 me,
1029 4032 1175 4088 videt
1214 4046 1337 4086 eum
1375 4033 1464 4102 qui
1511 4034 1655 4089 misit
1685 4050 1795 4091 me.
1820 4053 1840 4088 ι

276 4122 539 4190 Quoniam
560 4132 738 4177 autem
761 4121 926 4177 Pater
964 4123 1016 4176 in
1060 4120 1196 4178 Filio
1223 4123 1373 4178 clare
1401 4132 1455 4178 et
1487 4124 1846 4179 incommuta-

276 4212 457 4268 biliter
495 4213 736 4269 cernitur
778 4224 939 4282 atque
980 4215 1360 4284 cognoscitur,
1418 4217 1723 4270 communia
1777 4218 1844 4273 iis

275 4304 671 4375 quodammodo
698 4313 825 4360 sunt
856 4305 1071 4370 omnia,
1115 4305 1225 4360 imo
1251 4318 1380 4360 vero
1426 4307 1585 4361 unius
1646 4307 1842 4363 divini-

1980 484 2100 545 ταῖς
2152 480 2297 552 ὑπὲρ
2344 482 2521 535 κτίσιν
2545 478 2774 542 ἐννοίαις
2804 473 3301 538 είδοποιοῦντεςώς
3344 472 3424 526 ἔνι
3479 475 3581 543 τὴν

1979 573 2258 645 ἄφραστόν
2277 591 2338 627 τε
2366 572 2532 627 αὐτοῦ
2560 573 2653 625 καὶ
2686 568 2969 643 ἀκήρατον
3000 566 3185 637 φύσιν,
3215 567 3310 621 καὶ
3341 564 3445 629 τάς
3466 564 3581 619 τῶν

1981 664 2353 736 ἀρχαιοτέρων
2403 659 2953 733 πολυπραγμονῶμεν
2998 656 3180 724 δόξας.
3212 653 3317 728 Εἴη
3352 656 3469 727 γὰρ
3512 654 3582 709 ἂν

1980 754 2125 810 οὕτω
2159 755 2392 827 χαλεπὸν
2427 754 2603 820 οὐδὲν,
2637 754 2734 809 καὶ
2763 747 2853 817 ἐπ’
2883 751 3053 823 αὐτὴν
3090 750 3226 804 ίὲναι
3255 747 3451 803 λοιπὸν
3478 746 3584 820 τὴν

1980 849 2163 904 εἰκόνα
2188 848 2290 919 τὴν
2323 845 2741 918 ἀπαράλλακτον
2765 842 2956 909 αὑτοῦ,
2985 841 3130 913 φημὶ
3162 841 3229 914 δὴ
3256 840 3351 894 τὸν
3379 835 3542 895 Υἱόν.

2051 1027 2111 1087 Β.
2158 1031 2394 1102 Ἴωμεν*
2435 1028 2575 1102 ἔφης
2613 1027 2725 1098 γάρ
2762 1023 2960 1099 ὀρθῶς.

2048 1124 2113 1177 A.
2153 1119 2385 1185 Οὐκοῦν,
2418 1117 2681 1191 κατέθορε
2724 1118 2822 1189 μὲν
2864 1119 2923 1173 ὲν
2964 1116 3094 1171 εῖδει
3138 1106 3317 1189 πυρὸς
3349 1113 3452 1171 ἐπὶ
3508 1115 3576 1172 τὸ

1976 1213 2102 1284 δρος
2128 1212 2191 1266 τὸ
2219 1213 2372 1275 Σινᾶ,
2419 1209 2522 1282 τῆς
2562 1209 2947 1279 παιδαγωγίας
2971 1208 3071 1280 τῆς
3098 1207 3239 1280 πρὸς
3276 1202 3576 1275 Ἰουδαίους

1977 1302 2301 1373 ἀρχόμενος,
2335 1301 2426 1355 ὅτε
2457 1300 2554 1355 καὶ
2597 1299 2917 1369 σαλπίγγων
2963 1297 3156 1370 ὀρθρία
3197 1316 3261 1352 τε
3309 1288 3411 1352 καὶ
3456 1297 3574 1355 δια·

1978 1390 2205 1464 πρύσιος
2245 1389 2378 1463 ἠχὴ,
2407 1388 2547 1463 πρὸς
2575 1388 2638 1444 τδ
2662 1388 2775 1445 ἀνω
2808 1389 3117 1461 διᾴττουσα,
3149 1388 3443 1445 δύσοιστον
3465 1383 3575 1444 ἐτί-

1977 1480 2059 1535 θει
2096 1483 2208 1546 τοῖς
2240 1480 2618 1554 ἀκροωμένοις
2657 1480 2720 1535 τὸ
2746 1480 2932 1551 δεῖμα.
2950 1478 3090 1533 Ἀλλ’
3122 1479 3173 1533 oi
3209 1479 3395 1553 μικρὰ
3437 1495 3572 1553 φρο-

1974 1572 2195 1638 νοῦντες
2227 1572 2360 1645 περὶ
2393 1560 2554 1637 Θεοῦ,
2591 1572 2689 1626 καὶ
2718 1565 2974 1644 σπιθαμῇ
3000 1569 3338 1643 μετροῦντες
3362 1567 3463 1629 τὸν
3481 1573 3573 1630 ού-

1978 1662 2161 1735 ρανδν,
2185 1662 2286 1733 τὴν
2312 1661 2408 1716 τοῦ
2449 1661 2586 1715 Θεοῦ
2615 1660 2774 1726 δόξαν
2813 1664 2929 1726 τοῖς
2962 1664 3020 1717 ὲν
3051 1663 3209 1732 τύπῳ
3261 1659 3574 1735 πεφηνόσιν

1903 1734 1946 1789 Β
1974 1752 2459 1823 ὲγκατακλείοντες
2501 1752 2704 1823 μόνοις.
2744 1750 2914 1824 ᾤοντο
2956 1752 3102 1807 κατὰ
3151 1754 3302 1823 σφᾶς
3347 1754 3570 1823 αὒτὼς,

1974 1845 2143 1916 αὐτὴν
2170 1844 2272 1916 ἤδη
2300 1842 2401 1916 τὴν
2430 1842 2525 1898 τοῦ
2548 1841 2685 1897 Θεοῦ
2711 1844 3059 1917 καταθρῆσαι
3089 1842 3288 1915 φύσιν,
3315 1846 3397 1910 ὡς
3413 1839 3570 1901 οὐδὲν

1971 1932 2137 1990 οὖσαν
2173 1936 2381 2009 ἕτερον,
2417 1935 2450 2009 ἦ
2487 1934 2599 2007 πῦρ
2632 1936 2729 1989 καὶ
2758 1936 2944 2007 φωνὴν
2971 1936 3054 2001 είς
3082 1930 3180 2001 οῦς
3228 1931 3568 2010 “detestas

1973 2027 2071 2098 τὴν
2123 2026 2445 2098 ὀργανικὴν.
2481 2025 2753 2099 Ταύτῃτοι
2791 2026 2886 2081 καὶ
2922 2027 3067 2098 μέγα
3100 2022 3437 2098 φρονοῦντες
3471 2027 3567 2085 ἐπὶ

1972 2120 2165 2173 Μωσεί
2187 2156 2203 2182 ,
2247 2118 2317 2172 τά
2363 2116 2603 2190 Χριστοῦ
2647 2117 2996 2189 παιδεύματα
3040 2117 3404 2189 διαγελᾶσθαι
3447 2117 3561 2176 δεῖν

1970 2207 2137 2279 ᾤοντό
2174 2224 2235 2261 τε
2273 2207 2372 2262 καὶ
2399 2206 2670 2275 ἔφασκον·
2717 2208 2923 2279 Μωσῆς
2952 2205 2982 2262 δ
3013 2208 3446 2276 θεσπέσιοςταῐς
3471 2209 3555 2265 δι’

1969 2298 2234 2369 ὀμμάτων
2259 2298 2546 2370 αἰσθήσεσι
2573 2298 2674 2369 τὴν
2700 2296 2853 2354 θείαν
2880 2301 3011 2371 ἡμῖν
3043 2300 3341 2374 παρέθηκε
3373 2301 3558 2374 φύσιν,

1969 2388 2062 2441 καὶ
2092 2388 2278 2460 φωνῆς
2311 2388 2415 2459 τῆς
2446 2383 2654 2443 ἀνωθεν
2678 2388 2913 2443 ἀκοῦσαι
2940 2386 3292 2462 δεδώρηται·
3330 2393 3448 2459 πῶς
3477 2386 3575 2451 ὧν

1967 2472 2392 2547 ἀμαθαίνοντας,
2436 2477 2531 2531 καὶ
2566 2476 2703 2532 πολὺ
2732 2477 2825 2533 τοῦ
2856 2479 3168 2552 πρέποντος
3195 2483 3558 2547 ἀπονενευκό-

1966 2584 2085 2631 τας,
2120 2566 2218 2621 καὶ
2260 2568 2361 2642 τῆς
2408 2567 2669 2641 ἀληθείας
2715 2569 3174 2644 ἀπεσφαλμένους
3220 2574 3554 2648 διήλεγξενί

1965 2660 2236 2732 Χριστόςς
2273 2661 2509 2734 «Ἀμὴν,
2550 2664 2719 2735 ἀμὴν,
2750 2666 2905 2746 φησὶ,
2934 2664 3081 2735 λέγω
3114 2663 3284 2738 ύμῖν,
3313 2668 3445 2724 σῦτε
3464 2685 3561 2742 φο·

1964 2751 2061 2824 νὴν
2086 2747 2251 2807 αὐτοῦ
2278 2751 2501 2807 πώποτε
2528 2756 2824 2827 ἀκηκόατε,
2859 2757 2982 2812 οὔτε
3014 2753 3163 2825 εἶδος
3185 2761 3372 2817 αὐτοῦ
3397 2761 3558 2836 ἑωρά-

1962 2861 2122 2912 κατε,
2141 2844 2238 2901 καὶ
2264 2843 2355 2901 τδν
2376 2845 2532 2915 λόγον
2553 2841 2720 2902 αὐτοῦ
2742 2850 2844 2905 οὐκ
2868 2850 3019 2923 ἔχετε
3060 2854 3124 2906 ὲν
3148 2849 3295 2926 ὑμῖν
3317 2857 3548 2928 μένοντι,

1960 2935 2041 2988 ὅτι
2059 2936 2118 2989 ὃν
2140 2933 2460 2992 ἀπέστειλεν
2489 2938 2721 3006 ἐκεῖνος,
2737 2940 2913 3016 τούτῳ
2934 2938 3095 3015 ὑμεῖς
3114 2944 3177 2999 οὐ
3209 2947 3530 3004 πιστεύετε.»

1961 3026 2155 3080 Καίτοι
2185 3025 2297 3098 γὰρ
2327 3027 2449 3082 ἐνὸν
2478 3028 2537 3085 ὲν
2566 3024 2680 3103 Υἰῷ
2706 3030 2804 3104 τὴν
2827 3032 2921 3088 τοῦ
2947 3031 3087 3089 Θεοῦ
3116 3036 3224 3092 καὶ
3262 3037 3458 3112 Πατρὶς
3479 3031 3539 3093 εὖ

1971 3115 2116 3186 μάλα
2148 3116 2520 3174 καταθεᾶσθαι
2561 3118 2748 3191 φύσιν,
2780 3121 2939 3176 τοῦτο
2988 3120 3092 3195 μὲν
3142 3126 3257 3181 οὐκ
3295 3127 3461 3201 ἔδρων
3499 3126 3552 3181 οἶ

1964 3208 2207 3276 δείλαιοι,
2237 3211 2374 3284 πυρὶ
2396 3206 2453 3267 δὲ
2494 3214 2588 3267 καὶ
2609 3210 2792 3286 γνόφῳ
2821 3215 2914 3269 καὶ
2941 3218 3178 3282 καπνοῖς
3213 3218 3283 3274 τδ
3311 3218 3415 3292 τῆς
3438 3218 3547 3274 θεό-

1963 3318 2126 3373 τητος
2144 3299 2285 3368 εῐδος
2301 3304 2563 3361 ἀνάπτειν
2584 3305 2977 3379 τεθαρσήκασι.
2995 3307 3091 3364 Διδ
3111 3310 3182 3384 δὴ
3207 3314 3359 3368 κατά
3382 3313 3548 3386 βραχῦ

1966 3393 2381 3464 μεταπαιδεύων
2430 3395 2523 3449 ἐπὶ
2569 3395 2630 3449 τὸ
2672 3397 2897 3468 ἄμεινον
2941 3400 3036 3454 καὶ
3089 3402 3414 3475 χρήσιμον,
3463 3403 3548 3457 καὶ

1960 3484 2283 3539 ἀναπλέκων
2314 3485 2393 3553 τῷ
2421 3487 2718 3556 θεοπρεπεῖ
2738 3484 2801 3541 τὸ
2828 3487 3207 3562 ἀνθρώπινον,
3247 3493 3495 3565 ‘vam
3519 3494 3550 3549 ύ

1960 3577 2151 3650 Σωτήρ
2170 3595 2182 3609 ·
2222 3597 2240 3628 t
2266 3578 2322 3633 ‘0
2348 3580 2618 3634 πιστεύων
2646 3581 2725 3644 είς
2750 3582 2874 3651 ἐμὲ,
2901 3584 2961 3636 οὐ
2996 3584 3255 3640 πιστεύει
3296 3591 3380 3652 εἰς
3428 3587 3545 3660 ἐμὲ,

1959 3667 2073 3722 ἀλλ’
2104 3672 2180 3733 είς
2200 3671 2292 3723 τὸν
2320 3671 2613 3742 πέμψαντά
2648 3690 2737 3744 με.
2765 3675 2875 3727 Καὶ
2896 3675 2924 3727 ὁ
2951 3674 3176 3747 θεωρῶν
3200 3679 3331 3750 ἐμὲ,
3352 3679 3548 3753 θεωρεῖ

1956 3763 2048 3817 τὸν
2076 3765 2475 3820 ἀποστείλαντά
2510 3785 2599 3838 με.
2628 3771 2781 3823 »Ὅτι
2816 3769 2916 3841 μὲν
2949 3769 3060 3841 γὰρ
3090 3772 3194 3826 οὐκ
3227 3776 3311 3838 είς
3336 3775 3544 3847 ἀνθρω-

1957 3875 2058 3910 πον
2087 3856 2271 3922 ἀπλῶς
2297 3860 2330 3929 ἡ
2356 3858 2560 3927 πίστις,
2592 3861 2707 3914 ἀλλ’
2732 3864 2811 3926 είς
2833 3862 2971 3916 Θεοῦ
2996 3864 3181 3932 φύσιν,
3214 3869 3266 3922 εί
3297 3869 3398 3922 καὶ
3417 3863 3490 3942 ἦν
3509 3870 3538 3923 6

1955 3947 2128 4018 Λόγος
2153 3951 2210 4002 ὲν
2236 3952 2422 4021 σαρκὶ,
2442 3950 2528 4006 διὰ
2556 3950 2650 4006 τοῦ
2690 3953 2764 4026 μὴ
2790 3956 2869 4018 εἰς
2887 3955 3049 4009 αὐτὸν
3074 3959 3427 4028 πράττεσθαι
3444 3958 3532 4033 τῇ.

1954 4038 2157 4106 πίστιν,
2195 4036 2253 4094 εὖ
2284 4041 2429 4112 μάλα
2458 4041 3016 4116 διαμεμήνυκεν.”οτι
3048 4048 3105 4101 δέ
3132 4051 3292 4107 ἐστιν
3317 4056 3383 4109 ἐν
3413 4072 3532 4108 ταν·

1953 4131 2135 4202 τότητι
2182 4135 2247 4203 τῇ
2303 4132 2443 4186 κατά
2492 4134 2669 4188 πάντα
2700 4135 2781 4207 τῷ
2809 4136 2930 4210 Θεῷ
2958 4140 3052 4193 καὶ
3084 4140 3287 4214 Πατρὶ,
3316 4143 3410 4200 διά
3438 4145 3530 4218 τὴν

1953 4219 2185 4292 φυσικὴν
2217 4222 2512 4293 ἐμφέρειαν
2537 4224 2631 4278 καὶ
2659 4225 2720 4280 τὸ
2742 4230 2843 4299 τῆς
2874 4228 3061 4292 οὐσίας
3090 4232 3268 4286 οἱονεὶ·
3287 4252 3526 4291 ταυτοει-

1947 4307 2056 4373 δὲς,
2084 4309 2327 4380 διεσάφει
2375 4311 2546 4383 λέγων
2568 4333 2580 4345 ·
2633 4335 2651 4368 ι
2676 4316 2735 4369 '0
2769 4317 2989 4388 θεωρῶν
3036 4320 3157 4392 ἐμὲ,
3193 4322 3400 4399 θεωρεῖ
3438 4329 3527 4383 τὸν

277 4396 403 4452 tatis
427 4395 646 4467 propria
675 4395 795 4466 jure
830 4406 1123 4453 censentur
1158 4412 1223 4453 ea
1263 4412 1384 4468 quae
1424 4408 1551 4454 sunt
1593 4399 1649 4454 in
1691 4409 1838 4456 utro-
1876 4414 1920 4469 υ
1947 4401 2240 4473 πέμψαντά
2269 4421 2357 4474 με.
2394 4425 2412 4457 ι
2432 4404 2649 4480 Ἐπειδὴ
2674 4407 2731 4460 δὲ
2759 4410 2789 4462 ὁ
2816 4409 3005 4482 Πατὴρ
3028 4414 3088 4464 ἐν
3113 4413 3232 4486 Υίῷ
3257 4416 3524 4492 λαμπρῶς

274 4504 400 4559 que.
425 4487 769 4559 Proindeque
799 4491 866 4546 ad
895 4505 1049 4546 stium
1083 4491 1300 4547 Patrem
1332 4506 1397 4548 ac
1418 4489 1585 4548 Deum
1617 4492 1795 4548 alebat
1825 4515 1839 4551 ι

1943 4497 2035 4551 καὶ
2050 4495 2483 4568 ἀπαραλλάκτως
2507 4500 2699 4568 ὁρᾶται
2735 4501 2829 4554 καὶ
2856 4501 3209 4573 γινώσκεται,
3232 4509 3396 4564 κοινά
3413 4526 3524 4574 ως

281 4600 300 4633 ι
338 4582 528 4637 Omnia
570 4595 688 4636 rnen
736 4590 824 4637 tua
863 4593 1022 4650 sunt,
1075 4594 1132 4639 et
1176 4593 1265 4638 tua
1305 4598 1425 4639 mea
1455 4584 1524 4641 ⁸⁸.
1553 4602 1573 4637 ι
1616 4584 1839 4655 Imagini
1942 4588 2043 4659 ἤδη
2067 4589 2136 4642 τὰ
2166 4590 2343 4642 πάντα
2372 4589 2575 4654 αὐτοῖς,
2610 4593 2810 4663 μᾶλλον
2856 4593 2912 4647 δὲ
2956 4595 3056 4666 τῆς
3088 4599 3225 4667 μιᾶς
3269 4599 3522 4675 θεότητος

273 4673 414 4726 enim
456 4687 578 4727 cum
637 4686 766 4728 vero
804 4673 1140 4742 exemplari,
1202 4682 1258 4728 et
1307 4687 1497 4729 rursus
1545 4677 1841 4744 exemplari
1944 4676 2050 4731 ἴδια
2075 4680 2236 4731 voci-c*
2287 4679 2352 4733 ἂν
2377 4679 2602 4743 εἰκότως
2638 4682 2705 4736 τὰ
2749 4683 2807 4737 ὲν
2850 4685 3069 4755 ἀμφοῖν.
3102 4687 3405 4762 Τοιγάρτοι
3432 4693 3521 4747 καὶ

271 4777 392 4817 cnm
418 4762 694 4818 simillima
719 4763 953 4834 imagine
987 4762 1191 4818 nullum
1226 4773 1311 4819 est
1335 4765 1660 4831 discrimen,
1691 4767 1838 4836 qnod
1943 4768 2148 4836 ἔφασκε
2216 4771 2353 4842 πρὸς
2404 4772 2496 4825 τὸν
2544 4774 2738 4829 ἑαυτοῦ
2787 4777 3006 4848 Πατέρα
3032 4779 3150 4834 ’καὶ
3202 4780 3344 4837 Θεὸν
3368 4827 3386 4850 ,
3442 4786 3522 4840 δτι

271 4856 339 4910 ad
363 4854 786 4911 similitudinem
820 4855 1071 4911 nimirum
1115 4863 1324 4925 spectat
1367 4870 1432 4911 ac
1463 4856 1648 4912 tormae
1680 4857 1836 4913 iden·
1946 4879 1964 4910 t
1996 4859 2181 4913 Πάντα
2222 4861 2290 4914 τὰ
2332 4862 2462 4931 ἐμὰ,
2492 4863 2565 4916 σά
2593 4865 2731 4928 ἐστι,
2768 4865 2862 4918 καὶ
2889 4867 2957 4919 τὰ
2992 4867 3080 4932 σὰ,
3109 4868 3243 4939 ἄμα.
3276 4891 3297 4922 ι
3337 4873 3519 4928 ntus-n

270 4944 497 4999 titatetn.
558 4941 711 4998 Unde
773 4957 894 4999 cum
950 4942 1229 5014 Philippus
1280 4959 1422 5001 unus
1474 4960 1506 5000 e
1555 4947 1835 5017 discipulis
1942 4951 2042 5021 μὲν
2071 4951 2180 5022 γὰρ
2215 4953 2350 5022 πρὸς
2377 4955 2437 5006 τὸ
2466 4953 2711 5025 ἀκριδῶς
2754 4957 3024 5022 ίσότυπον,
3078 4960 3327 5033 ίσοτύπῳ
3359 4964 3418 5018 δὲ
3454 4959 3519 5019 αὖ

266 5037 411 5092 haud
439 5036 572 5092 satis
610 5040 949 5091 considerate
978 5048 1239 5108 rogaret:
1281 5055 1300 5088 ι
1336 5036 1580 5103 Domine,
1614 5045 1835 5096 ostende
1932 5042 2069 5113 πρὸς
2118 5045 2529 5115 ὲμφερεστὰτην
2583 5046 2766 5099 εἰκόνα
2792 5086 2810 5111 ,
2851 5047 2913 5100 τὸ
2955 5049 3279 5107 διαλλάττον
3326 5057 3514 5118 οὐδὲν.

266 5128 424 5182 nobis
451 5127 668 5183 Patrem
686 5167 703 5192 ,
743 5135 798 5182 et
832 5126 1031 5183 suflicit
1057 5130 1214 5185 nobis
1235 5169 1252 5195 ,
1293 5147 1312 5182 ι
1355 5130 1829 5200 interrogationem
1934 5134 2077 5187 κατά
2100 5151 2187 5202 γε,
2222 5138 2384 5205 φημὶ,
2410 5137 2468 5188 τὸ
2485 5140 2542 5188 ὲν
2561 5137 2818 5206 ὁμοιώσει
2843 5156 2904 5193 τε
2923 5141 3010 5192 καὶ
3030 5143 3107 5205 ὡς
3137 5143 3196 5196 ἐν
3223 5145 3359 5201 εῖδει
3384 5164 3517 5202 ταυ·

261 5231 496 5286 carpens
521 5237 534 5275 ι
571 5239 590 5273 ι
630 5219 802 5274 Tanto
837 5228 1103 5290 tempore,
1131 5221 1324 5291 inquit,
1359 5221 1635 5277 vobiscum
1668 5235 1787 5277 sum
1813 5262 1829 5289 ,
1928 5224 2039 5278 τόν.
2060 5225 2169 5279 Καὶ
2187 5227 2315 5293 γοῦν
2343 5229 2443 5280 οὐκ
2464 5227 2522 5291 ἐξ
2542 5229 2802 5298 ἁκριόοῦς
2826 5231 3033 5293 ἑννοίας
3060 5233 3515 5302 φιλοπευστοῦντί

262 5317 318 5364 et
342 5323 446 5363 non
472 5312 764 5381 cognovisti
791 5326 908 5376 me,
934 5310 1220 5382 philippe?
1260 5311 1359 5380 Qui
1387 5312 1531 5368 videt
1552 5326 1660 5377 me,
1685 5313 1830 5368 videt
1930 5331 2058 5367 ποτε
2083 5315 2191 5367 τῶν
2240 5317 2496 5388 μαθητῶν
2535 5319 2614 5371 ἐνὶ
2645 5320 2934 5389 (Φίλιππος
2960 5314 3115 5386 οὗτος
3144 5319 3264 5396 ἦν),
3297 5328 3512 5398 λέγοντί

261 5407 318 5452 et
342 5396 575 5453 Patrem.
615 5400 730 5456 Non
755 5403 933 5459 credis
976 5403 1100 5471 qnia
1147 5417 1245 5470 ego
1271 5404 1323 5457 in
1347 5403 1540 5469 Patre,
1571 5413 1626 5458 et
1667 5402 1828 5459 Pater
1924 5420 1984 5456 τε
2008 5420 2022 5435 ·
2067 5423 2084 5454 ι
2120 5405 2325 5474 Κύριε,
2370 5405 2544 5469 δεῖξον
2590 5409 2725 5478 ἡμῖν
2774 5409 2865 5462 τὸν
2907 5411 3125 5482 Πατέρα
3149 5454 3165 5478 ,
3211 5419 3312 5469 καὶ
3348 5417 3515 5490 ἀρκεῖ

261 5488 316 5545 itt
349 5503 434 5544 mc
475 5499 556 5544 est
584 5489 627 5522 δ’
649 5492 675 5534 9
712 5493 820 5548 Euo
852 5504 906 5550 et
940 5493 1101 5550 Pater
1123 5532 1140 5560 ,
1173 5508 1336 5547 unum
1373 5507 1560 5548 snmus
1583 5492 1648 5548 ⁸⁸.
1682 5512 1701 5545 ι
1737 5492 1823 5548 Fi·
1926 5497 2075 5567 ἡμῖν·
2110 5515 2127 5545 ι
2161 5497 2259 5549 οὐκ
2277 5495 2577 5567 ἀμώμητον
2598 5500 2753 5567 ἀφεὶς
2775 5500 2872 5571 τὴν
2902 5501 3192 5577 ἐρώτησιν,
3223 5507 3512 5581 «Τοσούτῳ

340 5646 388 5681 ⁴⁶
412 5646 571 5704 «ioan.
606 5665 658 5717 v,
683 5649 771 5716 57,
803 5648 895 5704 58.
969 5651 1016 5683 ⁴⁸
1036 5649 1190 5709 loan.
1230 5666 1302 5706 xit
1324 5691 1337 5715 ,
1373 5650 1476 5712 Η.
1503 5651 1595 5710 45.
1673 5651 1718 5685 ⁸⁸
1740 5650 1893 5708 Joan.
1928 5667 2059 5712 xvn.
2093 5653 2181 5707 10.
2259 5651 2302 5683 ⁴⁷
2339 5649 2492 5708 «ioan.
2524 5668 2632 5718 ειν,
2658 5653 2805 5712 8-10.
2888 5658 2935 5693 ⁴⁸
2964 5658 3119 5716 toan.
3152 5677 3210 5730 x,
3239 5664 3333 5722 80.

562 5932 601 5952 Q
