3809 6125
282 346 386 402 499

1313 346 1371 399 S.
1413 344 1681 411 cYRtLLt
1717 341 2180 399 ALt-:xANDRtNt
2220 339 2541 398 Attentsst'.

3440 315 3549 371 500

285 467 468 521 cedent
497 464 825 531 retribueuS,
852 465 1016 537 294
1054 465 1254 535 quique
1298 472 1606 519 sanctorum
1652 473 1853 520 coetutn
1883 467 1932 524 Α
1960 459 2253 515 ποιούντων
2280 458 2469 520 Θυσίας
2494 452 2909 522 ἀποδεχόμενος,
2929 437 3214 501 ἀποδιδούς
3236 454 3296 491 τε
3327 435 3550 501 ἕκαστίιῑ

286 558 339 611 ἰιι
368 571 593 625 regnum
623 557 881 611 coetorum
920 555 1149 625 recipit?

633 776 716 829 Ex
753 778 776 829 Ι
808 776 1042 843 Epistola
1072 780 1139 828 ad
1169 776 1510 830 Timotheum.

367 924 388 956 ι
430 905 628 958 Paulus
663 906 941 973 apostolus
985 904 1110 960 lesu
1159 906 1359 960 Christi
1406 905 1698 961 secuudum
1749 909 1851 962 int-

288 994 498 1065 perium
534 993 625 1050 Dei
659 994 958 1050 Sais-atoris
1010 997 1203 1061 nostri,
1247 1005 1301 1050 et
1328 996 1525 1051 Christi
1575 996 1699 1051 Jesu
1740 999 1853 1067 spei

289 1095 512 1150 nostrae,
542 1086 826 1140 Timotheo
879 1088 1096 1155 proprio
1164 1088 1272 1142 tilio
1331 1088 1384 1142 in
1448 1090 1551 1143 tide
1576 1090 1644 1143 ⁸¹.
1681 1089 1855 1145 »Ecce

289 1189 354 1229 ex
398 1173 621 1242 imperio
679 1174 771 1228 Dei
823 1174 1119 1229 salvatoris
1179 1176 1347 1231 nostri
1407 1192 1468 1234 se
1523 1178 1855 1246 apostolatus

290 1264 650 1319 ministerium
709 1266 984 1335 accepisse
1042 1264 1238 1321 Paulus
1284 1276 1530 1325 testatur.
1571 1268 1856 1325 Videamus

290 1369 441 1425 ergo,
463 1356 800 1425 inquirentes
829 1372 860 1414 e
889 1372 1045 1412 sacra
1067 1356 1368 1424 Scriptura,
1387 1373 1451 1411 an
1479 1373 1581 1413 non
1611 1361 1678 1414 sit
1697 1359 1852 1415 Chri·

289 1456 408 1503 stus
446 1449 537 1517 qui
588 1463 710 1503 eutn
744 1449 796 1503 in
844 1449 1148 1518 apostolatu
1181 1450 1477 1503 constituit.
1509 1449 1642 1504 Cutn
1679 1451 1858 1521 itaque

290 1549 717 1611 oppugnaturus,
750 1550 809 1594 ut
836 1540 1097 1607 seriptum
1129 1551 1234 1605 est,
1260 1542 1550 1612 discipulos
1571 1556 1634 1597 ex
1666 1542 1856 1596 Hiero-

289 1626 514 1696 solymis
542 1625 859 1681 Damascum
890 1626 1344 1697 proficisceretur,
1374 1629 1425 1683 in
1461 1629 1637 1683 medio
1666 1629 1859 1683 itinere

288 1713 540 1770 Christus
560 1714 608 1770 ei
631 1716 880 1784 apparuit
901 1717 1086 1772 dicens
1111 1733 1125 1770 ι
1155 1735 1175 1768 ι
1199 1716 1382 1781 Saule,
1411 1715 1596 1780 Sauie,
1621 1717 1748 1786 quid
1774 1732 1858 1772 nte

1950 553 2049 622 τὴν
2077 549 2226 622 αὐτῷ
2255 550 2571 617 πρέπουσαν
2608 541 2862 615 ἀμοιὸὴν,
2914 536 3008 591 καὶ
3056 534 3138 595 είς
3174 529 3276 599 τὴν
3311 528 3428 581 τῶν
3456 544 3542 580 ou·

1956 642 2132 715 ρανῶν
2157 640 2433 711 βασιλείαν
2467 635 2790 705 εἰσπέμπων
2817 632 2909 684 τὸν
2935 627 3044 681 τῶν
3072 623 3244 692 ἁγίων
3269 619 3461 693 χορόν·

2342 775 2439 825 Ἐκ
2464 770 2573 839 τῆς
2600 765 2750 839 πρὸς
2790 764 3072 832 Τιμόθεον
3097 764 3169 813 α’.

2033 928 2050 959 ι
2088 908 2297 969 Παῦλος
2349 902 2643 965 ἀπόστολος
2684 898 2856 969 Ἰησοῦ
2905 895 3024 950 κατ’
3080 887 3352 961 ἐπιταγὴν
3410 886 3549 941 Θεοῦ

1960 997 2214 1069 Σωτῆρος
2261 995 2455 1067 ἡμῶν,
2510 993 2604 1048 καὶ
2661 987 2899 1061 Χριστοῦ
2953 983 3128 1057 Ἰησοῦ
3185 982 3287 1052 τῆς
3331 978 3552 1043 ἐλπίδος

1954 1092 1987 1161 ἡ
1998 1090 2133 1162 μῶν,
2174 1085 2427 1160 Τιμοθέῳ
2444 1083 2655 1156 γνησίῳ
2679 1082 2855 1151 τέκνῳ
2882 1081 2940 1134 ὲν
2966 1078 3172 1131 πίστει.
3204 1093 3223 1127 ι
3263 1072 3401 1126 Ἰδοὺ
3427 1070 3548 1126 κατ’

1956 1176 2222 1247 ἐπιταγὴν
2251 1173 2389 1231 Θεοῦ
2436 1174 2531 1227 τοῦ
2576 1172 2832 1243 Σωτῆρος
2863 1168 3019 1239 ἡμῶν
3062 1163 3421 1235 ἀναδεδὲχθαι
3451 1162 3549 1232 τὴν

1960 1271 2061 1339 τῆς
2087 1268 2393 1339 ἀποστολῆς
2438 1263 2782 1337 λειτουργίαν
2818 1263 2847 1315 ὁ
2884 1257 3096 1321 Παῦλος
3146 1253 3543 1326 διισχυρίσατο.

1970 1360 2110 1413 Ἀλλ’
2138 1361 2340 1431 ἴδωμεν
2369 1358 2717 1423 ἐξετάζοντες
2759 1354 2868 1407 ἀπὸ
2893 1350 2991 1422 τῆς
3029 1348 3180 1412 θείας
3211 1345 3463 1420 Γραφῆς,
3498 1346 3547 1397 εί

1962 1452 2038 1522 μὴ
2089 1448 2323 1519 Χριστός
2375 1449 2525 1501 ἐστιν
2583 1449 2612 1500 ὁ
2664 1440 2928 1507 ἐπιτάξας
2972 1437 3142 1510 αὐτῷ.
3188 1436 3325 1490 Ὅτε
3366 1434 3546 1488 τοίνυν

1961 1538 2286 1612 πορθήσων,
2332 1539 2409 1603 ὡς
2459 1538 2795 1609 γέγραπται,
2843 1531 2973 1595 τοῦς
3020 1526 3272 1601 μαθητὰς
3323 1527 3392 1579 ὲκ
3438 1524 3545 1578 τῶν

1970 1629 2363 1700 Ἰεροσολύμων
2405 1630 2485 1692 εἰς
2537 1624 2830 1696 Δαμασκὸν
2880 1622 3159 1693 ἠπείγετο,
3189 1616 3337 1674 κατὰ
3374 1615 3546 1688 μέσην

1963 1719 2076 1772 ὄντι
2103 1717 2201 1789 τὴν
2236 1717 2376 1780 ὁδὸν,
2409 1717 2760 1787 ἐπιφαίνεται
2790 1712 3026 1783 Χριστὸς
3058 1708 3267 1779 λέγων·
3298 1726 3320 1761 ι
3348 1706 3544 1765 Σαοὺλ.

289 1804 674 1874 persequeris?
703 1824 722 1857 ι
759 1804 1135 1876 Respondente
1159 1822 1286 1861 vero
1314 1806 1478 1861 Panto
1510 1822 1572 1861 ae
1604 1806 1851 1862 dicente:
1888 1810 1930 1864 B
1959 1808 2153 1874 Σαοὺλ,
2186 1807 2241 1860 τί
2276 1824 2343 1878 με
2367 1805 2619 1873 διώκεις;
2648 1825 2667 1858 ι
2703 1804 2915 1859 Παύλου
2937 1801 2995 1855 δὲ
3024 1796 3545 1865 ἀνατωνθανομὲνου

294 1914 312 1945 ι
341 1893 476 1961 Quis
508 1908 590 1958 σε,
624 1893 888 1949 Domine?
926 1896 1059 1964 Ego,
1092 1896 1286 1965 inquit,
1322 1910 1441 1951 sum
1484 1894 1663 1962 sesns,
1701 1909 1858 1964 quem

291 1996 345 2037 tu
378 1982 748 2054 persequeris.
783 1982 889 2040 Sed
916 1999 1080 2054 surge
1109 1993 1161 2040 et
1205 1986 1343 2039 intra
1370 1987 1421 2039 iu
1453 1987 1660 2053 urbem,
1697 1994 1750 2039 et
1779 1985 1860 2038 di-

288 2084 442 2128 cetur
474 2074 570 2130 tibi
610 2074 740 2143 quid
774 2085 1024 2145 oporteat
1059 2085 1112 2130 te
1140 2075 1340 2131 facere.
1372 2094 1391 2127 ι
1423 2076 1560 2142 Quid
1599 2085 1776 2129 autem
1809 2077 1857 2130 ei

287 2166 489 2217 dictum
516 2165 589 2219 sit
627 2166 678 2218 in
709 2167 914 2220 eisdem
960 2181 1175 2221 rursum
1201 2167 1425 2223 Actibus
1461 2168 1733 2222 iuvenitur
1755 2169 1800 2199 ⁸¹
1841 2186 1855 2222 ι

294 2276 311 2303 ι
341 2252 726 2323 JeJunautibus
774 2254 916 2312 enirn
951 2257 1109 2327 ipsiS,
1141 2257 1734 2312 et·adtninistrautibus
1760 2260 1859 2314 Do-

289 2348 455 2410 mino,
491 2347 630 2403 dixit
661 2348 895 2419 Spiritus
931 2359 1190 2404 sanctus:
1239 2348 1530 2420 segregate
1562 2349 1692 2405 mihi
1729 2350 1860 2405 Bar·

289 2438 479 2492 nubam
509 2448 567 2494 et
600 2438 822 2496 Paulum
861 2440 928 2495 ad
957 2454 1092 2511 opus
1127 2443 1193 2494 ad
1223 2442 1365 2511 quod
1400 2456 1492 2496 eos
1523 2442 1706 2497 vocavi
1727 2443 1794 2496 ⁸⁸.
1833 2461 1853 2495 ι

289 2528 492 2583 Deinde
542 2544 727 2586 rursus
769 2533 836 2585 de
892 2530 1000 2585 illis
1039 2532 1301 2599 scripturn
1342 2539 1425 2585 est
1463 2533 1628 2600 quod,
1656 2549 1675 2583 ι
1713 2532 1859 2588 Missi

285 2630 382 2682 per
412 2616 674 2686 Spiritum
707 2627 951 2674 sanctum
1001 2618 1226 2688 proiecti
1274 2628 1400 2675 sunt
1452 2619 1503 2673 in
1537 2619 1856 2686 Seleuciam,

284 2716 338 2762 et
367 2709 494 2764 inde
527 2710 852 2780 navigarunt
895 2710 946 2765 in
999 2709 1255 2781 Cyprum,
1283 2718 1337 2765 et
1368 2722 1554 2781 postea
1602 2711 1656 2765 in
1701 2711 1857 2767 Saia-

284 2800 513 2868 minam,
534 2808 587 2856 et
614 2802 1074 2856 annuntiaverunt
1113 2803 1334 2856 verbum
1371 2803 1463 2858 Dei
1487 2804 1538 2857 in
1570 2803 1856 2874 synagogis

280 2890 590 2946 Judaeorum
617 2891 685 2946 ⁸⁸.
720 2910 741 2944 ι
775 2891 941 2950 Vides
975 2894 1245 2972 quot-uodo
1270 2908 1339 2949 ex
1381 2893 1639 2949 mandato
1663 2894 1856 2948 Salva-

283 2983 420 3037 toris
455 2982 626 3037 nostri
671 2997 766 3053 per
790 2982 1052 3053 Spiritum
1083 2993 1329 3038 sanetum
1364 2983 1430 3037 ad
1459 2983 1855 3052 praedicandum

284 3072 707 3130 mittiturZ'Curn
736 3075 898 3143 igitur
921 3083 977 3129 et
1005 3075 1170 3129 Deum
1204 3075 1379 3145 ipsunt
1407 3084 1462 3129 et
1495 3075 1850 3140 salvatorem,

1963 1900 2058 1953 καὶ
2099 1898 2351 1966 λέγοντος
2376 1916 2391 1930 ·
2455 1918 2474 1946 ι
2505 1897 2601 1957 Τίς
2636 1892 2708 1959 εἴ,
2739 1895 2946 1962 Κύριε;
2993 1890 3154 1957 Ἐγὼ,
3194 1885 3383 1957 φησὶν,
3424 1883 3545 1954 είμὶ

1974 1988 2203 2058 Ἰησοῦς,
2234 1987 2296 2041 ὃν
2324 1987 2389 2039 σὺ
2408 1985 2644 2048 διώκεις.
2691 1981 2852 2036 Ἀλλὰ
2883 1977 3167 2049 ἀνάστηθι,
3199 1976 3293 2031 καὶ
3320 1974 3538 2029 εἴσελθε

1961 2074 2042 2141 εἰς
2081 2079 2183 2150 τὴν
2232 2078 2431 2142 πόλιν,
2484 2078 2579 2130 καὶ
2626 2071 2996 2145 λαληθήσεταί
3052 2085 3134 2124 σοι
3172 2067 3203 2123 δ
3236 2065 3292 2121 τί
3339 2083 3401 2119 σε
3447 2066 3535 2119 δεῖ

1961 2172 2155 2225 ποιεῖν.
2196 2188 2215 2221 ι
2242 2168 2308 2222 Τί
2337 2164 2429 2222 οῦν
2480 2167 2589 2238 ἄρα
2627 2164 2761 2237 πρὸς
2790 2163 2952 2219 αὐτὸν
2984 2157 3213 2232 ἐλαλήθη
3239 2157 3423 2223 πάλιν,
3467 2156 3528 2209 ἒν

1959 2261 2078 2324 ταῖς
2111 2257 2384 2330 Πράξεσιν
2405 2257 2514 2312 τῶν
2537 2255 2853 2313 ἀποστόλων
2876 2252 3225 2325 εὑρίσκομεν,
3251 2251 3334 2305 δτι
3370 2266 3391 2301 ι
3416 2249 3537 2318 Νη-

1962 2350 2260 2404 στευόντων
2285 2349 2345 2403 δὲ
2382 2347 2561 2403 αὐτῶν
2598 2348 2695 2402 καὶ
2726 2343 3188 2418 λειτουργούντων
3216 2340 3296 2413 τῷ
3320 2340 3538 2412 Κυρίῳ,

1958 2436 2078 2495 εἷπε
2116 2440 2176 2495 τὸ
2223 2439 2448 2511 Πνεῦμα
2490 2438 2552 2493 τὸ
2596 2438 2781 2508 ἅγιον·
2837 2434 3161 2505 Ἀφορίσατε
3204 2434 3270 2505 δὴ
3313 2449 3409 2504 μοι
3455 2433 3543 2487 τὸν

1960 2532 2247 2602 Βαρνάδαν
2274 2533 2479 2585 καὶτὸν
2510 2531 2712 2584 Σαῦλον
2733 2532 2812 2592 είς
2850 2528 2912 2581 τὸ
2937 2527 3099 2598 ἔργον
3137 2525 3167 2580 ὃ
3200 2523 3542 2598 προσκέκλη-

1961 2638 2059 2692 μαι
2098 2610 2313 2684 αὗτούς.
2350 2643 2367 2673 ι
2403 2617 2536 2675 Εἶτα
2583 2622 2745 2676 πάλιν
2783 2620 3096 2691 γέγραπται
3148 2617 3285 2690 περὶ
3336 2617 3540 2678 αὐτῶν,

1957 2710 2039 2764 ὅτι
2074 2728 2092 2761 ι
2122 2711 2185 2764 Oi.
2212 2709 2313 2781 μὲν
2342 2706 2437 2764 οῦν
2467 2709 2810 2781 πεμφθέντες
2837 2707 2927 2762 διὰ
2967 2706 3062 2763 τοῦ
3098 2705 3429 2779 Πνεύματος
3449 2704 3539 2759 τοῦ

1958 2801 2135 2872 ἁγίου,
2175 2800 2417 2876 ἀπῆλθον
2452 2802 2533 2866 είς
2563 2800 2906 2866 Σελεύκειαν,
2937 2798 3148 2853 ἐκεῖθεν
3174 2798 3235 2853 δὲ
3264 2797 3540 2853 ἀπέπλευ-

1958 2909 2059 2947 σαν
2087 2895 2168 2957 είς
2204 2892 2449 2965 Κύπρον.
2485 2894 2597 2947 Καὶ
2640 2894 2924 2965 γενόμενοι
2956 2891 3016 2947 ὲν
3060 2891 3362 2963 Σαλαμῖνι.
3407 2905 3536 2945 κατ-

1956 2980 2218 3053 ήγγειλαν
2243 2982 2336 3037 τὸν
2364 2983 2523 3052 λόγον
2551 2982 2644 3037 τοῦ
2668 2983 2802 3038 Θεοῦ
2828 2985 2885 3036 ὲν
2909 2985 3027 3046 ταῖς
3055 2983 3410 3050 συναγωγαῖς
3434 2979 3537 3034 τῶν

1968 3074 2257 3129 Ἰουδαίων.
2289 3090 2311 3126 ι
2346 3076 2508 3146 Ὀρᾷς
2535 3077 2682 3140 ὅπως
2711 3076 2831 3129 κατ’
2865 3072 3129 3145 ἐπιταγὴν
3151 3071 3251 3126 τοῦ
3281 3071 3536 3142 Σωτῆρος
3555 3130 3574 3155 ,

279 3174 334 3220 ct
369 3182 517 3235 spem
546 3176 787 3221 nostram
816 3175 1013 3220 vocet:
1038 3165 1306 3236 quomodo
1329 3182 1434 3223 nou
1464 3168 1534 3222 sit
1563 3168 1850 3223 vehenten-
1879 3143 1927 3204 C
1957 3164 2116 3236 ἡμῶν
2146 3166 2235 3219 διὰ
2257 3166 2349 3220 τοῦ
2381 3167 2536 3235 ἁγίου
2573 3166 2891 3238 Πνεύματος
2924 3163 3176 3239 κηρύξων
3209 3157 3533 3239 αιιιιιιι-ιιέλλι-1

282 3264 364 3306 ter
394 3255 612 3323 impium
641 3255 834 3310 Filium
870 3271 1176 3310 creaturam
1220 3258 1450 3312 vocare?
1483 3257 1638 3323 Nam,
1696 3259 1740 3312 si
1775 3259 1847 3313 ita

279 3353 443 3411 esset,
484 3356 791 3401 creaturam
841 3347 1019 3401 coiere
1052 3346 1597 3416 deprehenderentur,
1648 3359 1702 3405 et
1754 3365 1849 3421 per

279 3445 586 3490 creaturam
618 3437 808 3492 salvati
855 3452 1007 3500 esse,
1051 3446 1104 3492 et
1152 3437 1206 3493 in
1262 3450 1507 3495 creatura
1545 3455 1694 3510 spem
1747 3457 1848 3497 no·

279 3534 443 3578 stram
473 3525 790 3591 collocasse,
813 3527 1088 3599 nihiioque
1129 3528 1378 3586 meliores
1411 3546 1531 3587 csse
1558 3548 1654 3588 nos
1681 3547 1845 3603 qnam

277 3614 369 3683 qui
398 3625 675 3674 creaturas
714 3623 963 3674 adorant.

945 3900 1170 3958 ALtuo.

347 4022 365 4054 ‹
401 4001 556 4059 lusto
583 4003 664 4058 tex
698 4005 872 4073 posita
907 4020 1015 4061 non
1049 4016 1155 4072 est,
1193 4008 1286 4063 sed
1342 4007 1554 4076 injustis
1613 4021 1666 4067 et
1719 4013 1838 4067 iuo-

269 4094 614 4152 bedientibus
650 4096 719 4150 ⁸⁸.
782 4103 817 4149 ι’
860 4095 1064 4153 Deinde
1108 4098 1273 4153 muita
1335 4100 1421 4156 his
1475 4118 1839 4162 annumerans

271 4185 432 4253 nuta,
468 4188 684 4241 tandem
721 4187 883 4244 insert
912 4205 927 4241 ι
962 4206 982 4240 ι
1011 4188 1079 4244 Ει
1118 4191 1161 4244 si
1210 4190 1336 4258 quid
1379 4191 1520 4246 aliud
1560 4208 1706 4249 sanae
1739 4196 1838 4250 do·

267 4276 458 4330 ctu-inae
495 4277 817 4331 adversatur
866 4292 986 4348 quae
1032 4288 1116 4334 est
1144 4280 1437 4335 secuudum
1488 4281 1834 4354 Evangeiiutn

267 4364 454 4433 gioria>
486 4363 627 4418 beati
667 4364 782 4431 Dei,
805 4368 946 4435 quod
972 4369 1234 4424 creditum
1264 4379 1346 4424 est
1377 4371 1506 4425 ιιιίΙιί
1529 4372 1594 4426 ⁸⁸.
1623 4377 1642 4424 ι
1671 4373 1836 4444 Cujus

268 4472 400 4525 crgo
452 4455 796 4526 Evangetimn
854 4459 1019 4515 Paulo
1066 4462 1328 4517 creditum
1373 4464 1493 4519 est?
1543 4465 1831 4536 cujusnam

267 4564 466 4617 praeco,
501 4558 558 4605 et
604 4552 923 4621 praedicator
971 4552 1092 4615 suit.
1133 4555 1233 4610 nisi
1291 4555 1592 4613 Salvatoris
1659 4563 1831 4616 nostri

265 4640 677 4712 Christi‚quem
727 4643 945 4698 beatum
998 4645 1166 4701 Deum
1212 4663 1413 4704 vocans
1441 4661 1683 4705 creatum
1726 4654 1834 4708 diei

270 4746 376 4787 nou
433 4747 592 4802 posse
634 4734 912 4791 declarat?
953 4738 1231 4803 Quomodo
1275 4742 1418 4795 euim
1473 4743 1612 4798 Deus
1657 4745 1725 4797 sit
1783 4745 1833 4798 id

265 4824 410 4893 quod
442 4823 643 4879 iactum
680 4835 735 4881 et
770 4842 958 4883 recens
987 4829 1110 4884 est?
1136 4828 1269 4884 Nam
1305 4832 1351 4886 si
1401 4834 1660 4903 quidquid
1683 4852 1826 4889 crea·

269 4924 378 4967 tum
408 4925 511 4980 est,
536 4924 591 4971 et
625 4915 821 4971 saetam
847 4921 1138 4975 essentiam
1172 4922 1352 4987 habet,
1380 4924 1542 4996 295
1570 4941 1634 4980 ex
1667 4927 1832 4980 nihilo

266 5005 329 5059 ad
356 5019 478 5059 esse
529 5005 847 5074 traducitur,
879 5013 1149 5078 quomodo
1179 5030 1281 5068 uon
1316 5015 1386 5068 sit
1421 5017 1650 5072 recens?
1679 5018 1828 5084 Quod

265 5111 394 5149 vero
422 5094 685 5164 ejusmodi
715 5105 820 5162 est,
865 5099 1003 5154 Deus
1029 5117 1134 5155 non
1168 5114 1282 5160 est:
1320 5123 1339 5157 ι
1385 5105 1567 5174 Neque
1597 5108 1699 5162 erit
1735 5109 1828 5163 tibi

267 5183 411 5239 Deus
451 5198 643 5240 recens
668 5181 733 5252 ⁸⁷,
769 5204 788 5237 ι
823 5187 995 5256 inquit
1027 5206 1180 5245 sacra
1207 5193 1508 5263 Scriptura.
1541 5197 1673 5252 Cum
1704 5214 1829 5253 vero

263 5275 333 5328 sit
375 5275 513 5331 Deus
554 5274 744 5341 Fitins,
779 5293 882 5332 uon
913 5289 994 5334 est
1023 5280 1206 5351 itaque
1228 5299 1440 5341 recens.
1474 5287 1625 5355 Quod
1674 5291 1717 5344 si
1755 5291 1825 5344 ita

263 5375 367 5430 est,
417 5381 546 5434 ergo
590 5382 689 5423 nee
725 5380 992 5424 ereatura.
1037 5370 1189 5438 Quod
1249 5386 1427 5432 autern
1482 5378 1824 5450 Evangeiiunt

264 5454 570 5513 servatoris
601 5460 769 5514 nostri
800 5462 850 5516 ei
885 5462 953 5518 ab
987 5463 1104 5532 ipso
1131 5467 1397 5522 creditum
1432 5471 1520 5535 sit,
1559 5472 1673 5541 ipse
1704 5490 1824 5528 rur-

332 5629 373 5658 ““
405 5628 422 5682 Ι
452 5627 589 5682 Τίιιι.
635 5646 671 5692 ι,
706 5631 754 5693 i,
794 5631 848 5685 2.
926 5636 968 5666 ⁸²
1007 5635 1126 5691 Act.
1163 5653 1237 5702 tx,
1276 5640 1388 5693 1-7.

264 5697 304 5729 '¹'
339 5698 476 5753 t‘sat.
501 5713 663 5763 cxxx,
693 5699 771 5754 tt»,

1467 5644 1509 5672 ⁸³
1542 5644 1661 5699 Act.
1692 5662 1807 5713 xttt,
1838 5649 1891 5702 2.

1952 3274 2076 3323 ταις
2102 3258 2235 3310 Ὅτε
2269 3259 2448 3313 τοίνυν
2480 3259 2576 3314 καὶ
2629 3259 2764 3313 Θεὸν
2808 3258 2990 3323 αὑτὸν,
3029 3259 3125 3312 καὶ
3158 3256 3416 3327 Σωτῆρα,
3443 3252 3535 3311 καὶ

1952 3346 2144 3400 ἐλπίδα
2196 3348 2354 3419 ἡμῶν
2401 3348 2701 3413 ἀποκαλεῖ,
2755 3348 2868 3411 πῶς
2916 3349 2977 3401 οῦ
3044 3347 3164 3401 λίαν
3219 3344 3430 3421 ἀσεΰὲς,
3459 3340 3534 3427 ,τῦ

1954 3437 2163 3508 ποίημα
2194 3437 2371 3505 λέγειν
2402 3439 2492 3491 τὸν
2533 3438 2698 3504 Υίόν;
2728 3432 3534 3523 Εὑρεθησόμεθᾳχὰρςςᾶἒῶ·

1951 3545 2063 3592 τως
2087 3526 2207 3602 ἔχῃ,
2231 3529 2325 3581 καὶ
2359 3531 2621 3599 ποιήματι
2649 3527 3019 3598 λατρεύοντες,
3053 3516 3149 3583 καλ
3175 3528 3270 3583 διὰ
3299 3512 3530 3600 {eadwa-
3621 3522 3628 3530 ”

1951 3635 2046 3682 τος
2080 3620 2541 3690 ἁνασεσωσμένοι,
2575 3619 2670 3672 καὶ
2692 3620 2772 3681 είς
2801 3618 3010 3688 ποίημα
3042 3617 3139 3689 τὴν
3165 3617 3363 3673 ἐλπίδα
3390 3616 3526 3690 ἔχον-

1951 3727 2063 3773 τες,
2098 3709 2194 3764 καὶ
2245 3710 2306 3763 τὸ
2349 3709 2510 3763 πλέον
2539 3709 2691 3764 οὐδὲν
2734 3710 2863 3778 ἡμῖν
2894 3708 3043 3779 παρὰ
3090 3708 3218 3772 τοῦς
3257 3711 3330 3781 τῇ
3361 3706 3516 3763 κτίσει

1950 3801 2330 3873 λατρεύοντας.

2631 3915 2833 3967 ΑΛΛΟ.

2023 4050 2042 4082 ι
2071 4028 2273 4099 Δικαίῳ
2301 4028 2464 4098 νόμος
2494 4033 2554 4085 ού
2607 4029 2805 4090 κεῖται,
2836 4024 3056 4095 ἀνόμοις
3096 4023 3153 4077 δὲ
3202 4023 3294 4078 καὶ
3312 4021 3511 4077 ἀνυπο-

1944 4123 2179 4184 τάκτοις.
2213 4139 2231 4172 ι
2264 4115 2398 4175 Εἶτα
2427 4118 2636 4182 τούτοις
2673 4119 2838 4190 ἔτερα
2868 4115 3327 4189 προσαριθμησας
3349 4112 3514 4176 κακὰ.

1942 4213 2245 4267 τελευταῖον
2302 4211 2522 4280 ἐνάγει·
2557 4229 2576 4263 ι
2618 4210 2727 4265 Καὶ
2773 4210 2828 4263 εἴ
2877 4227 2929 4263 τι
2987 4208 3177 4280 ἕτερον
3225 4209 3294 4278 τῇ
3343 4207 3517 4275 ύγιαι·

1944 4302 2109 4375 νούσῃ
2146 4301 2467 4374 διδασκαλίᾳ
2516 4302 2817 4357 ἀντίκειται
2850 4343 2865 4368 ,
2919 4300 3058 4353 κατὰ
3087 4298 3148 4352 τὸ
3188 4298 3516 4368 Εὐαγγέλων

1940 4399 2042 4468 τῆς
2068 4396 2228 4467 δόξης
2257 4395 2351 4448 τοῦ
2390 4394 2659 4467 μακαρίου
2706 4394 2863 4464 Θεοῦ,
2908 4394 2936 4447 ὃ
2969 4392 3298 4464 ἐπιστεύθην
3327 4393 3459 4462 ἐγώ.
3493 4411 3512 4445 ι

1869 4495 1910 4549 1)
1941 4487 2098 4550 Τίνος
2121 4483 2215 4539 οῦν
2245 4488 2275 4539 ό
2304 4486 2516 4550 Παῦλος
2546 4487 2841 4556 ἐπιστεύθη
2880 4487 2941 4540 τὸ
2965 4487 3330 4556 Εύαγγέλιον;
3364 4486 3517 4550 Τίνος

1942 4575 1998 4627 δὲ
2040 4574 2214 4646 κῆρυξ
2265 4575 2383 4629 ἐστὶΙ
2415 4575 2512 4629 καὶ
2565 4576 2878 4641 ἀπόστολος,
2904 4577 2954 4630 εί
2996 4576 3070 4647 μὴ
3120 4575 3216 4630 τοῦ
3264 4575 3516 4647 Σωτῆρος

1941 4667 2099 4738 ἡμῶν
2118 4665 2391 4738 Χριστοῦ;
2419 4668 2478 4722 ὃν
2505 4667 2568 4738 δὴ
2602 4669 2869 4739 μακάριον
2888 4667 3167 4739 ὀνομάζων
3181 4667 3339 4735 Θεὸν,
3361 4683 3515 4737 mm-

1939 4757 2031 4810 τὸν
2064 4752 2201 4810 εἶναι
2248 4756 2429 4824 λέγειν
2471 4757 2571 4810 οὐκ
2604 4758 2886 4829 ἐπιτρέπει
2932 4757 3064 4810 τισί.
3105 4755 3233 4820 Πῶς
3282 4755 3397 4828 γὰρ
3436 4755 3513 4809 ἔτι

1939 4848 2071 4912 Θεὸς
2142 4847 2201 4900 τὸ
2253 4847 2613 4918 πεποιημένον
2650 4851 2743 4901 καὶ
2766 4849 3113 4921 πρόσφατον;
3146 4848 3209 4900 Et
3250 4847 3365 4919 γὰρ
3406 4847 3513 4900 πᾶν

1934 4935 1995 4987 τὸ
2023 4935 2338 5006 κτιζόμενον
2370 4935 2464 4987 καὶ
2511 4937 2747 5007 γενητὴν
2772 4936 2895 5008 ἔχον
2929 4928 3029 5010 τὴν
3073 4935 3286 5000 οὐσίαν,
3318 4938 3387 4990 ἐκ
3416 4934 3512 4990 τοῦ

1937 5025 2010 5095 μὴ
2038 5024 2191 5089 ὄντος
2223 5026 2303 5089 είς
2332 5025 2393 5077 τὸ
2429 5020 2569 5079 εἶναι
2601 5028 2863 5090 καλεῖται,
2907 5029 3024 5093 πῶς
3067 5029 3127 5081 οὐ
3159 5030 3513 5101 apameo-ez

1936 5114 2009 5167 Τὸ
2036 5115 2090 5167 δὲ
2118 5115 2375 5181 τοιοῦτον,
2401 5119 2462 5170 ού
2486 5117 2619 5181 Θεός
2642 5133 2655 5147 ·
2693 5140 2710 5170 ι
2738 5120 2812 5172 Οῦ
2848 5120 2958 5191 γὰρ
2987 5120 3138 5173 ἔσται
3174 5122 3234 5175 ὲν
3261 5121 3347 5175 σοὶ
3380 5120 3513 5184 Θεὸς

1936 5205 2265 5274 πρόσφατος,
2301 5225 2319 5257 ι
2361 5207 2525 5278 φησὶν
2557 5210 2591 5278 ἠ
2641 5208 2758 5261 θεία
2802 5211 3013 5281 Γραφή.
3057 5209 3278 5283 Ἐπειδὴ
3320 5210 3512 5276 Θεδςό

1936 5295 2085 5358 Υἱὸς,
2117 5297 2178 5350 ού
2213 5297 2524 5367 πρόσφατος
2551 5299 2677 5371 ἄρα.
2724 5302 2785 5354 Et
2833 5301 2890 5355 δὲ
2942 5301 3130 5365 τοῦτο,
3161 5303 3225 5356 ού
3271 5304 3507 5376 ποίημα.

1936 5385 2058 5438 Ὅτι
2088 5386 2144 5439 δὲ
2168 5387 2227 5438 τὸ
2250 5388 2576 5457 Εύαγγέλιον
2604 5389 2695 5443 τοῦ
2726 5392 2978 5462 Σωτῆρος
3000 5394 3157 5464 ἡμῶν
3180 5395 3210 5448 ὁ
3240 5395 3511 5467 μακάριος

1934 5474 2144 5540 Παῦλος
2175 5478 2467 5550 ἐπιστεύθη
2508 5481 2636 5552 παρ’
2661 5481 2846 5546 αὐτοῦ,
2879 5483 3034 5556 δηλοῖ
3066 5485 3230 5541 πάλιν
3263 5488 3430 5553 αὐτὸς
3449 5490 3510 5541 ἐν

2008 5652 2049 5681 ⁸⁸
2081 5649 2208 5707 itud.
2237 5652 2292 5712 ι.
2316 5653 2367 5708 5.
2483 5657 2527 5685 ⁸⁸
2560 5656 2575 5710 t
2609 5658 2748 5711 Tim.
2778 5675 2814 5722 ι,
2853 5662 2905 5716 ο.
2989 5664 3035 5694 ··
3058 5662 3187 5720 tom.
3226 5665 3311 5735 ιο,
3343 5667 3427 5721 ιι.
