3809 6125
289 292 395 350 805
1320 288 1377 341 S.
1420 282 1689 340 cx‘ntLtA
1729 281 2196 338 AhssxaNsstttxt
2237 281 2558 339 Anctttssv.
3433 276 3546 337 8⁰⁴

287 428 395 468 una
424 413 815 482 ingressurum,
847 410 891 465 si
924 407 1103 463 nullus
1156 404 1261 461 erit
1293 404 1383 474 qui
1436 418 1540 458 una
1594 402 1851 464 introeat.
1881 406 1929 463 Α
1957 400 2064 471 γὰρ
2092 399 2228 463 ὅλως
2246 402 2342 455 καὶ
2372 400 2775 455 συνεισδάλλειν
2796 397 3191 469 ἐπαγγέλλεται
3210 393 3311 471 τὴν
3341 397 3547 473 ἀρχὴν,

286 518 409 558 cum
442 502 582 557 Deus
602 502 673 556 sit
699 501 994 555 secundum
1023 508 1272 554 naturam
1295 494 1484 557 Pater,
1511 502 1568 549 et
1592 494 1853 560 templum
1958 490 2117 558 εἰπερ
2148 490 2321 551 οὐδεὶς
2372 490 2524 543 ἔσται
2561 488 2980 553 συνεισδάλλων,
3012 486 3150 542 Θεοῦ
3183 487 3329 543 κατὰ
3379 490 3552 559 φύσιν

288 596 341 649 in
390 610 499 665 quo
521 592 684 649 suerit
718 593 854 647 satis
896 590 1112 646 abunde
1162 586 1468 657 compleat?
1516 583 1858 651 Proindeque
1957 578 2109 644 ὄντος
2138 580 2231 634 τοῦ
2263 580 2497 650 Πατρδς,
2528 581 2627 634 καὶ
2653 579 3021 653 ἀποχρώντως
3061 573 3121 633 εὗ
3169 579 3317 651 μάλα
3350 580 3448 635 τὸν
3489 583 3552 637 ἐν

285 687 498 756 (eadem
533 684 675 739 enim
736 684 825 738 liic
863 684 1060 737 iterum
1097 677 1362 751 repetam)
1390 691 1566 747 neque
1615 674 1758 729 Deus
1801 673 1856 728 in

288 777 443 831 nobis
477 776 582 831 erit
612 790 707 845 per
728 773 1021 840 Spiritum,
1070 787 1173 827 non
1219 770 1364 825 enim
1404 777 1615 822 naturae
1655 766 1855 819 divinae

287 867 755 938 participationem
803 866 855 919 in
909 863 1068 920 nobis
1109 860 1306 919 efficiet
1339 875 1404 916 eo
1448 860 1592 930 quod
1632 873 1703 913 ex
1740 858 1860 928 ipsa

286 975 393 1015 non
422 961 514 1025 sit,
545 969 604 1014 ut
659 958 732 1013 illi
765 957 1001 1024 volunt3
1039 952 1311 1023 superflue
1366 958 1546 1007 autem
1611 954 1671 1004 ut
1725 961 1858 1002 con·

285 1062 418 1115 stat,
484 1065 589 1105 una
642 1064 764 1105 eum
820 1047 988 1104 Patre
1031 1050 1323 1102 concurret
1367 1041 1564 1107 Filius,
1617 1039 1861 1109 nihilque

286 1142 470 1197 dicere
507 1141 707 1197 vetabit
733 1139 1068 1196 blateronem
1107 1146 1163 1193 et
1190 1134 1542 1204 vaniloquum
1570 1145 1694 1189 esse
1718 1131 1851 1186 bea-

270 1227 398 1287 'tum
429 1231 679 1297 Paulum,
715 1231 810 1302 qui
831 1238 1018 1302 aperte
1041 1228 1282 1300 scripsit,
1309 1219 1589 1282 Christum
1612 1224 1665 1279 in
1699 1222 1859 1278 nobis

284 1338 428 1391 esse,
471 1332 529 1379 ut
560 1323 726 1379 Deum
772 1338 869 1393 per
894 1320 1116 1379 Patrem
1158 1326 1442 1375 vocantem
1477 1330 1576 1387 per
1618 1314 1858 1386 seipsum

285 1412 352 1467 ad
392 1412 869 1483 participationem
932 1410 1197 1466 naturalis
1244 1423 1310 1465 ac
1336 1420 1481 1463 verae
1521 1404 1740 1462 deitatis
1787 1403 1855 1458 ⁸⁰.

354 1593 416 1649 B.
458 1592 622 1663 Nugae
655 1601 784 1649 sunt
821 1590 1030 1656 isthaec,
1055 1597 1110 1645 et
1140 1602 1366 1645 summae
1396 1584 1690 1657 impietatis
1728 1598 1854 1640 ora-

283 1686 358 1741 tio

279 1883 444 1940 quam
470 1880 692 1922 necesse
726 1865 796 1920 sit
846 1876 967 1919 esse
1001 1862 1056 1918 id
1089 1860 1234 1931 quod
1253 1869 1357 1927 est,
1387 1873 1452 1916 ac
1486 1859 1682 1914 dieitur
1713 1876 1730 1913 z
1758 1871 1857 1912 ne-

280 1972 388 2030 que
417 1972 578 2029 porro
625 1955 893 2019 alienum,
922 1960 984 2007 ut
1036 1949 1113 2006 ill’t
1149 1949 1356 2017 volunt,
1384 1964 1416 2004 a
1444 1947 1607 2005 Patre
1633 1945 1856 2013 Filium,

280 2052 375 2108 sed
400 2066 468 2106 ex
507 2050 626 2120 ipso
647 2058 702 2105 et
738 2046 791 2103 in
820 2045 938 2118 ipso
961 2043 1134 2100 Deum
1165 2057 1358 2098 verum
1389 2041 1673 2107 exsistere,
1703 2041 1858 2097 iden·

282 2145 438 2199 titate
482 2140 714 2199 naturali
742 2154 868 2196 cum
916 2136 1080 2193 Patre
1112 2134 1421 2206 praeditum.
1471 2132 1562 2189 Sic
1616 2134 1763 2190 enim
1804 2133 1858 2186 in

279 2230 434 2286 nobis
473 2246 581 2285 non
611 2228 726 2298 jam
757 2227 865 2282 duo
908 2224 1280 2281 censebuntur
1304 2234 1427 2278 esse
1459 2221 1557 2287 dii,
1592 2222 1686 2277 sed
1721 2234 1861 2275 unus

277 2336 345 2376 ac
376 2320 527 2377 solus
568 2320 622 2375 in
672 2325 864 2375 saneta
890 2313 1163 2370 Trinitate
1189 2312 1525 2369 adorandus.
1555 2314 1639 2368 An
1668 2324 1860 2382 repre·

277 2411 627 2469 hendendum
667 2408 872 2481 aliquid
923 2407 979 2463 in
1029 2405 1118 2462 tiis
1169 2402 1475 2471 existimas,
1522 2412 1618 2460 aut
1661 2415 1857 2473 perpe·

280 2515 394 2556 ram
434 2515 495 2555 se
521 2497 725 2555 habere
753 2495 940 2553 dicis?

347 2673 407 2729 Β.
451 2673 834 2747 Nequaquam.

346 2763 413 2817 Α.
450 2762 751 2819 Considera
801 2776 956 2835 ergo,
1002 2764 1051 2820 si
1084 2762 1286 2835 placet,
1315 2764 1480 2820 etlam
1511 2762 1686 2833 ipsum
1725 2775 1856 2818 san-

1957 662 2109 743 ᾧπερ
2147 673 2214 727 ἂν
2246 672 2460 742 γένοιτο
2497 672 2831 743 πληροῦντος
2861 672 3021 748 ναόν;
3060 672 3270 728 Οὐκοῦν
3317 674 3551 745 (ἀνακυο-

1960 762 2147 832 κλήσω
2179 764 2282 833 γὰρ
2307 759 2462 828 αὖθις
2492 762 2583 817 τόν
2611 762 2705 816 ἐπὶ
2750 762 2889 833 τῷδε
2925 760 3140 834 λόγον),
3169 761 3297 818 οὔτε
3318 763 3458 829 Θεὸς
3491 765 3552 821 ἐν

1960 853 2090 922 ἡμῖν
2118 852 2208 906 διὰ
2232 852 2325 906 τοῦ
2353 853 2695 924 Πνεῦματος·
2724 854 3011 926 ἐνεργήσει
3036 853 3147 927 γὰρ
3164 851 3424 926 οὐδαμῶς
3448 856 3550 928 τῆς
3594 906 3600 912 .

1961 940 2113 1006 θείας
2143 942 2359 1012 φύσεως
2393 944 2451 996 ἐν
2484 943 2619 1013 ὴμῖν
2644 943 2745 1016 τὴν
2783 942 3024 1015 μὲθεξιν,
3061 943 3144 1017 τῷ
3177 943 3254 1017 μὴ
3281 945 3343 1014 ἐξ
3370 946 3551 1017 αὐτῆς

1961 1031 2082 1085 κατ’
2113 1030 2353 1095 ἐκείνους
2383 1026 2545 1088 εἶναι·
2579 1032 2831 1105 περιττὸς
2855 1033 2935 1100 δὲ,
2978 1033 3054 1099 ὡς
3090 1034 3256 1103 ἔοικε,
3304 1036 3386 1107 τῷ
3430 1037 3551 1111 ἰδίῳ

1962 1122 2140 1194 Πατρὶ
2174 1120 2569 1198 συνειστρέχων
2593 1127 2626 1180 ὁ
2656 1124 2805 1194 Υίὸς,
2839 1126 2934 1183 καὶ
2963 1126 3119 1182 οὐδὲν
3148 1128 3232 1183 ἔτι
3263 1128 3328 1183 τὸ
3354 1130 3551 1203 &rutp-

1959 1227 2060 1281 γον
2085 1213 2263 1285 είπεζν
2291 1212 2618 1287 ἀμαρτοεπῆ
2642 1232 2704 1269 τε
2734 1217 2831 1270 καὶ
2862 1215 3219 1289 είκαιόμυθον
3243 1217 3339 1273 τὸν
3367 1222 3549 1292 μακά-

1965 1318 2078 1373 ριον
2108 1302 2344 1370 Παῦλον,
2367 1304 2690 1375 γεγραφότα
2716 1307 2928 1377 σαφῶς,
2944 1307 3027 1361 ὅτι
3055 1308 3296 1383 Χριστὸς
3324 1311 3387 1365 ἐν
3411 1311 3549 1383 ἡμῖν

1960 1394 2038 1461 ὡς
2057 1394 2189 1459 Θεὸς
2219 1394 2310 1449 διὰ
2329 1396 2428 1452 τοῦ
2461 1396 2697 1468 Πατρὸς,
2736 1398 3030 1466 καλοῦντος
3062 1400 3133 1455 δι’
3158 1401 3360 1458 ἐαυτοῦ
3409 1403 3549 1477 πρὸς

1964 1486 2183 1557 μέθεξιν
2208 1488 2309 1560 τῆς
2323 1488 2469 1543 κατὰ
2493 1492 2658 1559 φύσιν
2682 1507 2744 1545 τε
2770 1492 2869 1546 καὶ
2892 1491 3131 1564 ἀληθοῦς
3158 1493 3438 1568 θεότητος.

2032 1574 2093 1629 Β.
2132 1577 2312 1649 Λῆρός
2354 1595 2457 1631 που
2513 1581 2689 1646 ταυτὶ,
2736 1580 2832 1635 καὶ
2877 1581 3199 1650 δυσσεόείας
3239 1586 3324 1651 είς
3377 1586 3549 1659 ἀκρον

1961 1666 2193 1738 ἥκοντες
2217 1667 2391 1737 λόγοι.

350 1727 417 1830 A.
462 1773 778 1831 statuemus
821 1785 954 1842 ergo
984 1784 1146 1826 unam
1181 1782 1305 1825 esse
1340 1767 1557 1824 deitatis
1580 1776 1855 1830 naturam,
1889 1737 1934 1793 Β
2031 1758 2095 1810 Α.
2136 1757 2536 1831 Διακεισόμεθα
2563 1759 2765 1822 τοίνυν.
2791 1763 2890 1835 μία
2920 1761 3022 1838 μὶν
3043 1766 3128 1821 δτι
3157 1766 3415 1843 θεότητος
3443 1771 3549 1842 φῦ.

1963 1841 2119 1923 σις,ᾖ
2142 1849 2240 1903 καὶ
2265 1849 2327 1903 τὸ
2353 1846 2496 1905 εἶναι
2525 1852 2667 1907 κατὰ
2695 1854 2955 1927 ἀλήθειαν
2975 1856 3124 1913 τοῦθ’
3146 1859 3286 1933 ὅπερ
3310 1861 3429 1920 ἐστὶ
3450 1866 3549 1919 καὶ

1961 1938 2199 2009 λέγεται,
2220 1941 2400 2014 πάντη
2428 1959 2490 1997 τε
2524 1944 2621 1998 καὶ
2642 1946 2862 2011 πάντως
2880 1947 3069 2003 ἐποιτο
3096 1948 3188 2018 ἂν,
3215 1950 3451 2021 ἐκφυλός
3478 1972 3547 2023 γε

1963 2030 2074 2103 μὴν
2108 2031 2214 2086 οὐκ
2235 2031 2317 2086 ἔτι
2348 2036 2473 2089 κατ’
2497 2034 2743 2101 ἐκείνους
2773 2039 2803 2091 ό
2831 2038 2960 2103 Υἱὸς
2986 2038 3067 2111 τῷ
3095 2041 3294 2114 Πατρὶ,
3329 2043 3452 2097 ἀλλ’
3470 2046 3550 2112 ὡς

1957 2120 2019 2185 ἐξ
2054 2117 2222 2175 αὑτοῦ
2265 2140 2328 2178 τε
2371 2124 2469 2178 καὶ
2508 2126 2567 2180 ἐν
2604 2125 2755 2199 αὐτῷ
2800 2127 2935 2193 Θεὸς
2962 2130 3228 2203 ὑπάρχων
3266 2134 3544 2206 ἀληθινὸς,

1960 2210 2347 2277 συντετάξεται
2377 2212 2458 2285 τῷ
2491 2218 2850 2289 γεγεννηκότι
2881 2220 3019 2291 πρὸς
3047 2222 3350 2295 ταυτότητι
3377 2243 3543 2296 φυσι-

1959 2302 2081 2373 κήν.
2103 2296 2234 2357 Ὧδε
2262 2304 2372 2376 γὰρ
2397 2304 2458 2358 ἐν
2477 2307 2612 2378 ἡμῖν
2638 2308 2734 2362 δύο
2773 2310 2871 2381 μὲν
2911 2311 3014 2367 οὐκ
3051 2312 3133 2367 ἔτι
3165 2313 3278 2370 θεοὶ
3300 2317 3545 2389 νοηθεῖεν

1960 2394 2047 2460 ἂν,
2071 2388 2152 2461 εἷς
2167 2395 2226 2450 δέ
2249 2397 2345 2451 καὶ
2368 2397 2531 2469 μόνος
2560 2401 2619 2454 ἐν
2657 2400 2791 2474 ἁγίᾳ
2815 2404 3009 2476 Τριάδι
3039 2410 3538 2484 προσκυνούμενος.

1959 2482 2076 2539 Οἴει
2116 2503 2172 2542 τι
2209 2489 2414 2561 χρῆναι
2456 2491 2668 2558 τούτοις
2697 2493 2976 2567 ἐπιτιμᾷν,
3003 2496 3038 2568 ἢ
3081 2498 3163 2566 ὡς
3190 2499 3294 2556 οὐκ
3321 2497 3384 2558 εὖ
3415 2503 3536 2573 ἔχει

1958 2577 2252 2648 πειρᾶσθαι
2282 2580 2499 2651 λέγειν;

2026 2668 2087 2725 Β.
2130 2663 2424 2741 Οὐδαμῶς.

2027 2762 2091 2815 Α.
2136 2761 2329 2833 ’Δθρει
2354 2763 2421 2836 δὴ
2449 2760 2565 2833 οὗν,
2595 2770 2644 2822 εί
2672 2770 2840 2835 δοκεῖ,
2879 2772 2977 2829 καὶ
3002 2774 3187 2843 αὐτὸν,
3207 2765 3256 2833 ὃ
3280 2776 3519 2850 φιλότης.

278 2854 582 2909 ctissimum
637 2853 899 2925 moysem,
957 2866 991 2910 o
1035 2867 1223 2911 carum
1278 2863 1460 2925 caput,
1518 2853 1750 2922 simplici
1801 2862 1860 2909 et
1954 2852 2163 2909 Μωσέα
2179 2852 2272 2910 τὸν
2305 2856 2619 2928 ἱερώτατον,
2646 2864 2711 2935 τῇ
2738 2865 2883 2938 ἁπλῇ
2913 2884 2972 2921 τε
3005 2870 3103 2924 καὶ
3138 2870 3414 2945 ἀσυνθέτῳ
3432 2870 3528 2926 τοῦ

275 2939 651 3011 incompositae
700 2942 795 2997 Dei
855 2952 1065 2998 naturae
1106 2943 1409 3000 orationem
1444 2958 1688 3012 personae
1743 2958 1853 2999 non

1953 2941 2091 2996 Θεοῦ
2114 2940 2297 3014 φύσει,
2325 2946 2417 3002 τὸν
2444 2947 2662 3006 ἐοικότα
2680 2954 2959 3030 προσώπῳ
2984 2957 3061 3030 τῷ
3083 2960 3159 3033 μὴ
3180 2960 3343 3035 ἁπλῷ
3368 2978 3541 3037 προσ·

272 3031 509 3103 simplici
541 3034 956 3090 convenientem
986 3034 1650 3093 tribuere.Consi‹leranti
1705 3036 1850 3093 enim
1878 3082 1932 3148 c
1956 3031 2197 3089 άπτοντα
2224 3034 2402 3107 λόγον.
2432 3039 2653 3097 'Evam
2697 3044 2807 3120 γὰρ
2849 3048 2915 3120 δὴ
2950 3048 3243 3108 κάντεῦθεν
3294 3052 3539 3129 ἀμογητὶ

273 3127 359 3182 vel
390 3129 514 3183 hinc
553 3128 699 3183 nullo
739 3129 960 3199 negotio
991 3128 1198 3200 patebit
1235 3130 1323 3185 illa
1352 3131 1644 3185 secundum
1678 3129 1854 3202 hypo·

271 3218 462 3272 stasim
488 3218 541 3272 in
586 3233 692 3274 una
722 3217 925 3276 deitate
954 3219 1218 3276 Trinitas.

348 3307 411 3364 B.
470 3310 614 3364 Sane
642 3310 802 3365 velim
832 3309 1022 3364 audire
1057 3312 1288 3383 amplius
1318 3311 1576 3382 quidnam
1624 3315 1692 3368 sit
1723 3313 1856 3370 illud

273 3399 417 3471 quod
442 3401 543 3454 ais.
577 3398 705 3455 Mihi
726 3413 856 3472 ergo
894 3400 1028 3456 illud
1049 3401 1251 3457 clarius
1284 3403 1546 3459 edissere.

340 3499 407 3552 Δ.
451 3496 643 3550 Annon
684 3494 896 3566 Moyses
931 3496 1108 3566 primo
1140 3496 1378 3553 historiae
1422 3513 1532 3552 suae
1566 3498 1703 3555 libro
1734 3509 1847 3555 sta-

273 3587 369 3642 tim
411 3596 687 3641 auctorem
747 3593 804 3641 et
851 3585 1099 3657 opificem
1145 3599 1323 3641 rerum
1367 3587 1606 3642 omnium
1657 3590 1847 3645 scribit

270 3675 748 3733 esseDeun12Ait
798 3686 979 3732 autem
1021 3675 1091 3732 de
1120 3676 1234 3731 sola
1288 3677 1525 3731 hominis
1569 3681 1848 3737 creatione

271 3770 476 3824 dixisse
521 3769 668 3840 (nam
703 3782 790 3823 res
826 3777 1049 3823 caeteras
1093 3770 1210 3824 sine
1257 3767 1649 3825 deliberatione
1698 3769 1845 3828 sece-

270 3863 377 3933 rat)
406 3881 419 3916 :
451 3881 469 3914 ι
509 3860 796 3917 Faciamus
826 3860 1100 3915 hominem
1145 3861 1215 3915 ad
1250 3861 1538 3932 imaginem
1564 3872 1841 3931 nostram,

268 3966 322 4009 et
369 3955 436 4008 ad
488 3952 897 4007 similitudinem
928 3950 994 4004 ⁸¹.
1029 3969 1048 4002 ι
1104 3951 1172 4006 Ει
1218 3956 1408 4022 paucis
1458 3954 1839 4024 interpositis:

272 4064 293 4098 ι
329 4045 393 4099 Et
456 4044 579 4099 l'ecit
602 4086 617 4110 ‚
653 4045 865 4112 inquit,
903 4043 1173 4098 homiuem
1210 4043 1385 4110 Deus,
1428 4046 1495 4100 ad
1552 4046 1839 4116 imaginem

269 4136 365 4190 Dei
399 4136 698 4198 tecitjttum
727 4135 794 4189 ⁸².
828 4151 848 4186 t

1953 3124 2441 3200 διασκοπουμένοις
2473 3132 2622 3202 ίδεῖν,
2645 3133 2707 3190 τὸ
2730 3140 2787 3192 ἐν
2813 3141 2912 3212 μιᾷ
2934 3144 3003 3214 τῇ
3032 3142 3250 3216 esem-rt
3274 3146 3542 3220 τριπλοῦν

1953 3215 2077 3270 καθ’
2107 3217 2431 3275 ὑπόστασιν.

2024 3307 2085 3362 B.
2128 3309 2239 3364 Kal.
2274 3313 2383 3386 μὴν
2405 3315 2490 3370 ὅτι
2520 3317 2651 3372 ποτέ
2688 3319 2837 3374 ἐστιν
2861 3319 2890 3375 δ
2922 3325 3050 3397 φὴς,
3079 3324 3326 3402 ἐθέλοιμ’
3348 3328 3417 3389 ἂν
3448 3333 3540 3389 ἐπ·

1951 3397 2092 3451 arene
2123 3399 2224 3455 ἔτι.
2250 3402 2426 3475 Φράζε
2450 3405 2514 3477 δὴ
2537 3400 2632 3464 οὖν
2662 3417 2757 3480 μοι’
2782 3413 3140 3490 σαφέστερον.

2020 3492 2085 3544 Α.
2125 3486 2203 3546 Ἦ
2237 3492 2346 3565 γὰρ
2368 3497 2487 3567 οὐχὶ
2521 3499 2581 3552 τὸ
2609 3502 2826 3572 πρῶτον
2859 3505 2991 3577 ἡμῖν
3017 3506 3125 3581 τῆς
3159 3502 3370 3569 ἐαυτοῦ
3399 3530 3533 3586 συγ-

1948 3580 2169 3652 γραφῆς
2217 3586 2490 3652 συντιθεὶς
2542 3589 2747 3660 βιόλίον
2768 3636 2783 3660 ,
2833 3602 3221 3671 γενεσιουργὸν
3288 3605 3391 3676 μὲν
3439 3609 3534 3663 καὶ

1946 3674 2199 3747 τεχνίτην
2248 3677 2357 3732 τῶν
2394 3679 2561 3747 ὅλων,
2606 3685 2914 3760 ἀναγράφει
2951 3694 3041 3746 τὸν
3070 3694 3240 3767 Θεόν;
3268 3698 3413 3770 Ἔφη
3442 3701 3526 3766 δέ,

1945 3766 2122 3820 είπεῖν
2147 3769 2239 3822 ἐπὶ
2274 3771 2410 3846 μόνῃ
2442 3776 2507 3845 τῇ
2536 3777 2631 3830 τοῦ
2663 3779 2953 3853 ἀνθρώπου
2972 3792 3315 3863 κατασκευῇ,
3343 3793 3526 3848 καίτοι

1943 3857 2042 3926 τὴν
2087 3858 2196 3911 τῶν
2233 3859 2408 3916 ἄλλων
2455 3862 2711 3923 ἁπάντων
2754 3870 3227 3943 ἀποσχεδιάσαντα
3273 3880 3490 3951 γένεσιν
3506 3898 3521 3912 ·

1948 3965 1972 3997 e
1998 3949 2323 4023 Ποιήσωμεν
2357 3953 2642 4028 ἄνθρωπον
2704 3965 2827 4016 κατ’
2876 3966 3061 4021 εἰκόνα
3110 3970 3410 4044 ἡμετέραν,
3432 3978 3522 4031 καὶ

1942 4039 2062 4092 καθ’
2090 4042 2367 4111 ὁμοίωσιν.
2395 4065 2413 4097 ι
2454 4049 2566 4103 Καί
2591 4069 2642 4104 τι
2669 4051 2758 4107 διὰ
2788 4055 2955 4124 μέσου
2982 4061 3293 4132 προσρίψας
3313 4062 3513 4137 βραχύ·

1946 4149 1963 4180 ι
2001 4132 2109 4186 Καὶ
2148 4133 2423 4207 ἐποίησεν,
2454 4139 2578 4212 ἔφη,
2608 4143 2698 4196 τὸν
2738 4145 3023 4217 ἄνθρωπον
3046 4152 3077 4203 ὀ
3105 4151 3260 4220 Θεὸς,
3294 4162 3418 4210 κατ’
3448 4161 3516 4214 εί·

1940 4221 2070 4276 κόνα
2100 4223 2235 4278 Θεοῦ
2261 4227 2513 4301 ἐποίησεν
2532 4234 2714 4290 αὐτόν.
2737 4254 2756 4287 ι

2009 4314 2067 4370 Β.
2110 4318 2405 4379 Μανθάνω.

331 4405 398 4458 Δ.
439 4403 575 4458 Cum
601 4411 779 4455 autem
810 4399 1003 4453 turrim
1039 4401 1280 4456 nonnulli
1316 4401 1585 4473 quondam
1621 4405 1687 4458 ad
1717 4420 1832 4463 coe·
1864 4422 1910 4478 ῃ
2006 4408 2071 4459 Α.
2108 4409 2325 4477 Πύργον
2355 4411 2412 4465 δέ
2434 4413 2828 4488 ἀναδείμασθαι
2861 4423 2953 4476 τὸν
2987 4425 3348 4502 οὐρανομήκη
3384 4450 3510 4505 πρι-

261 4495 370 4549 lnm
407 4508 581 4563 usque
626 4500 914 4547 exstruere
952 4505 1047 4561 per
1088 4507 1356 4548 summam
1393 4493 1679 4550 stultitiam
1714 4506 1830 4552 sta-

264 4585 495 4640 tuissent
526 4601 540 4638 :
577 4602 597 4636 ι
625 4583 845 4648 Venite,
875 4583 1048 4652 inquit
1075 4584 1309 4640 universi
1340 4585 1500 4646 DeuS.
1526 4596 1581 4641 et
1610 4591 1835 4644 deseen-

260 4677 452 4733 dentes
501 4675 899 4731 confundamus
935 4674 1009 4728 ibi
1045 4675 1285 4745 linguam
1328 4690 1513 4731 eorum
1544 4679 1609 4733 ¹⁸.
1645 4698 1666 4732 ι
1700 4681 1831 4747 Quis

261 4769 425 4838 igitur
459 4767 623 4840 472
655 4776 711 4822 et
731 4769 929 4837 quibus
958 4766 1090 4821 dicit
1134 4767 1284 4833 illud,
1333 4786 1351 4819 ι
1400 4768 1608 4834 Venite,
1645 4783 1699 4826 et
1734 4774 1829 4826 de-

259 4859 581 4913 scendentes
631 4857 1072 4912 confundamus?
1104 4877 1122 4909 ι
1155 4856 1268 4912 Non
1318 4861 1462 4914 enim
1515 4862 1829 4931 ‹licetquis-

259 4950 437 5019 piam,
478 4950 707 5016 opinor,
777 4959 1088 5005 sanctorum
1132 4951 1442 5019 angelorum
1488 4966 1648 5006 manu
1693 4969 1828 5024 opus

257 5039 538 5102 ltalmisse,
570 5048 662 5092 ant
687 5038 846 5093 ullius
868 5041 1093 5094 omnino
1124 5041 1198 5095 rei
1232 5041 1634 5110 conspiratione
1667 5054 1828 5113 atque

256 5147 525 5187 concursu
555 5132 742 5192 Deum,
776 5142 832 5183 ut
879 5133 1019 5200 quod
1056 5132 1265 5188 volebat
1313 5144 1495 5202 posset
1542 5134 1822 5202 perlicere.

256 5224 444 5277 Divina
477 5225 620 5279 enim
654 5226 735 5278 vis
765 5226 1137 5292 cunctipotens
1185 5234 1293 5285 est,
1322 5233 1377 5277 et
1415 5224 1630 5281 efficere
1666 5228 1823 5283 facile

253 5314 614 5385 quodcunque
662 5315 936 5380 statuerit,
984 5313 1036 5367 in
1086 5329 1145 5369 se
1194 5315 1393 5382 habet,
1439 5327 1492 5370 et
1527 5318 1641 5386 ipse
1686 5319 1824 5373 Deus

258 5418 437 5457 rerum
476 5408 560 5462 vis
603 5417 713 5463 tota
745 5415 850 5463 est.
897 5405 1360 5472 Quemadmodum
1413 5407 1558 5460 eniut
1594 5408 1825 5464 dicimus

1936 4498 2329 4572 τεθυμημένων
2375 4506 2539 4560 τινῶν
2579 4508 2640 4574 ἐξ
2673 4512 3015 4587 ἀποπληξίας
3062 4520 3217 4586 ποτὲ,
3258 4541 3278 4573 ι
3315 4525 3508 4591 Δεῦτε,

1938 4593 2103 4659 φησὶν
2128 4595 2156 4645 ὁ
2190 4594 2296 4646 τῶν
2319 4596 2456 4651 ὅλων
2492 4600 2644 4667 Θεὸς,
2686 4604 2783 4658 καὶ
2814 4609 3152 4676 καταδὰντες
3194 4618 3511 4690 συγχέωμεν

1936 4681 2117 4735 αὐτῶν
2138 4685 2255 4737 ἐκεῖΙ
2286 4686 2386 4750 τὰς
2408 4688 2671 4757 γλώττας.
2717 4713 2736 4746 ι
2772 4695 2868 4761 Τίς
2904 4697 2969 4769 δὴ
2997 4694 3091 4754 οὖν
3122 4705 3151 4757 ὁ
3197 4703 3398 4774 λέγων,
3421 4709 3509 4763 καὶ

1934 4772 2075 4826 τίσιν
2105 4774 2232 4845 ἄρα,
2261 4777 2339 4841 τὸ,
2370 4796 2387 4829 t
2418 4780 2581 4836 Δεῦτε
2608 4785 2700 4838 καὶ
2736 4788 3073 4856 καταὸάντες
3114 4799 3502 4870 συγχέωμενςι

1936 4865 2011 4916 Οὐ
2044 4864 2151 4936 γὰρ
2178 4867 2240 4938 δὴ
2273 4873 2430 4936 φαῖεν
2457 4871 2545 4939 ἂν,
2567 4871 2723 4947 οἶμαί
2746 4895 2871 4946 που,
2894 4881 3039 4947 τινὲς
3065 4884 3169 4957 τῆς
3198 4888 3309 4943 τῶν
3343 4892 3508 4962 ἁγίων

1934 4954 2178 5024 ἀγγέλων
2209 4959 2487 5030 δεδεῆσθαι
2516 4966 2714 5037 χειρὸς,
2738 4969 2771 5038 ἢ
2802 4970 2931 5040 γοῦν
2952 4974 3089 5039 ὅλως
3108 4978 3210 5050 τῆς
3241 4983 3506 5055 παράτου

1933 5046 2042 5101 τῶν
2074 5049 2210 5113 ὅλως
2233 5051 2401 5105 όντων
2448 5058 2751 5126 συμπνοίας
2805 5065 2902 5118 καὶ
2948 5067 3291 5142 συνδρομῆς,
3337 5076 3420 5140 είς
3449 5075 3507 5128 τὸ

1932 5141 2256 5210 κατισχῦσαι
2284 5143 2374 5196 τὸν
2398 5143 2530 5200 Θεὸν
2560 5157 2946 5224 παραπερᾶναι
2965 5159 3026 5211 τὸ
3054 5159 3272 5218 δοκοῦν.
3296 5165 3505 5220 Παναλ-

1931 5227 2026 5290 κές
2052 5230 2163 5301 γάρ
2193 5249 2296 5285 που
2325 5234 2386 5287 τὸ
2420 5234 2562 5291 θεῖόν
2592 5241 2709 5295 ἐστι
2740 5245 2875 5317 πρὸς
2904 5250 3010 5302 πᾶν
3043 5251 3245 5322 ὁτιοῦν,
3283 5258 3381 5310 καὶ
3410 5274 3503 5312 κα·

1931 5320 2263 5377 ταπλουτοῦν
2294 5326 2354 5378 ἐν
2390 5328 2570 5400 ἐαυτῷ
2618 5333 2699 5400 τὸ,
2738 5335 2874 5410 ὅπερ
2912 5338 2978 5392 ἂν
3017 5340 3263 5411 βούλοιτο
3302 5363 3501 5418 κατορ-

1930 5408 2057 5462 θοῦν
2094 5414 2349 5485 εὐκόλως,
2386 5421 2481 5473 καὶ
2533 5424 2666 5477 αὐτὸ
2696 5426 2805 5481 τῶν
2857 5430 3026 5487 όντων
3073 5434 3226 5490 ἐστὶν
3263 5438 3296 5508 ἡ
3351 5440 3499 5492 πᾶσα

255 5493 430 5564 ipsum
463 5511 585 5553 esse
623 5499 945 5570 sapientiam
987 5511 1053 5552 ae
1103 5496 1293 5561 vitam,
1327 5510 1425 5550 nec
1473 5511 1634 5566 posse
1659 5499 1820 5568 quid-
1927 5499 2177 5572 δύναμις.
2214 5507 2425 5582 Ὠσπερ
2463 5514 2573 5585 γὰρ
2606 5511 2747 5571 εἶναι
2782 5537 2961 5591 φαμεν
3007 5526 3199 5596 σοφία,
3239 5529 3378 5584 αὐτὸ
3404 5533 3494 5586 „32

324 5667 368 5700 ⁸³
392 5671 550 5728 Rom.
593 5691 707 5738 viti,
729 5675 784 5734 9·

971 5676 1009 5710 ⁸¹
1052 5676 1190 5741 Gen,
1231 5691 1273 5745 t,
1299 5675 1390 5732 26.
1467 5676 1511 5709 ⁸¹
1538 5678 1667 5734 ibid.
1703 5678 1793 5733 27.
1874 5679 1918 5712 ⁸³
1950 5681 2081 5737 Gen.
2112 5699 2188 5751 xt,
2220 5686 2272 5740 7.
