3809 6125
306 246 427 306 ⁸73

1745 263 2182 329 rttESAUtttJS.

3479 276 3582 334 tu

302 364 426 427 τοῖς
450 357 614 432 9¹5⁶&
643 359 721 433 μὴ
758 352 879 416 θῦσῑ
910 361 1054 429 θῑθῖς
1078 380 1094 396 ·
1117 365 1212 420 νῦν
1237 368 1292 423 δὲ
1321 371 1540 439 γνόντες
1584 375 1740 443 Θεὸν,
1768 380 1904 450 pa),-
1932 388 1978 445 A
2011 400 2118 440 non
2148 394 2347 443 natura
2375 386 2479 443 diis
2515 405 2530 442 :
2574 402 2716 443 nunc
2746 393 2927 444 autem
2965 386 3138 444 Deum
3162 398 3582 460 cognoscentes,

299 453 403 509 λον
425 453 485 508 δὲ
512 451 855 522 γνωσθέντες
885 454 993 514 ὑπὸ
1013 456 1171 526 Θεοῦ,
1198 460 1318 525 πῶς
1351 463 1514 519 πάλιν
1547 468 1902 540 ἐπιστρέφετε

2005 475 2115 533 imo
2167 492 2299 534 vero
2326 478 2526 549 cogniti
2552 492 2582 531 a
2608 477 2739 542 Deo,
2790 478 3065 547 quomodo
3105 492 3296 533 rursus
3348 492 3584 534 conver-

296 544 405 600 ent
445 545 519 604 τὰ
544 544 751 618 ἀσθενῆ
795 546 892 601 καὶ
936 548 1131 621 πτωχὰ
1164 557 1406 625 παχεῖα
1436 558 1532 612 τοῦ
1567 560 1795 630 κόσμου,
1820 560 1903 627 οἷς
2006 568 2177 624 timini
2206 570 2273 624 ad
2306 568 2577 638 imbecilla
2598 567 2869 624 elementa
2912 567 3121 636 mundi,
3151 568 3351 640 quibus
3390 582 3581 624 rursus

294 637 473 692 πάλιν
502 636 711 693 ἄνωθεν
741 637 1014 693 δουλεύειν
1043 639 1262 712 osum
1289 664 1308 697 ι
1347 646 1408 701 Et
1431 652 1545 714 τοῖς
1569 651 1662 705 τοῦ
1695 653 1899 726 κόσμου

298 729 621 801 στοιχείοις,
659 729 929 803 γεννητὴν
973 729 1157 803 ἔχουσι
1202 734 1304 807 τὴν
1344 737 1531 807 φύσιν,
1596 743 1899 815 ἀντιπαρα-

298 821 566 877 6ἀλλεται
600 822 950 894 Χριστὺς,ὠς
976 823 1054 897 μὴ
1079 826 1239 883 τοῦτο
1265 827 1365 898 ὢν,
1397 832 1533 907 ὅπερ
1565 835 1768 890 ἐκεῖνα·
1798 836 1899 892 οὐκ

296 914 416 985 ἄρα
441 914 557 968 τῶν
580 913 829 986 γενητῶν
854 910 935 980 είς
964 916 1061 971 καὶ
1103 917 1270 987 αὐτὸς
1295 922 1632 996 εὑρίσκεται,
1659 930 1688 982 ὀ
1712 929 1900 984 τοσοῦ-

296 1005 741 1078 τονδιεστηκὼς,
777 1006 856 1072 ὡς
889 1006 961 1063 τὰ
1000 1008 1100 1080 μὲν
1126 1010 1202 1084 μὴ
1224 1007 1368 1070 εἶναι
1407 1016 1568 1087 φύσει
1595 1018 1770 1088 θεοὺς,
1803 1022 1896 1077 τὸν

294 1099 357 1153 ἃ
390 1097 554 1155 τοῦτο
590 1099 864 1173 ὑπάρχειν
893 1100 1187 1173 ἀληθινῶς.
1224 1105 1443 1179 Ταύτην
1469 1110 1580 1182 γάρ
1620 1113 1650 1165 ὀ
1682 1113 1896 1179 Παῦλος

295 1190 551 1263 εἰσφέρει
594 1190 697 1264 τὴν
745 1192 1012 1265 διαφοράν
1055 1193 1144 1248 διὰ
1181 1195 1275 1250 τοῦ
1320 1200 1677 1271 προτεθέντος
1717 1220 1892 1274 κεφα-

294 1282 478 1338 λαίου.
521 1281 646 1337 Ὀτι
695 1281 755 1336 at
811 1282 904 1337 τὸν
945 1284 1286 1356 Χριστδνὼς
1332 1289 1464 1347 Θεὸν
1512 1291 1795 1363 ἐπέγνωκε
1822 1296 1893 1352 τὰ

293 1371 453 1447 ἔθνη,
486 1373 654 1429 πᾶσίν
685 1375 860 1438 ἐστιν.
896 1375 974 1440 ὡς
1011 1371 1191 1449 οἶμαι,
1221 1383 1553 1453 καταφανὲς.
1604 1387 1699 1450 Εἰς
1727 1389 1890 1447 αὐτὸν

294 1466 412 1537 γὰρ
432 1466 785 1534 πιστεύοντα,
804 1467 910 1539 τῆς
939 1468 1208 1526 πολυθέου
1237 1474 1446 1549 πλάνης
1464 1477 1886 1538 ἀπαλλάττεται.

294 1557 427 1613 Ὅτι
448 1557 511 1614 δὲ
536 1558 701 1613 πάλιν
727 1558 893 1615 αὑτὸν
917 1560 1199 1630 ἐπέγνωκε
1226 1565 1297 1620 τὰ
1330 1565 1479 1639 ἔθνη,
1510 1569 1606 1626 καὶ
1642 1572 1887 1642 ἐπεγνώ-

2001 660 2209 714 servire
2230 659 2392 715 vultis
2422 660 2513 714 ⁹⁰?
2539 678 2557 711 ι
2582 660 2639 715 Si
2662 659 2951 716 elementis
2983 659 3193 728 mundi,
3222 674 3455 729 quornm
3486 674 3578 714 na·

2003 758 2123 804 tura
2145 758 2330 805 creata
2379 759 2485 819 est,
2517 749 2765 806 Christus
2814 764 2882 805 cx
2938 748 3170 806 adverso
3202 756 3575 819 comparatur,

2000 844 2278 913 nimirum,
2334 854 2393 901 ut
2446 859 2553 901 non
2600 845 2744 901 idem
2792 844 3063 900 exsistens
3113 843 3257 913 qnod
3311 841 3423 908 illa,
3468 856 3574 897 non

1998 942 2083 990 est
2110 948 2243 1006 ergo
2290 934 2455 990 etiam
2486 933 2603 1004 ipse
2638 948 2706 989 ex
2763 946 2995 987 numero
3045 939 3442 997 creaturarum,
3480 927 3572 996 qui

2000 1033 2147 1080 tanto
2188 1024 2472 1081 intervallo
2510 1025 2579 1079 ab
2617 1025 2687 1080 iia
2721 1022 2921 1085 differt,
2971 1030 3029 1077 ut
3059 1023 3144 1079 lire
3196 1023 3415 1093 quidem
3462 1034 3571 1075 non

1996 1116 2106 1169 sint
2134 1122 2329 1169 natura
2355 1114 2453 1179 dii,
2485 1114 2600 1183 ipse
2628 1128 2758 1170 vero
2782 1113 2852 1167 sit
2882 1127 3010 1170 vere
3041 1113 3205 1169 Deus.
3242 1112 3396 1168 Hanc
3424 1111 3572 1168 enim

1994 1203 2195 1260 Paulus
2253 1219 2319 1261 eo
2378 1203 2498 1261 loco
2553 1203 2911 1260 differentiam
2966 1204 3179 1258 statuit.
3242 1203 3395 1270 Quod
3442 1216 3573 1258 vero

1994 1292 2269 1351 Christum
2316 1304 2378 1352 ut
2419 1297 2587 1352 Deum
2628 1294 2983 1366 cognoverint
3030 1300 3241 1363 gentes,
3291 1279 3567 1359 omnibus,

1992 1394 2058 1440 ιιι
2082 1386 2359 1454 arbitror,
2409 1386 2761 1443 manifestum
2804 1394 2927 1442 est:
2955 1399 3079 1439 nam
3127 1383 3184 1439 in
3219 1383 3394 1454 ipsum
3444 1399 3570 1439 cre-

1991 1478 2183 1533 dentes
2218 1493 2250 1533 a
2292 1477 2431 1534 salso
2483 1480 2711 1534 deorum
2745 1476 2894 1532 cultu
2946 1474 3167 1532 abducti
3225 1483 3373 1529 sunt.
3414 1475 3569 1542 Quod

1989 1576 2170 1624 autem
2207 1582 2401 1626 rursus
2448 1582 2574 1624 eum
2635 1566 2998 1639 cognoverint
3057 1575 3268 1637 gentes,
3306 1574 3361 1621 et
3401 1566 3469 1622 ab
3502 1581 3570 1623 eo

292 1649 399 1722 ⁶⁰¹1
428 1651 564 1723 παρ’
585 1649 776 1717 αὐτοῦ,
821 1651 991 1706 ἄκουε
1035 1654 1325 1724 λεγοντος·
1357 1675 1377 1711 ι
1428 1658 1511 1714 Τά
1538 1661 1786 1735 πρόδατα
1817 1664 1885 1719 τὰ
1992 1659 2222 1730 cognitae
2254 1660 2386 1728 sint,
2414 1660 2538 1715 audi
2569 1659 2839 1715 dicentem
2876 1659 3051 1728 ipsum
3086 1674 3102 1690 ·
3167 1676 3189 1709 ι
3249 1655 3392 1713 Oves
3430 1670 3566 1712 meze

288 1741 406 1815 ἐμά
431 1742 536 1814 τῆς
562 1742 750 1814 φωνῆς
777 1759 883 1815 μου
911 1743 1124 1813 ἀκούει,
1146 1746 1241 1801 καὶ
1263 1746 1517 1817 γινώσκω
1545 1751 1615 1806 τά
1632 1752 1761 1824 ἐμὰ,
1789 1754 1882 1809 καὶ
1916 1732 1958 1788 Β
1988 1767 2173 1808 vocem
2202 1767 2380 1808 meam
2410 1752 2657 1818 audiunt,
2699 1761 2756 1808 et
2802 1764 3071 1822 cognosco
3100 1762 3229 1814 cas,
3267 1755 3323 1804 et
3359 1762 3562 1819 cogno-

288 1830 624 1902 γινιῖισκωσί
653 1850 725 1906 με
754 1832 824 1888 τὰ
854 1833 985 1904 ἐμά.
1025 1853 1048 1887 ι

984 1944 1186 2003 ΑΛΛΟ.

362 2075 387 2109 c
445 2055 717 2126 ’Δδελφοὶ,
761 2058 953 2131 δέομαι
1003 2059 1192 2131 ὑμῶν,
1239 2062 1392 2118 οὐδέν
1438 2080 1506 2136 με
1554 2065 1879 2140 ἠδικήσατε,

284 2147 470 2204 ἀδατε
495 2148 560 2204 δὲ
602 2150 689 2206 ὅτι.
710 2149 779 2205 δι’
806 2150 1088 2207 ἀσθένειαν
1121 2154 1222 2225 τῆς
1253 2154 1458 2228 σαρκὸς
1516 2156 1877 2230 εὐηγγελισά-

285 2259 408 2316 μην
436 2243 577 2314 ὑμῖν
610 2240 676 2297 ‘rb
713 2242 985 2316 πρότερον,
1011 2246 1106 2300 καὶ
1144 2245 1237 2300 τὸν
1268 2246 1570 2319 πειρασμὸν
1599 2249 1755 2321 ὑμῶν
1783 2251 1876 2308 τὸν

288 2336 359 2390 ὲν
383 2337 467 2408 τῇ
497 2334 665 2407 σαρκί
697 2351 799 2406 μου
818 2335 908 2391 οὐκ
933 2337 1345 2411 ἐξουθενήσατε,
1371 2339 1490 2394 οὐδὲ
1521 2331 1872 2410 ἐξεπτύσατε,

299 2425 431 2481 ἀλλ’
458 2425 536 2492 ῶς
562 2426 784 2497 ἄγγελον
807 2426 934 2482 Θεοῦ
969 2428 1226 2497 ἐδέξασθέ
1267 2448 1333 2502 με
1372 2431 1449 2496 ὡς
1489 2433 1727 2506 Χριστὸν
1768 2436 1877 2508 ’1η-

297 2516 454 2574 σοῦν.
497 2535 524 2573 ι
568 2516 981 2590 Ὗποδιξάμενος
1030 2522 1124 2575 καὶ
1173 2521 1294 2576 λίαν
1346 2522 1633 2595 θαυμάσας
1673 2524 1782 2579 τῶν
1815 2528 1875 2582 ὲν

283 2604 535 2681 Γαλατίᾳ
562 2607 661 2679 τήν
683 2598 853 2673 *tr-'tle
879 2609 1013 2664 Θεὸν
1042 2610 1352 2677 εύλάδειαν,
1401 2612 1496 2669 καὶ
1527 2613 1630 2689 τὴν
1665 2616 1748 2681 εἰς
1774 2617 1874 2671 αύ-

272 2695 373 2751 vav
400 2696 708 2771 ἀγάπησιν,
736 2698 980 2774 εἰρηκώς
1016 2718 1100 2768 τε,
1127 2703 1209 2757 ὅτι
1249 2720 1269 2756 ι
1320 2705 1411 2769 Ὦς
1459 2705 1693 2775 ἀγγελον
1735 2708 1870 2765 Θεοῦ

188 2866 193 2869 ⁸
267 2787 538 2857 ἀδδξασθύ
567 2806 660 2862 με,
678 2792 817 2847 »καὶ
839 2793 938 2848 ἐπὶ
967 2794 1102 2849 πολὺ
1134 2794 1320 2867 μεῖζον
1363 2796 1665 2865 ἀναδαίνει,
1695 2816 1868 2872 προσο

268 2878 422 2945 θεὶς,
478 2897 503 2934 s
549 2880 631 2948 ὡς
670 2882 912 2957 Χριστὸν
967 2884 1197 2956 Ἰησοῦν.
1265 2904 1285 2939 ι
1337 2887 1436 2951 Τίς
1485 2881 1581 2943 οῦν
1625 2889 1869 2964 ὑπεροχὴ

264 2970 521 3045 Χριστοῦ
563 2972 704 3047 πρὸς
744 2975 1036 3046 ἀγγέλους,
1078 2977 1242 3043 αὐτὸς
1289 2977 1608 3047 διδασκέτω,
1656 2981 1831 3052 λέγων
1851 2996 1866 3012 ·

1982 1849 2142 1899 scunt
2174 1857 2262 1900 me
2288 1844 2358 1899 ⁹¹.
2396 1863 2415 1895 ι
2677 1882 2692 1890 -

2631 1947 2861 2009 Auno.

2054 2086 2076 2123 ι
2113 2066 2359 2136 Fratres,
2391 2067 2623 2125 obsecro
2654 2082 2775 2134 vos,
2833 2063 2970 2124 nillil
2997 2077 3085 2120 me
3115 2061 3336 2119 laesistis
3366 2074 3382 2114 ι
3412 2058 3565 2115 scitis

1978 2168 2161 2215 antem
2193 2157 2451 2230 quoniam
2499 2172 2598 2228 per
2642 2155 3017 2212 infirmitatem
3061 2151 3248 2210 carnis
3290 2148 3566 2221 evangeli-

1978 2250 2215 2307 zaverim
2276 2249 2432 2306 vobis
2517 2249 2846 2321 ,iampridem
2871 2287 2888 2313 ,
2937 2253 2993 2303 et
3047 2242 3402 2300 tentationem
3466 2254 3563 2295 ve-

1976 2354 2145 2400 stram
2168 2345 2221 2400 in
2247 2358 2413 2399 carne
2432 2357 2548 2397 mea
2569 2357 2674 2397 non
2700 2339 3007 2411 sprevistis»,
3032 2350 3209 2405 neque
3233 2330 3559 2402 respuistis:

1975 2439 2070 2494 sed
2103 2436 2250 2493 sicut
2281 2435 2535 2507 angelum
2597 2433 2694 2489 Dei
2742 2431 3025 2502 recepistis
3069 2443 3153 2485 me
3196 2427 3337 2483 sicut
3374 2421 3560 2480 Jesum

1974 2528 2250 2585 Christum
2281 2527 2351 2582 θ’.
2396 2545 2416 2580 ι
2452 2526 2655 2581 Paulus
2677 2523 3037 2587 exosculans,
3085 2519 3421 2589 multumque
3466 2517 3564 2572 atl-

1974 2621 2185 2676 mirans
2214 2613 2471 2691 pietatem
2494 2617 2811 2675 Galatarum
2842 2628 2976 2684 erga
3007 2612 3201 2676 Deum,
3231 2619 3287 2667 et
3318 2623 3561 2666 amorem

1972 2725 2104 2783 erga
2130 2725 2210 2779 se,
2237 2726 2361 2768 cum
2383 2710 2632 2777 dixisset,
2655 2726 2675 2762 ι
2702 2706 2854 2763 Sicut
2873 2705 3130 2778 angelum
3155 2704 3249 2759 Dei
3277 2700 3562 2772 recepistis

1972 2817 2081 2868 me,
2104 2822 2125 2855 ι
2178 2803 2246 2857 ad
2279 2802 2427 2859 aliud
2472 2801 2632 2872 longe
2664 2799 2839 2870 mains
2870 2797 3231 2862 conscendit,
3281 2794 3555 2860 addendo,

1978 2914 1998 2950 ι
2037 2894 2179 2951 sicut
2208 2893 2393 2951 lesum
2422 2892 2728 2950 Christum.
2771 2910 2791 2945 ι
2830 2890 3116 2959 Quomodo
3137 2896 3317 2944 autem
3346 2888 3419 2943 sit
3462 2902 3559 2959 ex-

1971 2977 2255 3045 cellentior
2277 2984 2487 3057 angelis
2524 2983 2805 3051 Clu-istus,
2854 2982 3087 3054 ipsemet
3132 2980 3294 3035 docet
3329 2976 3557 3033 dicens:

268 3084 293 3121 e
328 3065 517 3123 Ὅταν
543 3066 606 3123 δὲ
634 3069 910 3145 εἰσαγάγῃ
939 3071 1034 3126 τὸν
1076 3072 1421 3144 πρωτότοκον
1449 3076 1532 3139 εἰς
1560 3074 1662 3146 τὴν
1689 3077 1863 3131 οἰκον·
1892 3082 1937 3140 G
1977 3099 1997 3135 ι
2025 3080 2254 3150 Quando
2283 3079 2708 3151 primogenitum
2742 3077 2796 3132 ln
2820 3076 3014 3133 orbem
3060 3084 3333 3129 terrarum
3377 3068 3559 3125 intro·

266 3156 465 3231 μάνην,
496 3159 688 3230 λέγει·
724 3161 839 3217 Καὶ
884 3158 1421 3236 προσκυνησάτωσαν
1468 3166 1620 3238 αὐτῷ
1664 3168 1866 3232 πάντες

262 3248 497 3323 {nelos
522 3248 686 3306 Θεοῦ.
748 3269 768 3304 ι
814 3253 932 3309 Καὶ
960 3252 1155 3308 πάλιν·
1209 3270 1229 3306 ι
1265 3253 1383 3306 Τίνι
1429 3255 1538 3326 γάρ
1565 3251 1688 3310 εἶπέ
1732 3273 1864 3311 ποτε

270 3334 660 3409 *millum
682 3355 696 3370 ·
731 3339 861 3405 Υἱός
911 3357 1012 3412 μου
1037 3336 1091 3395 εἴ
1123 3340 1212 3408 σὺ,
1246 3339 1359 3410 ἐγὼ
1401 3342 1642 3414 σήμερον
1671 3345 1863 3416 γεγέν-

462 3426 469 3432 ’
528 3431 717 3497 tuni„
762 3431 953 3489 Κάθου
990 3435 1063 3489 ἀπ
1092 3430 1286 3498 δεξιῶν
1341 3449 1468 3503 μου,
1517 3431 1624 3498 ἕως
1670 3433 1737 3488 ἂν
1784 3435 1865 3490 θῶ

286 3518 407 3587 de
525 3520 665 3597 ρούς
712 3540 807 3580 σου
832 3522 1126 3581 ὑποπόδιον
1170 3525 1279 3579 τῶν
1322 3524 1502 3578 ποδῶν
1536 3541 1665 3591 σου;
1707 3543 1726 3577 ι
1759 3526 1862 3580 1*AE-

274 3630 521 3689 γραπται
565 3617 629 3672 δὲ
675 3617 838 3673 πάλιν
880 3619 1010 3690 περὶ
1056 3619 1268 3673 αὐτῶν·
1327 3635 1346 3669 ι
1414 3618 1472 3670 'O
1516 3618 1686 3673 ποιῶν
1737 3618 1865 3683 τοὺς

264 3706 543 3777 ἀγγέλους
566 3707 735 3762 αὐτοῦ
759 3708 1069 3782 πνεύματα,
1101 3711 1195 3764 καὶ
1237 3709 1363 3772 τοὺς
1390 3707 1741 3781 λειτουργοὺς
1765 3708 1854 3761 αὑ-

264 3797 365 3854 τοῦ
412 3799 599 3873 πυρὸς
652 3800 847 3870 φλόγα.
907 3820 930 3854 ι
983 3801 1266 3874 Τοσαύτης
1317 3800 1608 3873 τοιγαροῦν
1659 3799 1864 3872 μεταξὺ

264 3891 538 3964 nep-tvnc
573 3892 858 3964 διαφορᾶς,
890 3894 966 3957 ὡς
996 3894 1089 3948 τὸν
1114 3896 1211 3965 μὲν
1238 3895 1365 3950 Υίὸν
1398 3892 1862 3965 προσκυνεῖσθαι,

261 3980 610 4057 λιιτωργεῖν
645 3984 703 4039 δὲ
730 3985 880 4056 αὐτῷ
907 3987 1034 4051 τοὺς
1081 3987 1366 4056 ἀγγέλους·
1412 3986 1506 4041 καὶ
1544 3985 1636 4039 τὸν
1666 3983 1763 4055 μὲν
1806 3985 1866 4039 ἀν

264 4071 431 4140 τάξει
457 4072 726 4145 βασιλέως
764 4075 859 4130 καὶ
887 4073 1020 4129 Υἱοῦ
1068 4076 1166 4131 καὶ
1207 4077 1479 4131 Δεσπότου
1513 4075 1864 4143 καθέζεσθαι,

266 4164 407 4231 τοὺς
430 4165 491 4222 a
518 4167 943 4223 ἀποστέλλεσθαι
973 4169 1054 4233 είς
1076 4168 1372 4224 διακονίαν·
1405 4169 1525 4234 πῶς
1571 4170 1673 4223 οὐκ
1713 4169 1867 4223 ἔσται

273 4255 414 4321 Θεὸς
451 4257 485 4311 δ
516 4257 611 4312 καὶ
640 4258 746 4313 ὑπὸ
770 4259 878 4312 τῶν
909 4258 1158 4329 ἀγγέλων
1187 4259 1263 4324 ὡς
1288 4259 1445 4315 τοῦτο
1486 4259 1563 4316 ὢν
1590 4259 1735 4315 κατὰ
1760 4259 1864 4330 φύ-

273 4364 365 4404 σιν
388 4349 837 4418 γινωσκόμενος;
889 4351 952 4404 Et
981 4348 1092 4424 γάρ
1137 4351 1351 4423 ποίημά
1391 4353 1530 4417 ἐστι,
1579 4351 1723 4407 κατὰ
1766 4350 1867 4426 τὴν

268 4439 387 4497 τῶν
420 4439 872 4512 ἐτεροδοξούντων
900 4442 1178 4505 ἀδουλίαν,
1227 4442 1346 4514 ὥρα
1396 4442 1573 4514 λέγειν
1603 4444 1664 4499 ού
1701 4445 1862 4515 μόνον
1896 4432 1941 4488 ⁰

269 4532 449 4605 ἡμᾶς,
478 4531 619 4588 ἀλλὰ
645 4532 738 4589 καὶ
773 4532 944 4599 αὐτάς
976 4533 1076 4598 τάς
1103 4535 1162 4587 ὲν
1195 4533 1444 4606 οὐρανοῖς
1480 4534 1862 4607 πεπλανῆσθαι

268 4622 559 4697 δυνάμεις,
610 4626 687 4690 ὡς
731 4624 1019 4700 λατρεύειν
1067 4628 1135 4699 τῇ
1186 4625 1360 4681 κτίσει
1406 4626 1558 4699 παρά
1600 4625 1691 4681 τὸν
1739 4627 1860 4682 κτί-

272 4732 472 4773 σαντα.
504 4717 571 4772 Et
596 4717 831 4773 δὲτοῦτο
855 4718 1056 4774 ἀτοπον
1083 4719 1166 4790 (οὐ
1202 4720 1312 4793 γὰρ
1337 4719 1404 4776 ἀν
1439 4736 1523 4786 τις
1553 4718 1860 4777 πλανᾶσθαι

270 4809 469 4881 φήσειε
498 4811 624 4875 τοὺς
655 4810 844 4880 ἁγίους
878 4809 1163 4883 ἀγγέλους,
1213 4810 1420 4884 ἀληθὴς
1462 4811 1520 4866 δὲ
1563 4811 1766 4882 μᾶλλον
1802 4811 1860 4864 ὲν

268 4900 460 4966 novet<
498 4901 535 4975 ὴ
586 4902 717 4973 περὶ
743 4902 839 4958 τοῦ
873 4903 1008 4958 Θεοῦ
1049 4903 1269 4973 γνῶσις,
1317 4904 1412 4958 καὶ
1458 4901 1860 4974 προσκυνοῦσιν

267 4991 345 5058 ὡς
364 4992 532 5049 τοῦτο
565 4993 709 5049 κατὰ
733 4993 896 5066 φύσιν
924 4995 1057 5050 δντα
1078 4995 1168 5049 τὸν
1193 4994 1364 5066 Υίὸν),
1400 4994 1500 5048 ούκ
1521 4992 1630 5067 ἀρα
1655 4993 1860 5067 κτίσμα

270 5083 448 5148 ἐστὶν,
475 5083 601 5142 οὐδὲ
625 5086 859 5159 ποίημα.
890 5086 964 5141 Τὸ
989 5085 1099 5159 γάρ
1125 5086 1262 5150 ὅλως
1285 5084 1533 5158 ποιηθὲν,
1550 5085 1666 5138 ,οὐκ
1687 5083 1755 5140 ἂν
1775 5086 1862 5157 εἴη

272 5175 434 5246 φύσει
463 5176 624 5244 Θιός.

969 5269 1172 5325 ΑΛΛΟ.

347 5411 371 5442 e
415 5392 529 5457 Διὸ,
559 5388 807 5458 ἀδελφοὶ,
855 5385 954 5440 οὐκ
982 5383 1150 5454 ἐσμὲν
1181 5383 1474 5467 παιδίσκης
1508 5383 1699 5444 τέκνα.
1725 5383 1861 5437 ἀλλὰ

268 5485 372 5557 τῆς
398 5483 717 5556 ἀλευθέρας,
745 5483 812 5553 τῇ
839 5476 1123 5549 ἐλευθερίᾳ
1151 5469 1186 5548 ᾖ
1218 5474 1614 5545 Χριστὸςὴμᾶς
1643 5473 1861 5544 ἠλευθέ-

343 5635 392 5668 ”
410 5633 595 5693 Galat.
624 5647 700 5695 w,
735 5630 789 5695 8,
821 5630 876 5686 9.

278 5720 402 5768 ctn.
432 5707 483 5760 ὁ.
558 5704 607 5737 ⁰·
639 5702 796 5757 Rom.
832 5717 870 5767 t,
907 5700 995 5755 25.
1071 5700 1113 5731 ⁹¹
1153 5696 1327 5754 Galat.
1364 5711 1436 5768 tv,
1474 5699 1564 5758 31.

1970 3173 2142 3236 duxit,
2170 3171 2344 3228 dicit:
2373 3170 2443 3226 Et
2476 3171 2852 3226 adorent.enm
2877 3178 3071 3222 omnes
3107 3162 3290 3234 angeli
3315 3160 3411 3216 Dei
3432 3159 3502 3212 ⁹⁸.
3534 3177 3556 3213 ι

1970 3263 2034 3320 Et
2065 3278 2281 3320 rursum
2321 3276 2337 3316 ι
2375 3280 2395 3314 ι
2427 3260 2525 3318 Cui
2556 3274 2795 3330 unquam
2829 3255 3150 3327 angelorum
3180 3252 3316 3309 dixit
3346 3267 3363 3305 ι
3390 3250 3561 3307 Filius

1971 3372 2122 3414 meus
2150 3370 2210 3413 es
2234 3364 2313 3422 tu,
2341 3368 2441 3426 ego
2464 3353 2627 3410 hodie
2653 3351 2814 3423 genni
2862 3358 2919 3407 ts
2950 3367 2965 3405 ε
2996 3358 3076 3416 et,
3109 3345 3251 3402 Sede
3293 3358 3322 3398 a
3354 3343 3561 3399 dextris

1973 3450 2129 3514 meis,
2160 3447 2332 3502 donec
2359 3459 2557 3514 ponam
2589 3442 2844 3499 inimicos
2874 3449 2997 3496 tues
3028 3436 3328 3494 scabellum
3351 3434 3550 3504 pedum

1970 3549 2183 3594 tuorum
2210 3538 2258 3570 ⁹·
2283 3537 2306 3590 l
2334 3554 2353 3588 ι
2388 3535 2665 3605 Scriptum
2697 3533 2862 3588 etiam
2891 3539 2979 3587 est
3008 3529 3076 3585 de
3113 3525 3326 3597 angelis
3354 3542 3371 3580 ι
3404 3542 3424 3578 ι
3455 3523 3557 3588 Qui

1969 3625 2101 3682 l'acit
2130 3625 2354 3696 angelos
2384 3637 2518 3680 suos
2557 3621 2805 3693 spiritus,
2833 3629 2889 3677 et
2918 3618 3208 3674 ministros
3234 3629 3365 3672 suos
3401 3612 3559 3669 flam·

1970 3733 2112 3773 mam
2154 3717 2296 3788 ignis
2339 3715 2412 3771 ⁸⁸.
2478 3735 2500 3768 ι
2531 3713 2667 3770 Cum
2701 3712 2868 3784 igitur
2900 3719 3115 3767 tantum
3150 3708 3295 3764 inter
3342 3720 3440 3762 eos
3487 3703 3561 3760 sit

1971 3808 2314 3875 differentiae,
2346 3817 2407 3864 ut
2434 3808 2608 3864 Filius
2634 3805 2854 3878 quidem
2888 3803 3173 3866 adoretur,
3218 3797 3398 3869 angeli
3427 3810 3558 3852 vero

1969 3903 2018 3958 ei
2060 3900 2392 3965 ministrent,
2423 3907 2589 3970 atque
2618 3898 2708 3954 ille
2737 3898 2914 3954 instar
2939 3895 3082 3968 regis
3120 3902 3179 3951 et
3222 3893 3392 3964 280
3425 3889 3551 3948 Filii

1971 4007 2037 4048 ac
2071 3989 2287 4047 Domini
2317 3991 2529 4053 sedeat,
2556 3986 2611 4042 hi
2639 4000 2769 4042 vero
2794 3989 2863 4042 ad
2884 3985 3189 4042 ministeria
3224 3983 3555 4052 allegentur,

1972 4081 2244 4156 quomodo
2268 4093 2376 4135 non
2408 4078 2517 4135 erit
2554 4075 2696 4133 Deus
2718 4114 2735 4141 ,
2769 4075 2862 4146 qui
2906 4075 3073 4130 etiam
3105 4073 3175 4130 ab
3212 4070 3419 4144 angelis
3464 4084 3560 4126 na-

1971 4175 2220 4233 turaliter
2275 4173 2400 4230 talis
2441 4185 2566 4229 esse
2594 4167 2991 4241 cognoscitur!
3044 4167 3177 4222 Nam
3208 4166 3256 4222 si
3302 4171 3555 4221 creatura

1969 4279 2075 4338 est,
2099 4269 2255 4342 iuxta
2280 4280 2535 4324 vesanam
2557 4263 2937 4320 haereticorum
2969 4257 3308 4330 opinionem,
3343 4265 3548 4325 oppor-

1973 4373 2103 4420 tune
2136 4361 2245 4419 dici
2292 4358 2497 4431 poterit
2541 4371 2652 4411 non
2699 4353 2879 4412 solum
2910 4366 3032 4415 nos,
3080 4348 3179 4406 sed
3209 4348 3375 4405 etiam
3405 4348 3552 4418 ipsas

1970 4460 2269 4527 potestates
2300 4449 2553 4509 coelestes
2584 4460 2822 4510 errasse,
2857 4445 3059 4516 quippe
3092 4457 3214 4513 quas
3245 4450 3550 4499 creaturam

1969 4561 2068 4621 pro
2090 4543 2354 4600 Creatore
2389 4539 2675 4597 coluerunt
2698 4539 2772 4592 θ’.
2796 4539 2866 4593 At
2898 4537 2944 4592 si
2977 4539 3079 4592 hoc
3121 4534 3416 4590 absurdum
3468 4539 3553 4587 est

1970 4638 2171 4712 (neque
2218 4632 2363 4690 onim
2417 4632 2708 4703 quisquam
2763 4637 2986 4687 sanctos
3044 4625 3266 4698 angelos
3335 4637 3553 4682 errasse

1968 4727 2136 4792 dicet,
2165 4726 2275 4783 imo
2302 4725 2483 4797 potius
2512 4737 2641 4780 vera
2675 4722 2773 4779 Dei
2803 4721 3116 4793 cognitione
3154 4719 3366 4797 praediti
3397 4725 3548 4783 sunt,

1968 4829 2024 4877 et
2068 4820 2301 4877 adurant
2328 4816 2525 4874 Filium
2558 4825 2815 4888 tanquam
2845 4823 3039 4870 natura
3082 4813 3303 4886 Deum),
3324 4828 3432 4869 non
3466 4820 3552 4868 est

1968 4911 2136 4985 igitur
2167 4909 2341 4966 Filius
2374 4918 2630 4967 creatura
2663 4907 2751 4965 vel
2781 4921 2941 4978 opus.
2978 4906 3131 4976 Quod
3164 4906 3310 4962 enim
3344 4902 3548 4961 tactum

1968 5009 2075 5069 est,
2120 5000 2261 5058 Deus
2292 5009 2489 5057 natura
2517 5013 2640 5056 esse
2662 5010 2770 5054 non
2800 5005 2998 5069 potest.

2641 5259 2870 5317 Auno.

2047 5400 2066 5432 ι
2106 5378 2336 5444 idcirco,
2369 5379 2570 5451 inquit,
2596 5379 2812 5444 iratres,
2834 5393 2938 5432 non
2959 5389 3149 5430 sumus
3182 5371 3276 5429 lilii
3306 5370 3542 5437 ancillar,

1968 5476 2061 5532 sed
2103 5475 2311 5539 liberte,
2334 5472 2582 5527 libertate
2603 5485 2709 5542 qna
2734 5485 2836 5525 nos
2858 5467 3111 5525 Christus
3131 5464 3385 5523 liberavit
3408 5463 3477 5517 ⁹⁷.
3518 5482 3537 5517 ι

985 5626 1211 5685 ⁸¹Joan.
1239 5642 1292 5693 x,
1331 5625 1415 5681 Η.
1515 5625 1560 5656 ”
1586 5623 1763 5683 Galat.
1788 5642 1862 5699 w,
1902 5627 1989 5696 ila,
2027 5626 2112 5687 Η.
2210 5627 2255 5660 '⁸
2293 5624 2521 5690 flebr.t,
2551 5623 2603 5678 6.
2706 5621 2752 5655 ’⁸
2780 5619 2914 5680 ibid.
2944 5619 2998 5687 6,
3032 5618 3087 5687 7„
3130 5617 3217 5674 13.
3312 5615 3360 5648 ’⁸
3391 5614 3533 5672 Psal.
