3809 6125
143 341 284 398 ¹25³

1233 347 1324 403 nt:
1362 346 1878 405 thAttNATtoNE
1916 346 2294 406 uNtGENm.

3267 333 3430 404 ιεῑι·

141 464 279 535 μονῇ
310 461 408 535 τῆς
442 461 778 532 θεοπρεποῦς
806 462 1078 531 εὐκλείας.
1109 466 1280 522 Ταυτὶ
1313 470 1636 540 φρονοῦντες
1671 471 1721 524 οι
1754 478 1799 535 Α
1829 469 2095 541 integram
2132 478 2296 540 atque
2324 468 2698 525 inconcussam
2730 466 2947 524 retinet.
2989 466 3141 534 Quod
3185 465 3406 535 quidem

139 552 401 626 μαθηταὶ,
428 553 795 624 προσεκύνουν
817 554 1086 625 λέγοντες·
1119 576 1138 610 ι
1162 558 1400 632 ’Δληθῶς
1429 559 1566 614 Θεοῦ
1592 559 1721 626 Υἱὸς

132 640 206 699 εἴ·
239 662 260 697 ι
293 644 473 698 καίτοι
502 644 668 717 βάδην
704 646 850 701 ίόντα
881 645 1188 717 βλέποντες,
1208 649 1302 703 καὶ
1327 651 1386 703 ὲν
1410 652 1574 723 σαρκὶ
1596 651 1717 706 καθ’

129 733 430 880 audaga?
456 734 624 805 ἄκρου
659 734 769 808 γὰρ
809 733 876 809 δὴ
914 735 1079 793 διέθει
1105 737 1347 812 κύματος
1376 740 1718 833 παραδόξως,

208 1004 270 1058 Β.
310 1004 421 1058 Καὶ
450 1005 535 1070 τίς
563 1000 632 1076 ἦν
657 1003 686 1058 ὁ
713 1006 889 1075 λέγων
924 1008 1062 1080 πρὸς
1094 1007 1195 1079 τὴν
1240 1013 1298 1066 ὲν
1319 1013 1385 1083 τῇ
1429 1011 1716 1086 Σαμαρείᾳ

131 1097 396 1166 γυναῖκα·
437 1114 456 1148 t
478 1094 669 1167 Ὑμεῖς
720 1101 1078 1171 προσκυνεῖτε
1113 1099 1142 1153 δ
1185 1101 1287 1155 οὐκ
1324 1101 1527 1169 οἴδατε,
1557 1104 1718 1175 ἡμεῖς

129 1183 548 1257 προσκυνοῦμεν
572 1186 601 1240 δ
627 1186 884 1261 elongas-13
918 1208 938 1243 ι
971 1185 1107 1246 Εἶτα
1134 1193 1255 1258 πῶς
1282 1193 1435 1249 ἔσται
1471 1212 1717 1266 προσκυ-

131 1277 316 1348 νητὸς,
344 1279 373 1332 ό
397 1280 511 1342 τοῖς
534 1280 901 1351 προσκυνοῦσι
930 1284 1398 1356 συντεταγμένοςς

201 1369 267 1422 Λ.
310 1370 420 1423 Καὶ
443 1365 630 1442 μὴν,ὧ
646 1372 889 1445 φιλότης,
919 1373 982 1429 τὸ
1010 1374 1106 1441 Τίς
1130 1373 1194 1447 δὴ
1214 1372 1374 1430 τοῦτο
1398 1375 1718 1443 πλειστάκις

129 1459 435 1529 ἀναφωνεῖς
470 1461 531 1516 τὸ
560 1461 834 1531 λεξείδιον,
863 1465 964 1519 οὐκ
992 1461 1089 1520 οἷδ’
1117 1467 1266 1545 όπως
1295 1472 1407 1535 τοῖς
1438 1471 1718 1537 ἀσυνέτοις

129 1549 517 1627 ἐξευρημένον.
562 1555 912 1629 Μεμέρισται
943 1559 1053 1632 γὰρ
1087 1560 1339 1634 οὐδαμῶς
1385 1564 1414 1617 ό
1456 1564 1714 1638 Χριστός.

143 1641 205 1697 ⁰0
227 1642 383 1715 δὲτῷ
405 1645 616 1717 γυναίῳ
644 1646 985 1719 προσλαλῶν,
1009 1651 1038 1704 ό
1070 1644 1152 1716 εἷς
1185 1669 1246 1705 τε
1276 1651 1371 1706 καὶ
1403 1652 1566 1724 μόνος
1599 1653 1717 1708 Κύ-

1822 561 2117 616 sentientes
2174 559 2457 631 discipuli,
2500 559 2793 615 adorarunt
2836 558 3077 615 dicentes
3118 575 3133 612 ι
3184 575 3203 609 ι
3266 553 3409 612 Vere

1821 649 1990 707 Filius
2036 649 2133 707 Dei
2184 664 2275 716 es,
2314 668 2333 702 ι
2394 665 2517 705 cum
2558 648 2706 704 illum
2766 648 3188 704 inambulantem
3252 643 3410 716 aquis

1821 750 2127 806 cernerent,
2154 738 2369 796 tametsi
2395 739 2448 793 in
2474 754 2637 795 earne
2667 747 2979 795 versaretnr
3011 746 3070 792 ut
3098 750 3194 792 nos
3219 753 3234 791 ι
3256 750 3407 793 snm·

1821 846 1944 886 mos
1998 817 2141 887 enim
2203 829 2400 890 fluctus
2457 828 2806 903 percurrebat
2868 823 3299 892 admirabiliter,
3349 834 3408 879 ut

1823 920 1989 977 Deus..

1890 1012 1953 1069 B.
1983 1012 2147 1084 Atqui
2180 1011 2426 1083 quisnam
2459 1022 2577 1068 crat
2605 1010 2792 1066 dicens
2815 1011 2882 1065 ad
2905 1009 3184 1066 mulierem
3217 1005 3413 1063 Sama-

1822 1105 2054 1161 ritanam
2096 1123 2112 1161 ι
2166 1125 2185 1159 ι
2239 1106 2349 1163 Vos
2392 1106 2630 1163 adoratis
2665 1105 2809 1176 quod
2850 1103 3119 1169 nescitis:
3162 1116 3262 1157 nos
3308 1099 3407 1156 ad·

1821 1212 2043 1254 oramus
2069 1198 2213 1268 quod
2253 1198 2457 1255 scimus
2499 1196 2548 1230 ‘1'
2576 1196 2601 1252 ’ἒ
2635 1216 2655 1251 ι
2688 1197 2957 1254 Praeterea
3003 1190 3271 1264 quomodo
3305 1190 3410 1247 erit

1821 1288 2153 1355 adorandus,
2186 1290 2276 1359 qui
2315 1298 2401 1346 εει
2429 1290 2480 1345 in
2520 1304 2748 1346 numero
2774 1303 2961 1345 eorum
2990 1286 3081 1357 qui
3130 1283 3409 1342 adorant?

1888 1377 1957 1435 A.
1991 1378 2357 1451 Frequenter,
2395 1394 2429 1436 o
2449 1378 2654 1445 amice,
2679 1380 2822 1435 banc
2850 1392 3059 1441 vocem.
3092 1376 3249 1444 Quis,
3277 1376 3405 1431 mibi

1819 1471 2048 1536 occiniS,
2103 1472 2284 1528 nescio
2321 1470 2590 1543 quomodo
2655 1472 2726 1526 ab
2772 1470 3037 1541 imperitis
3105 1468 3403 1523 inventam.

1820 1560 1976 1617 Nulla
2004 1561 2164 1633 702
2194 1562 2338 1617 enim
2368 1560 2574 1617 ratione
2618 1561 2822 1617 divisus
2862 1568 2947 1615 εει
2982 1556 3252 1614 Christus.
3301 1555 3405 1624 Qui

1817 1653 1965 1709 vero(
1995 1651 2276 1706 mulierem
2322 1649 2645 1728 alloquitur,
2673 1664 2813 1705 unus
2846 1663 2911 1704 ac
2958 1646 3105 1703 solus
3144 1645 3407 1702 Dominus

129 1749 250 1809 ριος
294 1729 364 1809 ἦν
399 1734 606 1808 Ἰησοῦς
637 1740 665 1793 ὀ
694 1739 948 1812 Χριστὸς.
982 1739 1045 1795 ἔκ
1080 1759 1139 1796 τε
1176 1744 1273 1815 τῆς
1304 1745 1718 1815 προσκυνούσης
1820 1752 1939 1799 erat
1969 1741 2127 1799 Jesus
2171 1741 2442 1810 Christus,
2491 1758 2557 1799 ex
2588 1741 2922 1798 humanitate
2953 1754 3072 1811 quae
3103 1736 3322 1802 adorat,
3352 1746 3409 1793 et

129 1822 556 1899 ἅνθρωπότητθς
606 1828 700 1881 καὶ
734 1830 799 1883 ὲκ
825 1829 926 1902 τῆς
955 1832 1438 1908 προσκυνουμένης
1466 1834 1716 1908 θεότητος
1749 1814 1792 1871 Β
1821 1835 2107 1892 divinitate
2136 1848 2258 1905 quae
2280 1834 2536 1890 adoratur
2564 1832 2821 1889 ineflabili
2855 1832 3012 1887 modo
3046 1830 3400 1900 compositus.

133 1914 494 1986 συγκείμενος
518 1918 869 1991 ἀπορρήτοις,
898 1921 1151 1996 καθάπερ
1170 1921 1365 1995 ἀμέλει
1388 1923 1521 1996 φαίη
1545 1942 1629 1990 τις
1652 1924 1718 1981 ἂν

128 2006 228 2060 καὶ
256 2005 457 2077 ἑτέρως
491 2010 617 2081 περὶ
646 2004 916 2085 αὐτοῦ.*ῌ
944 2013 1042 2085 μὲν
1079 2013 1189 2087 γάρ
1229 2017 1347 2070 ἐστι
1378 2015 1533 2086 Θεὸς,
1559 2019 1718 2073 νοοίτ’

128 2095 202 2151 ἂν
246 2096 508 2169 ὑπάρχων
536 2101 698 2167 αὐτὸς
725 2105 753 2157 ὀ
789 2103 889 2174 τῆς
931 2102 1092 2176 δόξης
1127 2105 1354 2177 Κύριος·
1384 2103 1417 2183 ᾖ
1442 2108 1501 2163 δὲ
1525 2108 1719 2179 γέγονε

128 2188 275 2243 κατὰ
307 2189 524 2262 μέθεξιν
561 2190 662 2265 τὴν
687 2194 839 2265 παρὰ
864 2193 997 2249 Θεοῦ
1026 2194 1380 2269 δοξαζόμενος
1408 2198 1718 2273 ἄνθρωπος,

130 2275 305 2333 ἐδεῖτο
351 2281 446 2333 καὶ
488 2279 666 2351 δόξης,
695 2281 871 2351 λέγων
892 2299 906 2314 ·
957 2302 976 2336 t
1008 2284 1211 2358 Πάτερ,
1250 2286 1474 2355 δόξασόν
1501 2306 1595 2344 σου
1626 2290 1720 2345 τὸν

129 2369 282 2426 Υὶόν.
310 2390 330 2424 ι
351 2371 512 2438 Ἀλλ’,
537 2391 555 2424 ι
580 2368 673 2436 Εἷς
692 2372 918 2442 Κύριος,
944 2375 1042 2446 μία
1065 2376 1267 2444 πίστις,
1292 2378 1352 2432 ἓν
1375 2379 1712 2453 §din-etcum.)

128 2459 276 2516 κατὰ
299 2462 361 2516 τὸ
387 2460 1013 2535 γεγραμμένον.”Ωσπερ
1039 2460 1130 2519 οὗν
1164 2468 1280 2520 ἐστι
1307 2468 1404 2539 μία
1442 2465 1648 2536 πίστις,
1686 2472 1719 2543 ἡ

128 2555 213 2618 εἰς
241 2555 496 2625 Χριστὸν,
537 2556 632 2609 καὶ
661 2554 719 2608 ἓν
750 2555 968 2626 ἀληθῶς
990 2557 1049 2611 τὸ
1075 2556 1381 2629 βάπτισμα,
1413 2562 1594 2615 καίτοι
1629 2559 1722 2631 βα·

131 2645 474 2717 πτιζομένων
499 2647 592 2701 καὶ
624 2647 1068 2703 πεπιστευκότων
1091 2648 1250 2720 ἡμῶν
1270 2652 1350 2713 εἰς
1379 2650 1599 2723 Πατέρα
1624 2652 1720 2705 καὶ

132 2738 266 2793 Υίὸν
290 2740 384 2793 καὶ
407 2739 562 2807 ἅγιον
583 2740 809 2811 Πνεῦμα
825 2758 838 2771 ·
869 2742 1012 2795 κατὰ
1031 2742 1124 2795 τὸν
1144 2742 1326 2806 αὐτὸν,
1340 2740 1721 2817 οἶμαι,τρόπον

132 2847 195 2883 τε
214 2831 307 2883 καὶ
331 2831 486 2899 λόγον
504 2832 603 2903 μία
618 2832 987 2904 προσκύνησις
1005 2833 1235 2907 Πατρὸς,
1254 2836 1344 2889 καὶ
1364 2835 1721 2909 ἑνανθρωπή-

137 2939 330 2988 σαντος
350 2922 503 2988 Υἱοῦ,
525 2940 617 2978 και
637 2924 794 2992 ἁγίου
820 2924 1159 2996 Πνεύματος.
1192 2924 1594 2999 Ἐξωσθήσεται
1612 2927 1721 3001 γὰρ

133 3013 390 3084 οὐδαμῶς
416 3013 511 3065 τοῦ
540 3014 961 3082 προσκυνεῖσθαι
981 3015 1110 3082 δεῖν,
1150 3017 1289 3089 πρός
1327 3036 1386 3073 τε
1426 3016 1584 3092 ἡμῶν
1623 3019 1722 3075 αύ-

134 3103 249 3158 τῶν
275 3101 370 3154 καὶ
396 3099 505 3152 τῶν
538 3101 709 3168 ἁγίων
738 3101 984 3171 ἀγγέλων
1008 3107 1036 3158 5
1068 3107 1399 3180 Μονογενὴς.
1430 3113 1525 3164 καὶ
1553 3114 1602 3165 εί
1628 3112 1722 3182 γέ-

141 3208 270 3263 γονε
318 3186 474 3263 σὰρξ,
501 3188 595 3242 καὶ
635 3190 946 3261 ἐσκήνωσεν
981 3191 1040 3244 ὲν
1081 3193 1233 3263 ἡμῖν,
1260 3197 1632 3267 κεχρημάτικέ
1660 3216 1721 3255 τε

144 3281 486 3355 πρωτότοκος
515 3282 573 3336 ἐν
600 3282 813 3347 πολλοῖς
839 3282 1106 3354 ἀδελφοῖς.
1126 3282 1280 3341 Ἐπεὶ
1307 3287 1390 3350 τίς
1428 3288 1495 3343 ἂν
1514 3290 1724 3360 γένοιτο

144 3373 330 3429 λοιπὸν
354 3375 382 3428 ό
411 3373 509 3444 τῆς
539 3374 624 3427 ἐπ’
650 3373 799 3447 αὐτῷ
823 3376 1058 3440 πίστεως
1086 3375 1263 3447 λόγος,
1290 3376 1408 3445 πῶς
1436 3380 1538 3435 οὐκ
1575 3383 1724 3450 ἄξιον

145 3464 275 3519 ἰδεῖν
293 3483 307 3531 ;
327 3464 462 3519 Οὐδὲ
488 3464 618 3538 γὰρ,
640 3461 814 3538 οἶμαι,
833 3468 991 3536 φαῖεν
1009 3466 1079 3522 ἂν
1101 3468 1258 3540 οἵπερ
1281 3470 1350 3525 ἂν
1372 3470 1577 3529 ἕλοιντο
1599 3493 1727 3548 φρο·

144 3554 255 3608 νεῖν
283 3552 479 3626 ὀρθῶς,
505 3553 580 3619 ὡς
611 3554 693 3620 είς
733 3556 893 3628 μόνον
916 3557 1361 3630 πεπιστεύκαμεν
1387 3561 1477 3616 τὸν
1499 3565 1564 3637 εκ
1583 3565 1721 3620 Θεοῦ

143 3645 321 3715 φύντα
347 3646 540 3716 Λόγον.
565 3646 1007 3719 ἁπογυμνοῦντες
1038 3649 1201 3704 αὐτὸν
1232 3651 1333 3723 τῆς
1370 3654 1589 3728 σαρκός·
1613 3656 1722 3712 οὐδ’

143 3731 210 3789 αὖ
252 3737 428 3789 ἐκεῖνο
468 3739 789 3810 παρήσομεν
825 3740 1022 3793 εἰπεῖν·
1054 3739 1329 3808 λελέξεται
1366 3744 1503 3817 γάρ.

215 3828 276 3883 Β.
315 3827 389 3881 Τὸ
424 3828 479 3881 τί
515 3827 578 3900 δὴ
617 3831 757 3900 φής,

214 3920 280 3975 Α.
321 3917 394 3973 Οὐ
435 3918 544 3992 γὰρ
581 3920 657 3985 ὡς
701 3923 782 3985 εἰς
811 3921 909 3976 ἕνα
951 3921 1058 3978 τῶν
1101 3922 1224 3977 καθ’
1252 3924 1420 3995 ἡμᾶς,
1448 3925 1571 3981 οὔτε
1615 3929 1723 4001 μὴν

145 4010 222 4076 ὡς
262 4009 344 4074 είς
382 4011 668 4082 ἄνθρωπον
700 4015 733 4086 ἡ
766 4013 965 4080 πίστις,
995 4015 1110 4070 ἀλλ’
1135 4018 1216 4081 εἰς
1259 4017 1390 4071 Θεὸν
1427 4019 1724 4091 πράττεται

146 4102 237 4158 τὸν
275 4101 432 4173 φύσει
473 4104 569 4158 καὶ
611 4104 826 4177 ἀληθῶς
854 4107 913 4160 ὲν
940 4106 1220 4181 προσώπῳ
1242 4109 1502 4181 Χριστοῦ·
1531 4111 1725 4184 συλλή·

144 4195 306 4266 ψεται
339 4195 396 4250 δὲ
419 4194 498 4266 τῷ
532 4196 676 4269 λόγῳ
709 4197 803 4252 καὶ
834 4200 863 4253 ό
889 4198 1050 4268 σοφὸς
1076 4200 1304 4271 γράφων
1326 4201 1562 4267 Παῦλος·
1597 4224 1614 4257 ι
1644 4203 1722 4258 Ού

146 4290 257 4358 γὰρ
301 4288 527 4353 ἑαυτοὺς
575 4287 954 4360 ἑκηρύσσομεν
978 4329 993 4355 ,
1056 4289 1193 4346 ἀλλὰ
1238 4292 1471 4365 Χριστὸν
1515 4295 1725 4365 Ἰησοῦν

148 4378 374 4451 Κύριον·
409 4379 637 4444 ἑαυτοὺς
674 4379 731 4432 δὲ
768 4378 986 4445 δούλους
1029 4380 1183 4451 ὐμῶν
1219 4381 1308 4437 διὰ
1343 4384 1601 4456 Χριστοῦ,
1642 4387 1724 4440 ὅτι

1820 1924 2283 1996 Quemadmodum
2305 1923 2536 1980 sortasse
2577 1922 2843 1994 quispiam
2886 1921 3043 1977 aliter
3082 1934 3295 1991 qnoque
3341 1920 3408 1975 do

1821 2018 1939 2086 ipso
1974 2016 2190 2073 dixerit.
2220 2015 2497 2083 Quatenus
2516 2014 2660 2069 enim
2689 2022 2774 2069 est
2795 2012 2957 2079 Deus,
2979 2022 3265 2068 censeatur
3287 2027 3408 2068 esse

1819 2107 2081 2163 Dominus
2125 2107 2357 2176 gloriae:
2410 2117 2677 2176 qnatenus
2722 2120 2851 2161 vero
2898 2103 3069 2160 sactus
3116 2113 3198 2159 cst
3245 2106 3406 2159 homo

1820 2201 2117 2255 secundum
2146 2196 2617 2269 participationem
2649 2210 2679 2251 a
2709 2193 2819 2250 Deo
2848 2194 3201 2264 glorificatuS,
3230 2194 3403 2266 gloria

1821 2287 2033 2359 egebat,
2068 2287 2292 2353 dicens:
2325 2305 2344 2339 ι
2375 2283 2557 2350 Pater,
2594 2285 2834 2355 glorifica
2866 2282 3061 2340 Filium
3099 2293 3249 2337 tunm
3272 2283 3341 2338 ⁷⁸.
3381 2300 3401 2334 ι

1821 2379 2111 2448 Caeterum,
2149 2397 2167 2430 ι
2208 2376 2358 2434 Unns
2387 2388 2469 2434 est
2500 2376 2778 2438 Dominus.
2804 2391 2907 2431 nna
2930 2376 3083 2443 fides,
3117 2390 3280 2429 unum
3310 2371 3407 2427 ba·

1822 2472 2045 2543 ptisma,
2072 2491 2090 2523 ι
2112 2472 2253 2527 εἰευι
2272 2471 2533 2541 scriptum
2550 2479 2632 2526 est
2659 2469 2727 2527 ⁷⁹.
2749 2469 3210 2537 Quemadmodum
3245 2468 3407 2539 igitur

1824 2578 1928 2617 una
1990 2570 2073 2617 est
2130 2562 2262 2617 tides
2313 2561 2368 2617 in
2424 2560 2734 2638 Christnm,
2770 2571 2931 2632 atque
2988 2575 3152 2615 unum
3217 2571 3403 2614 revera

1823 2654 2123 2725 baptisma,
2162 2652 2375 2708 tametsi
2410 2652 2667 2723 baptizati
2702 2652 2873 2708 simus
2914 2659 2970 2707 ει
3016 2652 3302 2708 credamus
3347 2649 3405 2703 in

1822 2745 2062 2813 Patrem,
2097 2743 2316 2809 Filium,
2341 2752 2395 2799 ει
2421 2742 2681 2812 Spiritum
2708 2752 2955 2798 sanctum
2984 2760 2998 2799 ι
3031 2740 3221 2797 eadam
3248 2741 3406 2811 plane

1810 2837 2035 2916 Xratione
2071 2851 2137 2891 ac
2197 2835 2357 2890 modo
2420 2849 2525 2890 una
2564 2844 2648 2890 est
2707 2834 2950 2891 adoratio
2994 2831 3171 2889 Patris
3200 2840 3253 2887 et
3282 2831 3403 2887 Filii

1822 2919 2116 2992 incarnati,
2157 2934 2213 2980 et
2241 2922 2477 2996 Spiritus
2506 2923 2703 2979 sancti.
2736 2922 2920 2993 Neque
2944 2923 3086 2980 enim
3116 2920 3225 2976 ullo
3245 2930 3404 2990 pacto

1824 3031 1855 3072 a
1908 3014 2062 3072 nobis
2096 3016 2302 3087 pariter
2348 3024 2404 3073 et
2456 3015 2658 3071 sanctis
2713 3016 2918 3086 angelis
2974 3016 3041 3070 ab
3094 3013 3405 3070 adoratione

1825 3105 2187 3165 excludendus
2214 3117 2300 3165 est
2325 3106 2675 3180 unigenitus,
2708 3110 2919 3165 tannetsi
2951 3108 3127 3164 sactus
3149 3107 3218 3163 sit
3248 3120 3400 3169 caro,

1822 3208 1878 3256 ει
1907 3193 2166 3256 habitarit
2199 3200 2250 3256 in
2274 3201 2452 3267 nobis,
2473 3211 2803 3271 vocatusque
2830 3200 2900 3257 sit
2931 3197 3320 3272 primogenitus
3345 3197 3399 3252 in

1822 3289 2006 3347 multis
2032 3289 2287 3347 fratribus
2304 3290 2373 3346 ⁸⁶.
2394 3290 2475 3346 Ad
2491 3291 2609 3347 haec
2635 3306 2881 3362 qnaenam
2912 3290 2980 3345 sit
3012 3288 3132 3344 fidei
3154 3290 3205 3342 in
3229 3288 3401 3357 ipsun·

1820 3381 1995 3447 ratio,
2025 3384 2295 3452 quomodo
2335 3396 2441 3438 non
2482 3381 2552 3438 sit
2580 3396 2757 3452 operae
2797 3382 3030 3452 pretium
3078 3380 3350 3449 inquirere
3377 3379 3404 3432 ἲ

1820 3468 1939 3527 Nou
1994 3473 2137 3529 enim
2192 3473 2458 3540 dixerint,
2488 3482 2548 3528 ut
2591 3473 2809 3543 opinor,
2864 3473 2954 3543 qui
3008 3483 3151 3528 recte
3203 3470 3406 3525 sentire

1822 3561 1990 3616 velint
2012 3602 2027 3626 ‚
2064 3575 2164 3617 nos
2196 3561 2249 3617 in
2281 3561 2452 3617 solunt
2489 3559 2722 3615 Verbum
2750 3563 2892 3631 quod
2925 3576 2990 3616 ex
3018 3559 3127 3616 Den
3162 3559 3403 3633 procedit

1823 3651 2155 3720 credidisse,
2183 3652 2448 3708 nudantes
2481 3652 2661 3722 ipsum
2701 3667 2884 3708 carne.
2918 3652 3025 3707 Sed
3055 3663 3229 3720 neqne
3273 3650 3404 3704 illud

1823 3752 2039 3800 rursum
2070 3745 2248 3801 dicere
2272 3744 2604 3802 omittemus.
2635 3743 2854 3802 Dicetur
2875 3745 3019 3802 enim
3049 3744 3254 3799 statim.

1895 3834 1958 3890 B.
1985 3834 2254 3902 Quidnam
2281 3836 2451 3893 dicis?

1895 3921 1960 3976 A.
1988 3922 2175 3994 Neque
2201 3922 2346 3979 enim
2377 3931 2633 3994 tanquam
2668 3923 2721 3981 in
2745 3939 2909 3980 unum
2937 3938 3002 3980 ex
3032 3923 3208 3991 nobis,
3229 3937 3403 3994 neque

1825 4021 1885 4069 ut
1922 4015 1975 4071 in
2007 4015 2210 4070 nudum
2255 4013 2529 4071 hominem
2562 4015 2867 4082 credimus,
2899 4017 2992 4071 sed
3026 4015 3081 4071 in
3120 4015 3285 4070 Deum
3308 4015 3399 4085 qui

1826 4103 2146 4162 naturaliter
2203 4119 2268 4163 ac
2320 4119 2450 4162 vere
2502 4116 2587 4163 est
2631 4107 2683 4163 in
2730 4119 2957 4178 persona
3020 4106 3219 4163 Christi
3269 4105 3402 4161 tides

1825 4207 2018 4255 nostra
2065 4198 2259 4267 vergit.
2321 4196 2419 4255 Cui
2472 4198 2688 4269 quidem
2743 4198 3024 4254 sententiae
3081 4197 3402 4268 astipulatur

1825 4287 2041 4359 sapiens
2068 4289 2154 4345 ille
2178 4288 2378 4345 Paulus
2403 4290 2472 4344 ita
2497 4289 2744 4346 scribens
2774 4308 2828 4345 :e
2845 4287 2962 4345 Non
2990 4290 3137 4345 enim
3159 4300 3400 4346 nosmet·

1827 4376 1972 4448 ipsos
2000 4377 2423 4446 praedicabamus
2442 4417 2458 4441 ,
2487 4377 2580 4432 scd
2603 4374 2786 4434 «lesum
2814 4375 3085 4433 Christum
3113 4374 3401 4431 Dominum

145 4469 278 4534 Θεὸς
301 4471 329 4523 ὁ
352 4468 519 4523 εἰπὼν
555 4471 619 4524 ὲκ
658 4470 881 4535 σκότους
907 4469 1017 4540 φῶς
1047 4470 1280 4543 λάμψαι,
1301 4471 1362 4537 ὃς
1395 4473 1634 4547 mappa„
1667 4476 1725 4531 ὲν
1757 4485 1802 4542 D
1828 4452 2069 4517 nostruin
2104 4477 2119 4527 ;
2166 4477 2265 4517 nos
2322 4473 2499 4518 autem
2548 4478 2735 4520 servos
2784 4474 2989 4520 vestros
3045 4478 3141 4534 per
3193 4462 3394 4518 «lesum.

145 4562 269 4625 ταῖς
302 4560 551 4632 καρδίαις
590 4558 749 4633 ἡμῶν
778 4563 914 4634 πρὸς
933 4561 1212 4633 φωτισμὸν
1235 4563 1332 4635 τῆς
1351 4563 1606 4632 γνώσεως
1627 4567 1729 4639 τῆς

145 4651 308 4724 δόξης
348 4650 513 4706 αὐτοῦ
555 4653 613 4706 ὲν
663 4651 940 4724 προσώπῳ
973 4651 1231 4724 Χριστοῦ.
1260 4670 1279 4704 ι
1299 4651 1432 4708 Ἰδοὺ
1453 4652 1516 4725 δὴ
1545 4654 1732 4725 σαφῶς

146 4759 209 4798 τι
248 4744 343 4798 καὶ
383 4742 628 4816 ἐναργῶς
671 4745 700 4798 ό
723 4743 1003 4814 φωτισμδς
1042 4744 1140 4816 τῆς
1177 4742 1430 4814 γνώσεως
1464 4744 1557 4800 τοῦ
1591 4746 1727 4800 Θεοῦ

149 4837 245 4892 καὶ
280 4837 493 4909 Πατρδς
527 4839 585 4891 ὲν
618 4836 897 4908 προσώπῳ
928 4836 1190 4910 διέλαμψε
1209 4836 1304 4892 τοῦ
1325 4838 1582 4910 Χριστοῦ.
1606 4838 1729 4894 Τοι-

148 4929 343 5000 γάρτοι
378 4928 473 4982 καὶ
515 4928 752 4998 ἔφασκεν
779 4943 792 4959 ·
822 4946 841 4980 t
862 4927 922 4983 'O
967 4926 1227 4999 ἑωρακὼς
1248 4927 1372 4998 ἐμὲ,
1396 4925 1610 5000 ἑώρακε
1630 4927 1724 4983 τὸν

146 5021 388 5094 Πατέρα·
415 5019 525 5088 ἐγὼ
549 5021 644 5074 καὶ
664 5020 692 5072 δ
711 5018 900 5090 Πατὴρ
925 5017 984 5072 ἓν
1003 5020 1193 5089 ἐσμεν.
1228 5035 1248 5071 ι
1294 5017 1596 5090 Χαρακτὴρ
1615 5018 1673 5072 at
1694 5019 1723 5072 δ

148 5115 294 5179 Θείος
328 5115 387 5167 οὐ
431 5111 759 5184 σωματικὸς,
783 5111 899 5165 ἀλλ’
923 5111 980 5164 ἐν
1002 5109 1229 5179 δυνάμει
1250 5109 1342 5163 καὶ
1361 5107 1488 5184 δόξῃ
1507 5113 1576 5183 τῇ
1601 5110 1722 5165 Θεο-

150 5207 526 5280 πρεπεστὰτῃ,
546 5205 704 5261 τοῦτο
733 5204 790 5258 δὲ
820 5199 889 5275 ἦν
920 5202 1220 5274 ἀκραιφνὲς
1243 5202 1300 5256 ἐν
1320 5201 1556 5274 Χριστῷ·
1583 5220 1725 5273 γνω·

154 5295 398 5369 ρίζεσθαί
434 5313 493 5350 τε
536 5294 628 5351 καὶ
667 5293 756 5348 διὰ
792 5293 994 5347 τούτων
1034 5290 1209 5362 ἠξίου,
1233 5291 1329 5345 καὶ
1357 5290 1447 5346 διὰ
1481 5293 1579 5363 τῆς
1614 5292 1723 5347 τῶν

150 5388 446 5462 δρωμένων
484 5386 791 5460 ὑπεροχῆς,
838 5386 920 5450 εἰς
971 5383 1180 5447 ἐννοίας
1219 5381 1594 5456 ἅναθρὼσκειν
1631 5385 1728 5449 τὰς

150 5482 242 5537 ἐπ’
269 5479 419 5553 αὐτῷ
441 5480 565 5543 τοὺς
586 5475 966 5550 ἀκροωμένους
986 5472 1165 5546 ἤθελε,
1179 5473 1726 5545 κατασμικρυνούσης

153 5572 318 5630 αὑτὸν
339 5573 524 5644 ἡρέμα
554 5571 648 5640 τῆς
673 5567 958 5640 ὁρωμένης
984 5565 1206 5637 σαρκός.
1238 5582 1258 5618 ι
1288 5563 1349 5618 Et
1373 5564 1479 5635 γὰρ
1500 5565 1559 5619 οὔ
1586 5564 1723 5619 ποιῶ

233 5752 280 5785 ”
304 5746 460 5806 ‹lo-an.
503 5764 575 5816 tv,
610 5748 698 5802 22.
796 5747 841 5779 ⁷·
865 5743 1018 5802 Jnan.
1050 5760 1182 5809 svn,
1221 5745 1266 5799 l.
1342 5745 1386 5776 '¹'
1413 5745 1607 5815 tiphos.
1645 5759 1719 5812 tv,
1757 5745 1809 5801 ό.

1827 4551 2091 4619 Quoniam
2140 4551 2283 4608 Deus
2315 4554 2407 4623 qui
2455 4555 2590 4610 dixit
2618 4554 2687 4611 ‹le
2733 4556 2977 4612 tenebris
3010 4555 3182 4611 lucem
3215 4556 3399 4625 splen-

1829 4645 2071 4711 descere,
2090 4643 2205 4715 ipse
2235 4644 2409 4699 illuxit
2440 4644 2495 4700 in
2515 4647 2766 4702 cordibus
2792 4649 2993 4704 nostris
3029 4648 3095 4702 ad
3130 4646 3401 4702 illumina-

1825 4736 2026 4792 tionem
2074 4737 2314 4794 scientiae
2345 4737 2610 4796 claritatis
2635 4736 2762 4808 Dei,
2797 4740 2849 4795 in
2881 4740 3019 4795 facie
3071 4736 3203 4796 Jesu
3240 4738 3400 4795 Chri-

1825 4827 1892 4883 sti
1918 4826 1987 4882 ⁸¹.
2024 4845 2047 4881 ι
2100 4824 2239 4883 Ecce
2258 4844 2419 4900 quam
2464 4838 2649 4901 aperte
2670 4844 2735 4888 ac
2766 4831 3050 4888 manifeste
3080 4830 3401 4887 illuminatio

1827 4920 2074 4977 scientiae
2108 4918 2202 4977 Dei
2233 4936 2297 4976 ac
2346 4921 2521 4979 Patris
2577 4923 2632 4979 in
2679 4939 2907 4995 persona
2953 4922 3152 4980 Christi
3203 4925 3399 4980 illuxit.

1829 5011 2034 5070 Idcirco
2057 5015 2218 5071 etiam
2247 5015 2380 5071 dixit
2409 5029 2425 5070 ι
2456 5033 2475 5067 t
2511 5015 2609 5082 Qui
2641 5017 2776 5073 vidlt
2795 5032 2900 5087 me,
2926 5018 3059 5074 vidit
3085 5029 3135 5073 ει
3163 5017 3395 5073 Patrem.

1831 5099 1944 5174 Ego
1960 5112 2013 5160 et
2036 5102 2196 5159 Pater
2223 5120 2385 5159 unum
2406 5120 2641 5162 sumus.»
2673 5107 2965 5165 Charactcr
2986 5119 3162 5166 autem
3187 5110 3399 5165 divinus

1830 5212 1939 5252 non
1966 5206 2050 5252 est
2075 5211 2388 5268 corporeus,
2414 5197 2507 5252 sed
2545 5198 2597 5252 in
2631 5198 2829 5254 virtute
2855 5214 2919 5256 ac
2949 5200 3116 5270 gloria
3144 5216 3265 5270 quie
3288 5199 3397 5256 Deo

1830 5287 2063 5344 maxime
2089 5287 2407 5354 conveniat,
2443 5289 2544 5345 hoc
2568 5298 2652 5345 est
2679 5290 2731 5344 in
2770 5289 3030 5354 Christ02
3063 5301 3117 5346 ει
3154 5307 3249 5361 per
3283 5291 3397 5348 haec

1830 5379 2167 5437 innotescere
2215 5381 2412 5447 voluit,
2463 5392 2521 5439 et
2572 5398 2670 5453 per
2725 5385 2988 5440 sat-torum
3020 5385 3393 5441 excellentiam

1827 5472 2103 5529 auditores
2141 5472 2208 5527 ad
2238 5472 2320 5529 sui
2347 5475 2593 5529 notitiam
2633 5476 2807 5542 evehi,
2834 5493 2956 5531 cnm
2990 5478 3182 5549 alioqui
3214 5479 3395 5536 carnis

1823 5574 2075 5637 aspectus
2130 5565 2304 5634 ipsum
2361 5566 2602 5622 nonnihil
2646 5569 2980 5626 obscuraret.
3038 5588 3057 5622 ι
3116 5570 3172 5627 Si
3224 5575 3391 5640 enim,

1887 5743 1932 5773 ⁸⁰
1957 5741 2115 5802 llont.
2153 5760 2267 5812 vnt,
2300 5744 2389 5802 29.
2467 5745 2510 5776 ⁸¹
2534 5745 2575 5802 ll
2605 5745 2734 5806 Cor.
2771 5763 2842 5815 tv,
2873 5748 2928 5815 5.
2964 5749 3018 5803 6.
