3809 6125
318 339 445 397 737

1407 346 1502 401 ‚DE
1543 351 1642 408 SS.
1687 352 2060 410 TtuNJTATE
2100 354 2444 414 ntALOGtJS
2473 360 2539 417 tl.

3497 372 3600 429 738

320 465 475 526 eost,
505 460 720 533 πότερα
751 459 936 515 καλεῖν
969 465 1379 538 κεκελεύσμεθα
1412 473 1631 545 Πατέρα
1661 477 1753 531 τὸν
1777 478 1928 546 Θεὸν,
1962 488 2005 541 Α
2037 490 2213 536 utrum
2249 498 2446 540 vocare
2468 485 2607 556 jussi
2639 502 2825 544 sumus
2852 488 3074 543 Patrem
3102 491 3269 545 Deum
3299 532 3315 557 ,
3340 493 3485 561 quod
3519 495 3596 548 in·

332 555 408 619 ὡς
436 554 518 616 είς
545 551 607 605 τὸ
638 551 750 605 τῶν
778 553 1103 624 ποιημάτων
1130 559 1411 626 τελοῦντες
1438 564 1592 632 γένος
1612 609 1625 630 ,
1662 567 1694 635 ἢ
1741 569 1824 622 ὅτι
1855 573 1919 642 τῇ

328 644 430 713 τῆς
465 642 741 705 υἱοθεσίας
765 639 894 713 δόξῃ
923 646 1364 721 κατεστέμμεθα,
1405 653 1497 704 καὶ
1528 655 1921 725 κατελογίσθη-

333 745 434 807 μεν
461 734 539 798 ὡς
565 733 769 799 τέκνα;

400 827 462 881 Β.
496 826 586 889 Ὦς
611 824 895 895 ποιήματα
924 826 1024 897 μὲν
1054 827 1143 881 διὰ
1162 826 1262 899 τὴν
1284 830 1467 899 φύσιν,
1494 834 1601 888 υἱοὶ
1623 835 1678 889 δὲ
1704 836 1793 890 διὰ
1820 838 1919 907 τὴν

324 918 521 989 χάρινς

396 1012 466 1063 A.
507 1006 648 1061 Ἀλλ’
679 1007 917 1081 ἔνθαπερ
949 1008 1017 1063 ἂν
1049 1011 1371 1083 ὀνομάζοιτο
1409 1018 1601 1094 Πατὴρ
1631 1063 1646 1087 ,
1685 1024 1780 1077 καὶ
1811 1025 1919 1097 μὴν

302 1099 427 1184 ,χᾳὶ
457 1098 609 1163 Υίὸς,
645 1097 721 1169 μὴ
747 1098 1180 1156 συνεισὸαλλέτω
1213 1105 1274 1159 τὸ
1304 1108 1550 1187 ποιηθὲν,
1585 1113 1724 1183 μήτε
1754 1114 1860 1185 μὴν
1888 1118 1918 1170 ὁ

319 1186 423 1242 τοῦ
481 1186 816 1258 πεποιῆσθαι
881 1186 1039 1257 λόγος
1110 1192 1639 1270 παρεισιιεκριμένος
1693 1202 1913 1273 όράσθω

320 1278 483 1344 τέως,
507 1278 632 1332 ὲπεί
651 1294 737 1331 τοι
761 1278 936 1351 Ῑῐατρ”ιΙ
970 1280 1070 1351 μὲν
1097 1283 1131 1353 ἡ
1161 1285 1347 1354 σχέσις
1371 1289 1507 1359 πρὸς
1531 1289 1679 1355 Υίὸν,
1716 1293 1829 1364 Υίῷ
1858 1295 1915 1349 δὲ

319 1359 392 1426 αὖ
433 1369 576 1443 πρὸς
617 1368 881 1443 Πατέρα,
925 1372 1352 1442 μεσολαόοῦντος
1378 1377 1625 1449 οὐδενὸς,
1659 1382 1913 1457 καθάπερ

317 1462 514 1535 ἀμέλει
550 1461 647 1517 καὶ
673 1465 874 1535 ποιητῇ
904 1463 1040 1536 πρὸς
1069 1466 1282 1538 ποίημα
1302 1508 1319 1534 ,
1361 1470 1457 1523 καὶ
1482 1473 1745 1548 ποιήματι
1775 1478 1913 1548 πρὸς

316 1555 576 1628 ποιητήν.
610 1554 678 1609 Εἰ
704 1554 772 1627 δὴ
809 1551 904 1610 οὖν
932 1553 994 1610 τὸ
1019 1556 1235 1631 ἑκάστῳ
1263 1560 1473 1632 πρέπον
1502 1562 1905 1639 ᾴφαιρήσομεν,

316 1647 415 1703 καὶ
440 1648 544 1721 τὴν
579 1646 693 1702 τῶν
738 1647 1092 1720 καλουμένων
1135 1652 1272 1723 πρός
1312 1670 1367 1706 τι
1406 1639 1635 1730 δύναμιν
1668 1658 1909 1730 ἀτέχνως

202 1762 205 1770 ·
312 1739 704 1813 ἀτιμάζοντες,
735 1739 876 1813 πρὸς
902 1741 1124 1813 Πατέρα
1155 1744 1254 1813 μὲν
1275 1744 1354 1815 τῷ
1382 1749 1756 1821 πεποιημένῳ,
1793 1751 1907 1823 Υίῷ

2029 579 2109 623 ter
2137 582 2424 628 creaturas
2449 590 2821 642 numeramur,
2855 594 2922 633 an
2956 578 3099 647 quod
3133 580 3441 649 adoptionis
3479 584 3595 653 glo-

2023 658 2101 712 ria
2146 661 2377 717 redimiti
2414 678 2626 733 sumus,
2664 678 2718 722 et
2752 669 2894 723 inter
2926 669 3064 725 lilios
3093 673 3329 741 reputati
3358 673 3380 726 ’ἱ
3590 669 3596 676 ”

2087 838 2147 893 Β.
2178 837 2331 906 Quod
2351 852 2613 900 creaturae
2631 848 2845 917 quidem
2870 864 3059 905 sumus
3084 860 3303 920 propter
3321 862 3595 919 naturam,

2021 928 2113 983 lilii
2144 941 2324 985 autem
2360 949 2583 1005 propter
2615 940 2868 1007 gratiam.

2087 1021 2152 1076 A.
2189 1023 2295 1078 Sed
2328 1025 2415 1078 ubi
2470 1030 2839 1085 nominabitur
2866 1031 3051 1098 Pater,
3103 1034 3347 1104 adeoque
3393 1034 3593 1099 Filius.

2017 1127 2084 1166 ne
2105 1115 2362 1169 continuo
2387 1116 2577 1172 subeat
2604 1118 2667 1193 τὸ
2703 1119 2901 1175 sactum
2952 1138 3092 1187 esse,
3152 1141 3328 1195 neque
3372 1125 3597 1180 sucturae

2015 1201 2157 1254 ratio
2193 1202 2503 1270 invehatur,
2535 1209 2791 1275 qnoniam
2829 1208 2974 1264 Patri
3003 1211 3220 1280 quidem
3261 1214 3454 1268 relatio
3505 1223 3591 1267 cst

2014 1289 2080 1344 ad
2114 1290 2334 1358 Filium,
2366 1293 2503 1349 Filio
2530 1296 2660 1351 item
2689 1300 2756 1350 ad
2783 1298 3024 1364 Patrem,
3055 1315 3155 1355 nec
3186 1302 3479 1372 quidquam
3508 1313 3590 1357 est

2013 1378 2415 1445 intermedium,
2450 1385 2905 1452 quemadmo.lum
2931 1402 3121 1457 nempe
3150 1386 3343 1443 factori
3393 1390 3460 1442 ad
3503 1387 3591 1441 su·

2012 1479 2246 1536 cturam,
2291 1483 2345 1527 et
2371 1474 2601 1530 l'acturoe
2634 1477 2700 1530 ad
2731 1476 3015 1533 factorem.
3071 1478 3127 1533 Si
3174 1494 3303 1549 ergo
3340 1477 3591 1534 tollemus

2012 1560 2065 1616 id
2094 1563 2234 1632 quod
2258 1565 2548 1636 unicuique
2576 1568 2847 1633 convenit,
2879 1570 3063 1623 etvim
3100 1586 3289 1625 eorum
3323 1586 3444 1640 qnae
3493 1589 3583 1627 re·-

2010 1652 2115 1708 lata
2162 1654 2416 1710 dicuntur
2463 1661 2687 1727 prorsus
2739 1658 3051 1728 dedignati,
3117 1660 3587 1730 deprehendemur

2010 1742 2118 1797 vim
2165 1752 2220 1799 et
2258 1747 2521 1802 rationem
2577 1746 2862 1803 relativam
2907 1750 3146 1805 tribuere
3196 1751 3270 1805 rei
3315 1752 3474 1811 ractae
3510 1758 3578 1811 azl

313 1834 375 1890 δὲ
397 1834 541 1906 πρὸς
559 1834 815 1906 ποιητὴν,
841 1832 939 1906 τὴν
962 1836 1026 1887 ὲκ
1045 1835 1167 1888 ,τῶν
1199 1839 1621 1909 σημαινομένων
1648 1844 1903 1916 σχετικὴν
1938 1826 1980 1881 Β
2005 1835 2243 1905 Patrem,
2280 1838 2420 1895 Filio
2449 1850 2631 1896 autem
2658 1841 2725 1896 ad
2762 1841 3021 1899 factorem
3054 1858 3070 1897 ι
3103 1844 3194 1914 qui
3222 1860 3328 1900 nou
3354 1845 3480 1917 jure
3510 1849 3581 1905 ob

311 1924 549 1998 δύναμιν
597 1925 967 1995 ἀπονέμοντες
1015 1926 1367 2000 ἀλωσόμεθα·
1419 1930 1538 1992 πῶς
1570 1931 1672 1986 ὀὐκ
1715 1933 1781 1987 ἂν
1815 1936 1899 1989 ὲν-

310 2015 505 2071 ·τεῦθεν
533 2016 628 2071 καὶ
654 2016 801 2089 μάλα
830 2016 1056 2081 εἰκότως
1086 2018 1179 2071 τὸν
1205 2020 1299 2073 ἐπὶ
1328 2024 1450 2085 ταῖς
1482 2022 1746 2080 ἀνωτάτω
1777 2042 1901 2094 φρε-

312 2106 657 2176 maestae
716 2107 1053 2179 όφλήσαιμεν
1082 2109 1328 2180 γέλωτα;

392 2201 460 2255 Β.
511 2201 600 2265 Ὦς
623 2200 727 2255 υἱοὶ
771 2201 988 2273 πατέρα
1022 2203 1358 2275 καλέσαιμεν
1384 2205 1474 2259 τὸν
1506 2206 1661 2274 Θεὸν,
1698 2208 1901 2280 φληνά-

298 2304 453 2359 ’Ᾰφων
478 2288 592 2362 γὰρ
613 2284 757 2362 οἶμαι
777 2289 836 2342 τὸ
864 2290 1224 2345 διατείνεσθαι
1257 2295 1504 2363 περιττά.

409 2471 474 2524 Δ.
513 2470 642 2543 Ἀλλ’
672 2469 791 2528 οὗτε
826 2474 1007 2545 πατὴρ
1055 2473 1139 2544 εἴη
1186 2473 1253 2527 ἂν
1291 2477 1430 2529 κατὰ
1463 2492 1525 2545 γε
1556 2475 1619 2531 τό
1658 2476 1893 2549 ἀληθὲς,

305 2562 454 2618 ufir:
495 2562 600 2636 μὴν
621 2564 752 2629 υίὸς,
785 2568 834 2618 εί
875 2567 948 2635 μή
984 2583 1068 2631 τις
1102 2570 1274 2621 νοοῖτο
1309 2567 1656 2641 γεγεννηιαὶις
1682 2571 1778 2624 καὶ
1805 2589 1898 2641 γε·

317 2654 666 2729 ιτννημένος·

379 2748 459 2803 B.
477 2749 682 2821 Ὀρθῶς
711 2749 868 2822 ἔφης.
906 2750 1210 2821 Κεκλήσθω
1232 2752 1296 2823 δὴ
1319 2749 1434 2815 οὖν,
1470 2753 1624 2823 φασὶ,
1654 2752 1842 2824 Πατὴρ
1866 2754 1895 2807 ό

304 2838 464 2906 Θεὸς,
496 2841 545 2894 εί
576 2839 777 2911 βούλει,
805 2841 994 2913 τρόπῳ
1022 2842 1470 2914 καταχρηστικῷ.

373 2935 444 2988 Δ.
469 2930 664 2998 Πόθεν,
685 2927 748 2987 ὧ’
769 2936 889 2996 τᾶν,
921 2933 1019 3003 τὴν
1045 2934 1362 3005 ἐπωνυμίαν
1390 2938 1712 3009 εὑράμενος,
1735 2940 1894 3012 εἴπερ

300 3021 459 3079 ἐστὶν
480 3024 646 3089 αὐτὸς
682 3024 823 3079 κατὰ
853 3023 1015 3094 φύσιν
1043 3026 1105 3078 ού
1154 3027 1368 3098 πατήρς
1398 3027 1430 3099 ἢ
1463 3027 1604 3100 τάχα
1635 3047 1736 3085 που
1764 3033 1893 3104 παρ’

301 3115 467 3190 ἡμῶν
491 3117 678 3190 ἐροῦσι
703 3118 810 3170 τῶν
841 3117 999 3187 φύσει
1027 3135 1086 3171 τε
1114 3119 1206 3172 καὶ
1236 3119 1462 3191 ἀληθεία
1488 3123 1737 3195 πατέρων
1770 3141 1783 3189 ;

282 3290 291 3306 '
316 3354 323 3362 ,
373 3293 440 3353 Β.
480 3288 560 3351 Εὖ
588 3295 695 3350 ἴσθι
715 3312 806 3350 -τοι
835 3296 1109 3350 καὶτοῦτο
1140 3296 1423 3371 ἐροῦντας.

208 3386 213 3391 .
324 3412 343 3455 ,-
371 3388 449 3447 A,
485 3386 685 3473 Ποῖξη
699 3381 796 3441 οὗν
828 3387 943 3465 693.
963 3388 1202 3460 θήσομεν
1235 3386 1326 3441 τὸν
1358 3387 1627 3459 μακάριον
1655 3388 1888 3455 Παῦλον,

296 3452 583 3552 ὠῆῑιῂιῖν
626 3474 969 3546 ἀπονέμοντα
1011 3476 1112 3546 τῆς
1167 3476 1504 3548 πατρότητος
1551 3477 1649 3547 τὴν
1694 3476 1890 3550 ἀρχὴν,

302 3568 572 3627 ἁλλόὐδὲ
601 3569 772 3639 ἑτέρῳ
808 3571 916 3622 τινὶ
942 3566 1050 3622 τῶν
1103 3569 1438 3639 κτισμάτων,
1470 3567 1801 3641 ἀφιεροῦντα
1831 3569 1890 3623 δὲ

302 3665 499 3736 ὥσπερ
531 3664 625 3716 καὶ
657 3662 976 3716 ἀνατιθέντα
1023 3662 1167 3732 μόνῳ
1208 3661 1285 3730 τῷ
1318 3677 1380 3728 γε
1423 3661 1614 3732 ἀληθεῖ
1641 3660 1760 3732 Θεῷ
1797 3661 1892 3714 καὶ

308 3755 516 3830 πρώτῳ
558 3754 761 3824 Πατρί·
803 3753 1141 3824 γεγραφότος
1183 3753 1239 3806 δὲ
1264 3755 1394 3824 ἡμῖν
1442 3754 1621 3805 ὲπαῖοι
1661 3769 1745 3815 τις
1791 3752 1886 3806 ἄν·

234 3846 247 3878 ’
310 3869 334 3904 ⁴
353 3849 448 3918 Ἐξ
475 3843 539 3904 οὗ
567 3850 718 3902 πᾶσα
739 3847 944 3918 πατριὰ
973 3845 1029 3899 ἔν
1060 3862 1117 3898 τε
1145 3844 1360 3916 οὐρανῷ
1395 3845 1489 3899 καὶ
1523 3845 1616 3897 ἐπὶ
1644 3845 1748 3915 γῆς
1777 3845 1890 3898 ὀνο-

313 3941 571 4014 μάζεται.
611 3959 628 3990 ι
681 3940 1001 4010 ’Δπόκριναι
1034 3938 1164 4009 γὰρ,
1214 3931 1258 3990 ὦ
1297 3938 1544 4010 Ἑρμεία,
1587 3937 1887 4008 διαγυμνά·

315 4049 425 4098 σεις
451 4033 512 4087 δὲ
547 4031 718 4095 οὕτως
744 4033 875 4102 ἡμῖν
907 4029 1001 4082 τὸν
1031 4029 1206 4098 λόγον,
1239 4030 1287 4081 εί
1311 4028 1536 4098 ἑλοίμην
1565 4028 1886 4098 ἀναμαθεῖν,

314 4119 403 4197 ἄρ’
433 4125 497 4178 ὲν
523 4123 702 4194 χρόνῳ
730 4123 952 4191 γέγονεν
996 4121 1289 4190 ἁγέννητος
1330 4121 1359 4171 ὁ
1403 4120 1535 4184 Θεὸς
1554 4162 1567 4185 ,
1603 4120 1758 4174 τοῦτο
1790 4121 1890 4173 οὐκ

311 4213 389 4272 ὧν
418 4216 480 4269 ὲν
500 4215 717 4286 ἀρχαῖς,
747 4213 779 4284 ἢ
808 4212 939 4283 γοῦν
970 4215 1084 4284 ἅμα
1115 4213 1312 4266 νοεῖται
1339 4211 1491 4276 Θεὸς,
1517 4213 1609 4265 καὶ
1642 4207 1710 4283 ἦν
1733 4212 1890 4280 ἀγεν-

378 4322 519 4373 τωςι

297 4307 448 4455 ‘’le-
503 4398 837 4468 ’Δγεννήτως
882 4390 970 4468 ἦν,
1015 4394 1075 4446 τὸ
1102 4392 1210 4464 γὰρ
1240 4391 1426 4464 ἕτερόν
1464 4409 1516 4444 τι
1547 4390 1697 4463 παρὰ
1731 4390 1889 4444 τοῦτο

317 4490 501 4560 φάναι,
526 4489 645 4552 πῶς
668 4489 769 4542 οὐκ
802 4486 1093 4556 ἀδέλτερον
1124 4484 1319 4554 κομιδῇ
1343 4501 1357 4550 ;

2003 1944 2271 1983 sumniam
2304 1932 2613 1987 vecordiam
2639 1931 2937 1988 ridebimur
2967 1932 2991 1987 ⁶?

2072 2199 2131 2255 B.
2170 2198 2451 2270 Tanquam
2496 2201 2589 2255 lilii
2613 2210 2829 2271 patrem
2868 2202 3335 2273 appellaverimus
3352 2203 3524 2260 Deum
3561 2220 3578 2271 ;

2002 2289 2290 2360 superfluis
2322 2292 2468 2347 enim
2506 2291 2832 2360 immorari,
2863 2294 3143 2365 proprium
3177 2310 3297 2352 esse
3347 2296 3587 2352 arbitror

2000 2385 2307 2455 nugacium.

2075 2476 2144 2530 A.
2172 2477 2237 2529 Αι
2272 2490 2448 2546 neque
2483 2484 2640 2546 pater
2689 2491 2816 2533 vet-e
2848 2476 3011 2533 l'uerit
3041 2518 3057 2543 ‚
3088 2493 3265 2549 neque
3289 2478 3452 2543 lilius,
3481 2478 3581 2536 nisi

1997 2566 2120 2635 quis
2150 2566 2485 2637 intelligatur
2507 2567 2721 2638 genitor
2749 2577 2803 2623 et
2838 2568 3075 2639 genitus.

2070 2743 2129 2797 Β.
2163 2744 2331 2799 Recte
2361 2744 2524 2817 432
2558 2746 2714 2801 dicia.
2770 2744 3015 2803 'vocetur
3066 2762 3217 2818 ergo,
3272 2750 3527 2820 inquiunt
3563 2791 3581 2819 ,

2001 2834 2180 2900 Pater,
2215 2836 2378 2899 ὓοιιε,
2411 2839 2456 2892 si
2486 2838 2590 2905 vis,
2628 2839 2877 2893 abusive.

2067 2930 2133 2983 A.
2172 2929 2474 2995 Undenam,
2506 2946 2539 2987 ο
2565 2931 2726 2998 boue,
2758 2930 3176 3001 appretiationem
3202 2932 3350 2986 illam
3387 2943 3581 2987 nactus

2002 3020 2166 3076 luerit
2204 3061 2221 3088 ,
2261 3021 2534 3091 siquidem
2564 3031 2649 3079 est
2677 3022 2796 3093 ipse
2837 3023 3136 3079 secundnm
3178 3033 3424 3077 naturam
3473 3040 3578 3078 nou

1999 3113 2195 3182 pater?
2221 3114 2303 3167 An
2337 3113 2480 3168 sorte
2517 3114 2699 3169 dicent
2743 3129 2772 3168 a
2820 3113 2978 3168 nobis
3011 3113 3309 3182 accepisse,
3358 3115 3447 3183 qui
3479 3132 3582 3169 na-

1919 3201 1962 3258 C
1998 3213 2115 3257 tura
2142 3214 2196 3258 et
2226 3203 2458 3258 veritate
2476 3215 2670 3273 patres
2693 3205 2924 3259 sumus?

2067 3293 2128 3349 B.
2156 3293 2272 3350 lloc
2301 3296 2488 3365 utique
2519 3296 2764 3351 dicturos
2798 3296 3042 3366 apprime
3074 3299 3236 3353 nosti.

2063 3386 2130 3441 A.
2160 3385 2299 3452 Quid
2333 3385 2596 3442 faciamus
2624 3386 2791 3456 igitur
2823 3387 2983 3442 beato
3032 3385 3223 3452 Paulo,
3289 3390 3382 3460 qui
3416 3392 3575 3448 nobis

1994 3476 2332 3545 paternitatis
2353 3477 2675 3546 principium
2710 3491 2815 3530 non
2858 3477 3082 3539 tribuit,
3129 3494 3302 3548 neque
3333 3495 3460 3535 vero
3486 3483 3573 3537 alii

1994 3568 2391 3635 ulli‚creaturoe,
2421 3570 2516 3624 sed
2531 3567 3071 3638 illudqnodamtnodo
3091 3582 3376 3626 consecrat
3391 3585 3476 3644 pot
3490 3574 3576 3629 ius

1994 3676 2056 3715 ac
2082 3671 2356 3732 :nuncupat
2385 3661 2482 3716 soli
2525 3675 2656 3716 vero
2689 3660 2798 3717 Deo
2824 3671 2876 3716 et
2904 3661 3082 3731 primo
3117 3661 3286 3728 Patri,
3324 3675 3378 3718 et
3409 3681 3572 3734 quem

1993 3754 2063 3807 ita
2098 3754 2424 3809 scribentem
2463 3755 2654 3809 audire
2685 3752 2811 3808 licet
2842 3770 2856 3807 ε
2895 3772 2913 3805 ι
2950 3751 3028 3829 Ex
3054 3770 3161 3825 qno
3190 3756 3369 3810 omnis
3393 3769 3573 3825 pater-

1992 3843 2135 3896 nitas
2193 3843 2245 3896 in
2300 3843 2452 3899 coelis
2507 3853 2560 3898 ct
2615 3843 2669 3897 in
2720 3855 2865 3899 terra
2914 3845 3226 3899 nominatur
3277 3838 3345 3899 ⁷³.
3393 3865 3411 3897 »
3465 3846 3570 3903 ne·

1991 3934 2193 4003 sponde
2229 3934 2401 3999 enim,
2458 3931 2678 3989 Hermia
2709 3933 2811 4005 (sic
2841 3947 3024 3991 autem
3060 3934 3126 3990 ad
3152 3936 3569 4006 disputationem

1993 4041 2091 4081 nos
2125 4024 2473 4096 exercebis),
2505 4027 2839 4097 percontanti
2872 4028 3004 4083 mihi
3045 4038 3222 4083 utrum
3251 4029 3301 4084 iu
3328 4038 3572 4100 tempore

1994 4116 2170 4173 sactus
2211 4119 2281 4172 sit
2322 4119 2597 4187 ingenitus
2650 4118 2979 4183 Deum-cnm
3029 4118 3129 4173 buc
3162 4136 3266 4174 non
3316 4133 3458 4177 essct
3511 4126 3565 4178 in

1996 4209 2281 4279 principio,
2321 4224 2388 4264 an
2437 4209 2597 4265 simul
2632 4210 2964 4283 intelligatur
2999 4208 3180 4277 Deu5‚
3225 4223 3284 4267 et
3319 4215 3390 4270 sit
3430 4216 3567 4271 eitra

1993 4301 2393 4370 generationem
2428 4302 2451 4354 ?

2064 4391 2124 4446 B.
2163 4392 2311 4446 Citra
2348 4394 2749 4461 generationem
2785 4412 2800 4448 ε
2836 4410 2959 4450 nant
2988 4395 3134 4452 aliud
3181 4397 3362 4452 dicere
3405 4414 3565 4466 qnam

1995 4483 2168 4547 istud,
2206 4498 2386 4538 annon
2424 4485 2644 4538 stultum
2678 4485 2833 4555 plane
2859 4487 2974 4542 sit?

381 4584 445 4637 Δ.
488 4580 599 4653 Τῆς
642 4580 738 4634 τοῦ
782 4579 1079 4649 ἀγεννήτου
1113 4574 1296 4645 φωνῆς
1332 4574 1394 4628 ’τὸ
1422 4575 1497 4645 μὴ
1529 4572 1887 4643 γεγεννῆσθαι
1922 4547 1971 4606 ⁰
2064 4577 2129 4629 A.
2165 4573 2302 4628 Num
2343 4589 2471 4628 voce
2512 4576 2733 4646 ingeniti
2765 4577 3107 4647 significante
3145 4593 3252 4632 non
3307 4594 3427 4634 csse
3475 4594 3566 4650 ge·

317 4671 578 4744 δηὶοῦσης
599 4711 614 4737 .
655 4671 690 4742 ἢ
720 4669 875 4735 πῶς

383 4765 445 4819 Β.
486 4765 560 4819 Τὸ
589 4764 664 4835 μὴ
693 4762 1016 4834 γεννηθῆναι
1039 4760 1303 4833 δηλονότι.

381 4861 447 4914 Δ.
488 4858 554 4912 Τί
577 4857 688 4929 γὰρ
724 4855 859 4919 ὅλως
886 4854 994 4908 ἔδει
1018 4856 1111 4908 τὸν
1142 4853 1396 4924 ἀνάρχως
1431 4852 1561 4905 ὄντα
1591 4850 1744 4913 Θεὸν,
1788 4866 1893 4902 τοι·

318 4948 468 5004 οιὶτον
500 4948 730 5022 ὁρᾶσθαι
753 4966 768 5014 ;
804 4948 876 5001 Ἣ
906 4947 1065 5000 ποίαν
1089 4945 1154 5000 ἂν
1180 4945 1330 5016 αὐτῷ
1361 4944 1453 5007 καὶ
1481 4942 1577 5014 τὴν
1604 4941 1715 5014 [to.
1743 4939 1885 5012 τίνα]

320 5042 454 5096 κατὰ
479 5041 641 5098 τίνων
672 5037 953 5110 διαστολὴν
984 5037 1384 5109 προσεποίησεν
1410 5035 1444 5105 ἡ
1468 5033 1632 5096 λέξις,
1660 5032 1825 5102 ἡγουν
1849 5033 1882 5101 ἡ

321 5132 493 5202 φύσις,
524 5131 688 5201 εἴπερ
717 5128 880 5183 αὐτοῦ
907 5127 1067 5197 φύσις
1093 5128 1210 5181 ἐστὶ
1238 5127 1299 5180 τὸ
1329 5126 1644 5194 ἀγέννητον,
1672 5122 1885 5186 οὐδενός

319 5239 399 5278 πω
419 5222 529 5278 τῶν
554 5220 828 5291 γεννητῶν
865 5217 1149 5288 γεγονότος
1180 5217 1212 5287 ἢ
1244 5214 1697 5285 συνυπάρχοντος,
1723 5212 1882 5281 εἴπερ

319 5315 408 5368 οὐκ
435 5308 578 5369 εἶναί
609 5328 741 5382 φασι
762 5312 1058 5381 γεννήτορα
1085 5306 1175 5362 τοῦ
1197 5306 1329 5360 Υίοῦ
1353 5305 1443 5359 τὸν
1472 5305 1717 5376 Πατέρα;
1740 5305 1885 5374 Πρὸς

319 5404 365 5458 τί
387 5407 496 5479 γὰρ
527 5405 845 5475 ἀγέννητος,
871 5404 969 5474 τῆς
997 5401 1105 5455 τῶν
1133 5399 1405 5471 γεννητῶν
1425 5396 1615 5458 οὐσίας
1643 5393 1800 5448 οὔπω
1822 5394 1883 5447 τὸ

323 5497 533 5568 σύμπαν
578 5495 1032 5567 είσιιεκριμένης;
1065 5495 1140 5545 Οὐ
1173 5491 1281 5563 γὰρ
1325 5490 1387 5561 δή
1431 5508 1553 5554 που,
1601 5489 1758 5558 φαῖεν
1793 5488 1881 5551 ἂν,

319 5585 451 5642 ὥστε
505 5587 581 5658 μὴ
628 5585 885 5657 φαίνηται
932 5582 1240 5655 συνάναρχά
1279 5599 1337 5635 τε
1385 5580 1478 5634 καὶ
1515 5577 1759 5633 συναῖδια
1804 5577 1881 5648 τῷ

382 5769 431 5798 “”
453 5767 644 5835 Epltcs.
686 5781 767 5833 tn,
802 5766 883 5821 ¹5.

1992 4664 2188 4727 nitunt,
2227 4665 2309 4720 vel
2336 4679 2443 4735 qno
2476 4676 2629 4736 pacto
2658 4666 2875 4722 demum
2899 4667 2926 4720 ‘i

2063 4756 2125 4811 B.
2160 4757 2418 4814 Profecto
2455 4772 2561 4813 non
2597 4774 2717 4815 esse
2748 4761 3013 4832 genitum.

2055 4849 2120 4904 A.
2166 4850 2364 4917 Quidni
2397 4851 2540 4906 enim
2563 4861 2841 4921 oporteret
2861 4851 3028 4907 Deum
3056 4854 3281 4924 quisine
3298 4852 3563 4924 principio

1989 4950 2072 4996 est
2107 4941 2268 4996 talem
2304 4941 2513 4997 videri?
2554 4941 2658 4996 Aut
2689 4941 2903 5011 qualem
2936 4951 2991 4998 et
3027 4957 3186 5014 quam
3220 4945 3267 5000 ei
3307 4940 3563 5014 aquibus

1993 5031 2397 5088 distinctionem
2428 5030 2707 5104 affingeret
2740 5032 2931 5096 dictio.
2977 5048 3073 5088 seu
3123 5043 3337 5102 natura,
3383 5035 3561 5104 siqni-

1993 5123 2114 5177 dem
2155 5121 2272 5192 ejus
2316 5132 2511 5178 natura
2544 5132 2627 5177 est
2676 5121 2737 5174 τὸ
2792 5122 3118 5195 ingenitum,
3185 5124 3327 5178 nulla
3376 5117 3561 5192 ntiilue

1989 5222 2241 5268 creatura
2278 5214 2454 5268 adbuc
2482 5213 2623 5269 sacta
2659 5223 2751 5269 aut
2792 5217 3194 5282 coexsistente,
3217 5214 3559 5284 quandoqui-

1991 5304 2111 5360 dem
2157 5286 2310 5359 aiunt
2360 5319 2464 5359 non
2500 5320 2620 5361 esse
2670 5307 2969 5376 genitorem
3017 5302 3139 5360 Filii
3180 5303 3437 5359 Patrem?
3477 5307 3556 5360 Ad

1991 5395 2119 5464 quid
2145 5395 2289 5450 enim
2325 5395 2599 5466 ingenitus
2623 5408 2729 5466 est,
2762 5414 2884 5454 cum
2910 5397 3218 5468 genitorum
3249 5395 3555 5451 substantia

1992 5487 2227 5541 nondum
2262 5487 2422 5558 plane
2463 5491 2675 5565 invecta
2708 5492 2820 5547 sit?
2866 5490 2981 5546 Non
3015 5491 3158 5546 enim
3199 5490 3384 5546 dicent
3428 5507 3556 5562 pro·

1990 5576 2152 5645 fecto,
2190 5589 2249 5636 ut
2282 5596 2349 5638 ne
2376 5583 2663 5639 videantur
2689 5585 2873 5640 itidem
2902 5583 3153 5654 principii
3185 5583 3455 5654 expertia,
3500 5591 3556 5636 et
