3809 6125
289 262 398 321 873

1352 269 1443 325 DE
1481 269 1583 328 SS.
1625 268 2002 328 'rntNt'rA'rss
2039 267 2389 329 olALoGus
2422 268 2516 326 lv.

3427 270 3533 331 sn

286 396 382 434 του
414 375 662 433 Παύλου·
685 396 705 430 ι
727 379 886 449 Λέγω
915 382 993 446 δὲ,
1012 383 1098 453 ἐφ’
1111 384 1234 439 ὅσον
1252 386 1443 456 χρόνον
1473 390 1503 443 ό
1535 389 1868 462 κληρονόμος
1895 396 1945 455 Α
1973 390 2193 448 modum
2222 391 2493 447 clamante
2513 407 2532 445 ι
2590 406 2610 440 ι
2652 386 2784 443 Dico
2813 394 3014 452 autem,
3050 392 3253 455 quanto
3292 393 3540 457 tempore

290 466 478 541 νήπιός
515 470 682 535 ἐστιν,
713 470 866 526 οὐδὲν
896 472 1142 546 διαφέρει
1186 475 1395 544 δούλου,
1422 479 1610 551 κύριος
1654 482 1870 536 πάντων

283 559 382 625 ὢν,
399 558 520 614 ἀλλ’
535 559 642 615 ὑπὸ
670 561 997 634 ἐπιτρόπους
1022 566 1140 620 ἐστὶ
1156 569 1253 621 καὶ
1269 570 1606 642 οἰκονόμους,
1628 570 1756 643 ἄχρι
1771 572 1870 642 τῆς

282 651 629 725 προθεσμίας
658 653 754 707 τοῦ
801 657 1009 727 πατρός
1028 673 1045 689 ·
1077 657 1221 713 οὕτω
1268 663 1362 715 καὶ
1393 663 1576 731 ἡμεῖς,
1605 663 1694 715 ὅτε
1727 658 1871 733 ἦμεν

283 744 491 814 νήπιοι,
525 742 631 796 ὑπὸ
661 743 730 797 τὰ
764 748 1003 815 στοιχεῖα
1047 747 1145 802 τοῦ
1187 749 1395 821 κόσμου
1428 746 1571 822 ἦμεν
1614 752 1871 805 δεδουλω-

283 834 460 906 μένοι·
494 834 584 888 ὅτε
613 833 670 888 δὲ
699 830 831 906 ἦλθε
879 838 942 891 τὸ
979 838 1255 912 πλήρωμα
1303 841 1398 895 τοῦ
1443 845 1656 916 χρόνου,
1700 842 1868 909 ἑξαπ-

278 926 525 981 όοτειλεν
550 927 582 979 ’ό
610 925 742 991 Θεὸς
775 928 868 981 τὸν
900 928 1026 983 Υίδν
1053 929 1241 996 αὐτοῦ,
1259 932 1549 1005 γενόμενον
1582 934 1649 987 ἐκ
1677 947 1868 1002 γυναι-

279 1015 400 1080 κὸς,
455 1014 746 1086 γενόμενον
799 1014 906 1068 ὑπὸ
960 1019 1155 1088 νόμον,
1213 1018 1303 1075 ἵνα
1351 1022 1481 1086 τοὺς
1535 1022 1644 1075 ὑπὸ
1697 1020 1867 1091 νόμον

278 1104 612 1180 ιξαγοράση,
639 1105 729 1159 ἵνα
752 1105 851 1177 τὴν
878 1107 1152 1163 υἱοθεσίαν
1171 1109 1556 1183 ἀπολάόωμεν.
1587 1131 1606 1163 ι
1634 1110 1866 1177 Οὐκοῦν,

278 1198 690 1274 ἀρρωστοῦντες
726 1199 828 1269 μὲν
859 1198 939 1253 ἔτι
984 1200 1047 1253 τὸ
1090 1200 1324 1272 ἀμαθὲς,
1357 1198 1457 1256 καὶ
1485 1206 1599 1266 τοίς
1637 1203 1738 1272 τῆς
1770 1202 1871 1273 ἀρ·

275 1290 446 1361 χαίας
490 1288 817 1360 νηπιότητος
864 1289 1154 1361 αίτιάμασι
1204 1292 1608 1363 καθεστηκότες
1665 1292 1866 1363 ἔνοχοι,

276 1381 393 1444 τοῖς
425 1377 521 1433 τοῦ
551 1378 761 1448 κόσμου
806 1380 1091 1450 στοιχείοις
1122 1377 1566 1452 ὐπενηνέγμεθα,
1588 1384 1655 1453 τῇ
1691 1381 1866 1435 κτίσει

274 1466 727 1539 λελατρευκότες,
771 1467 950 1522 καίτοι
996 1467 1115 1522 δέον
1162 1468 1424 1522 ἀνάπτειν
1481 1470 1546 1522 τὸ
1590 1467 1759 1531 σέὃας
1788 1470 1868 1538 τῷ

279 1575 348 1629 γε
394 1556 613 1628 ἀληθῶς
649 1558 743 1612 καὶ
799 1558 946 1629 μόνῳ
971 1558 1116 1612 κατὰ
1157 1558 1320 1629 φύσιν
1362 1556 1501 1630 Θεῷ.
1551 1557 1771 1631 Ἐπειδὴ
1808 1558 1868 1612 δὲ

280 1651 416 1723 ἡμῖν
447 1648 765 1719 ἐπέλαμψεν
817 1651 848 1702 ό
896 1649 1045 1716 Υίὸς,
1077 1650 1200 1704 τότε
1224 1649 1312 1720 δὴ,
1341 1650 1466 1704 τότε
1493 1650 1779 1722 κρείττους
1805 1666 1866 1703 τε

1972 483 2135 555 512
2185 485 2360 539 haeres
2396 482 2652 553 parvulus
2706 490 2831 546 est,
2874 479 3012 534 nihil
3047 477 3229 533 diflert
3279 492 3310 531 a
3358 492 3536 544 servo,

1972 587 2097 629 cum
2143 572 2217 627 sit
2265 570 2518 627 dominus
2551 568 2832 635 omnium,
2885 566 2983 623 sed
3035 566 3137 621 sub
3184 565 3457 621 tutoribus
3483 574 3542 620 et

1971 662 2250 719 actoribus
2282 673 2369 717 est
2394 676 2566 731 usque
2596 660 2663 716 ad
2692 660 3019 731 praelinitum
3060 666 3276 729 tempus
3296 672 3327 711 a
3348 664 3537 727 patre:

1971 752 2048 808 ita
2079 761 2135 808 et
2180 766 2299 819 nos,
2345 766 2469 808 cum
2502 764 2747 806 essemus
2806 748 3056 821 parvuli,
3105 746 3207 802 sub
3256 745 3542 802 elementis

1970 841 2157 896 mundi
2209 856 2428 897 eramus
2468 841 2799 907 servientes;
2848 848 2905 895 at
2942 839 3033 895 ubi
3072 839 3222 894 venit
3261 837 3542 908 plenitudo

1969 930 2252 998 temporis,
2268 929 2419 985 misit
2434 928 2577 985 Deus
2590 927 2785 983 Filium
2810 942 2967 983 suum
2984 926 3189 983 tactum
3208 941 3274 982 ex
3294 927 3539 991 mulien-e,

1970 1018 2177 1075 factum
2208 1019 2310 1075 sub
2343 1018 2483 1089 lege,
2517 1026 2579 1072 ut
2603 1032 2700 1073 eos
2728 1016 2821 1085 qui
2846 1002 3101 1087 sublege
3127 1023 3284 1072 erant
3317 1015 3543 1070 redime·

1971 1116 2077 1174 ret,
2112 1118 2175 1164 ut
2208 1109 2554 1180 adoptionem
2598 1108 2834 1164 filiorum
2875 1107 3244 1177 reciperemus
3274 1106 3344 1163 ⁸⁸.
3378 1124 3401 1159 ι
3432 1106 3542 1163 lta·

1968 1211 2077 1268 que
2104 1212 2227 1254 cum
2259 1198 2436 1254 adhuc
2485 1197 2789 1269 ignorantia
2834 1196 3232 1265 laboraremus,
3257 1206 3314 1253 ει
3341 1199 3544 1255 veteris

1967 1290 2196 1346 insaniae
2229 1290 2553 1346 criminibus
2587 1290 2808 1347 obnoxii
2846 1300 3179 1352 teneremur,
3214 1289 3399 1346 mundi
3427 1289 3543 1344 ele-

1969 1384 2168 1438 mentis
2206 1382 2408 1438 subditi
2458 1382 2683 1447 suimus,
2730 1390 3002 1438 creatura
3053 1382 3380 1448 servientes,
3414 1396 3541 1437 cuin

1968 1475 2037 1529 ad
2068 1488 2256 1529 verum
2280 1488 2347 1528 ac
2364 1472 2538 1529 solum
2572 1470 2743 1527 Deum
2766 1470 3064 1527 secundum
3086 1480 3336 1525 naturam
3362 1471 3544 1527 cultus

1964 1575 2119 1621 esset
2169 1564 2510 1621 referendus.
2570 1562 2869 1634 Postquam
2918 1574 3101 1619 autem
3153 1563 3309 1619 nubis
3364 1563 3545 1619 illuxit

1967 1655 2165 1723 Filius,
2207 1665 2337 1713 tuuc
2377 1670 2533 1721 sane,
2571 1664 2699 1711 tunc
2728 1654 2943 1710 devicta
2970 1662 3027 1710 et
3051 1664 3310 1724 superata
3343 1654 3543 1722 puerili

274 1743 379 1799 καὶ
420 1741 850 1815 προφερέστερον·
886 1741 988 1812 τῆς
1021 1743 1081 1797 ὲν
1108 1741 1398 1815 νηπιότητι
1435 1741 1634 1812 φρενὸς
1676 1741 1867 1795 evase·
1897 1733 1943 1793 B
1972 1748 2312 1819 ignorantia,
2360 1747 2432 1803 ad
2484 1746 2732 1803 veritatis
2780 1746 2958 1803 lucem
3012 1746 3279 1817 provecti,
3321 1746 3541 1802 liberati

273 1832 578 1903 δειγμένοι,
606 1830 704 1885 καὶ
731 1831 811 1894 είς
839 1831 902 1885 τὸ
930 1830 1028 1900 τῆς
1060 1830 1319 1902 ἀληθείας
1348 1831 1698 1895 διελάσαντες
1725 1830 1864 1899 φῶς,

272 1919 680 1993 ἀπηλλάγμεθα
715 1936 844 1987 που,
876 1920 1130 1991 καθάπερ
1161 1920 1400 1991 ἐγῷμαι,
1434 1920 1774 1983 συναινέσεις
1809 1920 1867 1973 δὲ

276 2013 375 2067 καὶ
398 2011 564 2076 αὐτὸς
582 2006 680 2065 οἷδ’
710 2011 815 2073 ὅτι,
835 2009 932 2064 τοῦ
959 2009 1321 2081 κατεζεῦχθαι
1350 2010 1638 2082 στοιχείοις
1672 2026 1865 2081 κοσμι-

276 2100 418 2164 κοῖς.
454 2097 628 2156 Τοῦτο
652 2098 763 2169 γὰρ
785 2099 920 2169 ἡμῖν
956 2099 987 2150 ό
1018 2098 1162 2170 ἱερὸς
1194 2100 1400 2172 ἀρτίως
1434 2099 1730 2172 διεσήμηνε
1772 2099 1866 2152 λό-

279 2206 403 2259 γος,
435 2189 496 2244 δν
518 2190 625 2250 καὶ
651 2188 728 2254 ὡς
756 2189 841 2260 εἴη
874 2190 1035 2260 σοφός
1083 2206 1144 2243 τε
1186 2191 1283 2244 καὶ
1320 2189 1552 2260 ἀληθὴς,
1595 2190 1754 2259 φαῖεν
1799 2187 1866 2241 ἂν

278 2282 420 2347 {aare
446 2278 526 2347 οἷς
552 2281 621 2338 ἂν
654 2283 944 2354 ὀρθότητος
994 2282 1147 2354 μέλοι
1168 2299 1181 2313 ·
1214 2282 1375 2355 λαλεῖ,
1404 2283 1515 2356 γὰρ
1543 2284 1602 2338 ἐν
1639 2281 1866 2353 Χριστῷ

290 2372 589 2445 μυστήρια.
1823 2406 1838 2421 -

367 2462 429 2519 B.
463 2465 613 2520 Φαῖεν
641 2464 755 2535 γὰρ
784 2463 870 2519 ἄν.

356 2556 420 2609 Α.
457 2550 578 2629 'Ap'
608 2553 724 2623 οὖν,
755 2550 800 2609 ὦ
846 2555 1090 2628 Ἑρμεία,
1121 2556 1231 2611 πᾶν
1268 2557 1324 2610 εἰ
1355 2557 1411 2611 τί
1460 2573 1643 2628 φαμεν
1680 2557 1864 2613 διακε-

281 2642 512 2715 ιιλῆσθαι
551 2646 690 2717 πρὸς
737 2644 972 2717 ὓπαρξιν
999 2648 1114 2710 τοῖς
1141 2644 1238 2700 τοῦ
1264 2646 1630 2718 πεποιηκότος
1656 2647 1864 2721 νεύμα-

277 2750 388 2801 σιν,
429 2736 554 2807 οὐχὶ
595 2740 712 2800 τοῖς
740 2736 835 2790 τοῦ
866 2737 1072 2810 κόσμου
1115 2736 1399 2809 στοιχείοις
1444 2737 1863 2811 ὲναριθμητέον,

273 2824 313 2896 ἢ
339 2828 437 2881 καὶ
463 2826 540 2890 ὡς
572 2826 738 2899 μέρος
765 2826 860 2882 τοῦ
892 2829 1102 2899 κόσμου
1129 2827 1209 2899 τῷ
1241 2828 1407 2883 παντὶ
1442 2827 1848 2902 συντετάξεταις

348 2916 414 2972 Β.
454 2917 564 2971 Καὶ
595 2917 764 2988 μάλα.

346 3032 416 3086 Α.
457 3029 856 3101 Αελυτρώμεθα
878 3030 936 3084 δὲ
970 3030 1107 3103 πρὸς
1133 3030 1446 3103 τελειότητα
1477 3033 1572 3087 νοῦ
1598 3032 1697 3089 καὶ
1722 3049 1862 3105 φρε-

1966 1852 2182 1904 sumus,
2206 1836 2577 1907 meoiudicio,
2615 1852 2791 1909 neque
2814 1846 2867 1891 tu
2894 1836 3105 1893 inficias
3132 1837 3257 1904 ibis,
3283 1845 3378 1894 sat
3399 1837 3541 1903 scie.

1969 1931 2040 1986 ab
2069 1929 2157 1985 illa
2188 1929 2524 1999 subiectione
2562 1940 2619 1984 et
2675 1927 2881 1984 ditione
2909 1927 3299 1984 elementorum
3332 1929 3541 1983 mundi.

1967 2020 2086 2078 Hoc
2110 2021 2255 2077 euim
2282 2035 2441 2077 sacer
2473 2019 2566 2075 ille
2593 2019 2754 2091 paulo
2793 2027 2923 2075 ante
2952 2033 3134 2076 sermo
3163 2018 3319 2074 nobis
3349 2030 3541 2074 osten-

1968 2112 2071 2178 dit,
2103 2127 2265 2183 quem
2301 2127 2424 2168 cum
2444 2111 2767 2181 sapientem,
2800 2119 2912 2165 tum
2933 2124 3120 2165 verum
3142 2124 3265 2164 esse
3295 2106 3542 2165 latebun-

1967 2211 2058 2258 tur
2103 2203 2139 2258 ii
2189 2202 2385 2271 quibus
2412 2213 2623 2257 rectum
2670 2209 2753 2258 est
2781 2214 2971 2255 eurae:
3022 2198 3268 2268 loquitur
3296 2198 3442 2255 euim
3485 2199 3539 2254 in

1967 2292 2187 2350 Christo
2219 2296 2498 2365 mysteria.

2038 2469 2105 2525 Β.
2126 2468 2464 2526 Fatebuntur
2489 2484 2642 2527 vero.

2040 2560 2109 2616 A.
2138 2558 2412 2630 Numquid
2438 2560 2623 2633 igitur,
2654 2559 2898 2627 Hermia,
2926 2538 3287 2632 quodcunque
3314 2560 3542 2618 lactoris

1969 2662 2104 2708 nutu
2121 2652 2444 2722 productum
2471 2666 2594 2708 esse
2620 2653 2877 2718 dicimus,
2898 2652 3044 2712 inter
3060 2652 3246 2708 mundi
3272 2653 3543 2708 elementa

1970 2742 2364 2798 numerandum
2392 2749 2495 2808 est,
2531 2756 2597 2796 an
2626 2741 2792 2797 etiam
2832 2741 2990 2812 quasi
3030 2756 3163 2813 pars
3199 2742 3381 2797 muudi
3432 2756 3540 2796 uua

1970 2848 2095 2891 cum
2117 2834 2372 2891 universo
2399 2833 2795 2891 collocabitur?

2039 2921 2104 2978 B.
2130 2922 2346 2995 Utique.

2039 3038 2107 3093 A.
2129 3038 2213 3093 An
2232 3035 2591 3094 veroliberati
2618 3049 2828 3100 sumus,
2851 3035 2920 3091 ad
2945 3034 3339 3106 perfectionem
3368 3034 3539 3091 animi

262 3123 372 3185 νὸς
409 3121 646 3190 ἱγμένοι,
693 3121 1101 3206 maniaticus&
1126 3138 1188 3175 τε
1231 3123 1291 3176 τὸ
1333 3122 1653 3181 ὑποκεῖσθαι
1692 3125 1867 3181 θέλειν
1974 3145 2038 3188 ac
2064 3129 2262 3187 mentis
2298 3128 2560 3200 provecti,
2591 3135 2652 3182 et
2693 3137 2948 3197 tanquam
2997 3127 3360 3182 adulterinum
3413 3128 3542 3198 reji-

265 3215 398 3278 τοῖς
425 3211 522 3266 τοῦ
551 3213 758 3285 κόσμου
792 3212 1077 3284 στοιχείοις
1103 3227 1120 3279 ;

355 3305 419 3361 Β.
461 3304 618 3358 Οὕτω
647 3303 814 3376 φημί.

355 3419 422 3476 Δ.
461 3414 609 3491 'Apa
639 3419 739 3492 τὴν
768 3420 849 3485 είς
876 3417 1006 3475 Y&
1032 3418 1113 3485 ὡς
1147 3416 1232 3484 είς
1271 3417 1402 3475 mv
1431 3415 1651 3492 ’ἀληθῶς
1693 3439 1871 3495 παρα-

276 3510 595 3583 δεδεγμένοι
623 3511 809 3566 πίστιν
827 3551 843 3578 ,
878 3510 913 3583 ἢ
944 3508 1100 3579 πῶς;
1793 3518 1801 3527 ”

361 3603 422 3660 Β.
468 3603 675 3667 Οὕτως.

360 3719 424 3775 Δ.
465 3716 671 3771 Οὐκοῦν
701 3716 761 3769 οὒ
791 3715 1014 3786 γενητὸς
1039 3715 1125 3786 εἴη
1154 3716 1221 3770 ἂν
1251 3718 1281 3770 ό
1309 3714 1641 3787 Μονογενὴς,
1677 3717 1766 3770 ἵνα
1796 3717 1872 3788 μὴ

286 3809 535 3880 φαίνοιτο
569 3810 667 3880 μὲν
698 3809 861 3871 αὐτὸς
896 3808 1036 3878 μετὰ
1072 3807 1184 3862 τῶν
1228 3807 1404 3862 ἄλλων
1444 3809 1747 3879 στοιχείων,
1779 3810 1874 3862 καὶ

285 3902 460 3959 τελῶν
487 3903 544 3956 ὲν
571 3901 854 3972 κτίσμασι,
896 3901 1079 3972 νήπιοι
1107 3900 1166 3955 δὲ
1201 3902 1385 3972 ἡμεῖς,
1416 3902 1514 3956 καὶ
1540 3901 1873 3973 αὐχημάτων

287 3995 378 4051 brt
406 3994 516 4049 τῶν
562 3997 643 4058 εἰς
670 3993 983 4065 τελειότητα
1020 3993 1135 4060 νοῦ,
1167 3991 1494 4065 τητώμενοι,
1543 3995 1770 4059 είκαίοις
1814 4010 1875 4048 τε

288 4088 576 4159 λογισμοῖς
603 4085 1059 4157 πεφενακισμένοι
1107 4084 1332 4155 μᾶλλον,
1360 4086 1506 4156 ἥπερ
1535 4080 1629 4139 οὖν
1659 4085 1876 4156 ἀληθῶς

291 4178 486 4236 ὶλπίδα
517 4178 737 4250 βεὸαίαν
773 4179 869 4231 καὶ
900 4177 1102 4247 γνῶσιν
1136 4177 1598 4249 πεπλουτηκότες,
1633 4177 1793 4246 δῆλον
1817 4177 1874 4231 δὲ

291 4272 381 4325 ὅτι
409 4270 510 4342 τὴν
540 4271 620 4335 εἰς
655 4268 802 4322 Υίόν.
829 4267 897 4322 Τί
942 4268 1053 4339 γὰρ
1094 4267 1233 4332 ὅλως
1268 4268 1513 4339 ὀνήσειεν
1544 4267 1611 4320 ἂν
1653 4267 1800 4338 ἡμᾶς
1845 4267 1876 4320 ό

291 4361 626 4433 Μονογενὴς,
658 4361 832 4416 καίτοι
870 4359 937 4414 δι’
965 4361 1116 4433 ἡμᾶς
1152 4360 1444 4431 γενόμενος
1472 4358 1790 4431 ,ἄνθρωπος
1824 4361 1876 4413 εί

1972 3221 2179 3278 cientes
2206 3219 2347 3276 vello
2368 3218 2556 3275 mundi
2583 3217 2867 3274 elementis
2887 3215 3209 3287 subjacere!

2042 3312 2105 3368 B.
2136 3313 2214 3368 lta
2240 3312 2440 3369 sentio.

2041 3425 2109 3480 A.
2142 3423 2225 3477 An
2256 3422 2361 3478 tide
2414 3423 2469 3476 in
2513 3420 2732 3487 Filium,
2761 3430 3015 3491 tanquam
3062 3418 3119 3474 in
3157 3417 3355 3474 Filium
3393 3432 3549 3482 vere,

1974 3520 2250 3583 suscepta,
2282 3521 2377 3589 aut
2407 3510 2721 3582 quomodo?

2042 3602 2103 3657 B.
2143 3599 2222 3656 Eo
2257 3600 2435 3655 modo.

2045 3717 2112 3772 A.
2142 3715 2312 3787 lgitur
2348 3712 2520 3768 factus
2559 3726 2665 3767 non
2700 3713 2804 3766 erit
2834 3709 3175 3783 unigenitus,
3208 3725 3278 3767 ne
3301 3711 3548 3767 videatur

1975 3808 2192 3880 quidem
2226 3807 2342 3876 ipse
2368 3792 2493 3861 cu‘m
2515 3803 2636 3859 aliis
2659 3803 2943 3858 elementis
2967 3803 3132 3858 etiam
3164 3801 3220 3857 in
3258 3817 3545 3858 numerum

1976 3910 2351 3959 creaturarum
2387 3897 2673 3969 ascriptus,
2707 3910 2806 3951 nos
2831 3905 3012 3951 autem
3041 3894 3271 3966 pueruli,
3287 3904 3346 3951 ει
3375 3894 3549 3950 animi

1974 3990 2233 4066 perfectis
2277 3988 2495 4046 dotibus
2562 3987 2751 4051 vacui,
2809 3987 3074 4056 vanisque
3127 3985 3549 4058 cogitationibus

1977 4084 2148 4141 delusi
2189 4083 2371 4155 potius
2413 4096 2572 4152 quam
2625 4095 2722 4152 spe
2765 4079 2919 4136 firma
2970 4087 3029 4134 et
3062 4078 3373 4150 cognitione
3423 4076 3546 4132 Filii

1977 4177 2233 4234 nimirum
2286 4174 2463 4233 ditati.
2506 4172 2647 4242 Quid
2694 4173 2838 4229 enim
2897 4170 3217 4242 (inigenitus
3246 4171 3299 4226 in
3325 4170 3547 4226 univer·

1979 4284 2103 4324 sum
2152 4282 2253 4324 nos
2304 4267 2530 4338 Juvcrit,
2581 4265 2709 4322 licet
2753 4273 2978 4335 propter
3018 4277 3118 4319 nos
3147 4261 3321 4318 factus
3360 4262 3546 4325 homo,

1981 4354 2086 4414 nisi
2122 4365 2389 4414 creaturas
2432 4356 2580 4413 cultu
2631 4354 2792 4412 soluti
2825 4354 3125 4411 fuerimus?
3157 4350 3265 4408 Sed
3293 4352 3452 4407 lldcm
3491 4350 3546 4406 in

294 4453 378 4526 μὴ
423 4451 520 4506 τοῦ
559 4451 840 4524 λατρεύειν
877 4454 945 4524 τῇ
995 4452 1168 4506 κτίσει
1205 4448 1626 4524 λελυτρὼμεθα;
1661 4449 1773 4521 Τὴν
1818 4449 1876 4503 δὲ
1909 4425 1954 4480 ⁰
1982 4451 2156 4519 ipsum
2187 4458 2444 4518 tanquam
2469 4448 2521 4502 in
2554 4446 2772 4511 Filium,
2806 4445 3064 4517 amplexi,
3093 4459 3161 4498 an
3188 4457 3317 4509 non,
3351 4441 3547 4497 amabo

291 4545 378 4608 είς
421 4543 606 4610 αὐτὸν,
653 4543 774 4600 είπέ
813 4561 927 4615 μοι,
966 4543 1378 4616 προσηκάμενοι
1431 4541 1618 4596 πίστιν
1666 4541 1745 4606 ὡς
1795 4542 1878 4606 είς

293 4633 447 4705 rav,
477 4633 566 4710 ἆρ’
589 4637 650 4691 οὐ
691 4635 1088 4708 πεπλανήμεθα
1113 4653 1129 4702 ;

366 4727 430 4784 Β.
474 4727 710 4795 Ἔοικεν,
745 4729 906 4799 εἴπερ
944 4728 1063 4781 ἐστὶ
1087 4729 1362 4800 γεννητός.

367 4843 434 4897 Α.
473 4841 539 4896 Τί
574 4842 652 4906 δὲ,
687 4842 786 4896 οὐκ
811 4842 1049 4913 ἀμείνων
1074 4840 1362 4912 παραπολῦ
1391 4843 1490 4912 τῆς
1517 4841 1604 4895 διὰ
1632 4838 1872 4911 Χριστοῦ

294 4932 633 4998 παιδεύσεως
664 4937 700 5005 ὴ
738 4933 827 4988 διὰ.
864 4934 1129 5011 Μωσέως,
1162 4932 1320 5004 εἴπερ
1352 4932 1504 4985 ἐστὶν
1538 4931 1755 5001 ἀληθῶς
1791 4931 1875 4996 είς

292 5024 357 5081 ῐν
380 5042 436 5080 τι
463 5026 571 5081 τῶν
604 5025 842 5096 γενητῶν
870 5027 904 5097 ἡ
949 5025 1168 5090 πίστις;
1205 5023 1378 5094 Φαίην
1417 5022 1462 5076 δ’
1494 5021 1562 5076 ἂν
1602 5023 1686 5078 ὅτι
1721 5037 1875 5074 κενο-

291 5116 547 5188 λογοῦσιν
589 5120 637 5171 ol
677 5117 846 5186 ἅγιοι,
882 5117 1111 5171 κατόπιν
1139 5115 1246 5169 τῶν
1279 5112 1650 5183 εὐαγγελικῶν
1686 5111 1876 5165 θεσπι-

294 5210 523 5282 σμάτων
580 5208 897 5283 ῥιπτοῦντες
941 5209 1030 5267 ἀεὶ
1074 5208 1175 5278 τὴν
1219 5204 1586 5279 ἀρχαιοτέραν
1634 5200 1876 5273 ἐντολήν.

296 5299 630 5355 Τετελείωκε
657 5299 714 5354 δὲ
736 5298 853 5363 πῶς
872 5301 900 5353 ό
928 5299 1092 5369 νόμος
1118 5295 1289 5360 οὐδὲν,
1317 5294 1434 5350 ἀλλ’
1460 5294 1490 5348 ό
1514 5293 1721 5356 δίκαιος
1742 5292 1875 5363 ἡμῖν

297 5391 363 5447 bt
384 5391 623 5455 πίστεως
656 5391 915 5461 ζήσεται;
948 5388 1142 5442 Καίτοι
1162 5385 1397 5440 διόλλυσι
1435 5383 1533 5455 μὲν
1565 5385 1601 5456 ἡ
1635 5381 1820 5444 πίστις
1842 5381 1878 5452 η

296 5483 382 5550 εἰς
413 5483 562 5550 nav,
609 5484 733 5546 τοὺς
792 5481 1230 5553 είσδεδεγμένους
1273 5479 1465 5551 αὐτὴν,
1511 5476 1763 5548 ὠφέλησε
1819 5474 1878 5529 δὲ

371 5664 418 5696 “
458 5662 632 5720 Galat.
662 5678 737 5726 ιν,
768 5662 882 5718 1-5.
959 5661 1004 5693 ⁸·
1041 5659 1203 5715 llebr.
1232 5673 1328 5723 vit,
1357 5658 1444 5714 ¹9.
1524 5656 1566 5688 “¹
1603 5652 1762 5710 Rom.
1792 5666 1831 5719 ι,
1871 5650 1961 5710 Π.

623 5759 891 5820 Ριτιιοι..
933 5754 1051 5816 Gn.
1101 5751 1348 5816 Lxxv.

1983 4550 2057 4609 te,
2089 4539 2293 4594 trustra
2322 4535 2623 4592 fuerimus?

2048 4715 2111 4770 B.
2139 4714 2221 4771 lta
2246 4722 2416 4780 certe,
2452 4710 2720 4782 siqnidem
2746 4716 2831 4765 est
2855 4708 3088 4780 genitus.

2051 4833 2121 4886 A.
2152 4828 2293 4899 Quid
2318 4828 2492 4886 vero?
2530 4824 2721 4883 Nonne
2754 4821 3099 4898 praestantior
3134 4819 3303 4876 multo
3333 4825 3420 4875 est
3465 4817 3552 4875 in-

1983 4922 2268 4979 stitutione
2309 4919 2512 4976 Christi
2560 4917 2645 4975 illa
2676 4916 2937 4982 Moesica,
2976 4914 3024 4970 si
3068 4925 3257 4969 revera
3303 4909 3439 4967 fldes
3467 4919 3553 4966 est

1985 5013 2039 5070 in
2074 5012 2278 5082 aliquid
2308 5010 2592 5066 creatum?
2619 5007 2785 5080 513
2828 5004 2935 5062 Sed
2964 5002 3165 5060 frustra
3202 5000 3391 5071 nugari
3422 5014 3551 5056 san-

1983 5115 2103 5161 ctos
2131 5102 2383 5169 dixerim,
2412 5100 2504 5172 qui
2535 5109 2697 5156 vetus
2727 5097 3040 5154 mandatum
3062 5091 3394 5165 evangelicis
3422 5103 3551 5144 ora-

1980 5196 2119 5253 culis
2178 5208 2392 5266 semper
2429 5199 2780 5265 postponunt.
2834 5188 3116 5259 Quomodo
3141 5200 3272 5242 vero
3301 5183 3385 5239 lex
3415 5181 3550 5237 nihil

1980 5286 2048 5343 ad
2070 5285 2368 5358 perfectum
2410 5283 2636 5340 adduxit
2662 5281 2733 5350 ⁸⁸,
2771 5280 2866 5339 sed
2908 5280 3087 5350 justus
3134 5275 3290 5332 nobis
3328 5288 3394 5329 ex
3445 5273 3552 5328 lide

1979 5379 2127 5434 vivet
2152 5376 2241 5433 ”2
2268 5375 2402 5432 Nam
2452 5374 2590 5432 lides
2647 5374 2738 5432 illa
2779 5374 2831 5429 in
2886 5371 3084 5428 Filium
3119 5367 3297 5440 perdit
3329 5364 3547 5435 quidem

1981 5485 2077 5528 eos
2126 5470 2220 5544 qui
2277 5470 2447 5543 ipsam
2499 5466 2838 5529 admiserint.
2910 5463 2996 5521 lex
3047 5471 3231 5519 autem
3278 5456 3550 5515 veteribus

3101 5725 3176 5792 28
