3809 6125
293 318 430 373 ¹021

1359 333 1446 390 DE
1485 337 1588 396 SS.
1631 341 2014 407 'intutum
2052 349 2399 409 ntAtoctzs
2438 350 2524 407 Vl.

3424 352 3564 410 1022

291 437 406 491 Καὶ
431 436 565 507 γοῦν
587 439 830 511 ἔφασκεν
853 446 884 500 ὁ
904 446 1033 512 Υἱός
1053 464 1067 478 ·
1099 467 1119 503 ι
1170 453 1284 507 Οὐκ
1310 455 1510 528 ἀφήσω
1536 461 1682 533 ὑμᾶς
1707 462 1880 536 &pepa-
1907 472 1953 529 Α
1983 470 2219 529 indens?
2254 448 2464 545 Quippe
2501 473 2714 529 dicebat
2753 470 2928 527 Filius
2960 490 2975 530 ι
3031 489 3054 525 ι
3102 470 3220 528 Non
3264 471 3565 544 relinquam

289 532 458 599 νοὸς,
504 532 743 607 ἔρχομαι
775 537 914 610 πρὸς
956 540 1124 612 ὑμᾶς.
1162 562 1184 597 s
1230 546 1452 621 Ἐπειδὴ
1480 551 1536 605 δὲ
1567 555 1882 628 άνα6ἑ6ηκε

290 625 432 695 πρὸς
451 624 544 679 τὸν
567 627 788 700 Πατέρα
820 632 958 702 μετὰ
988 633 1088 706 τὴν
1120 638 1186 692 ὲκ
1222 642 1436 712 νεκρῶν
1465 646 1790 712 ἀναδίωσιν,
1820 650 1880 713 ὲν

284 717 426 786 ἡμῖν
455 716 574 770 ἐστι
608 717 698 773 διὰ
727 720 826 775 τοῦ
858 724 1198 797 Πνεῦματος.
1235 732 1398 787 Ἴδιον
1430 734 1539 805 γὰρ
1565 738 1732 802 αὐτοῦ
1785 740 1879 795 καὶ

287 810 351 863 οὐ
374 808 614 883 θύραθεν
640 812 1055 890 εἰσκεκριμένον
1082 822 1145 876 τὸ
1167 824 1393 897 Πνεῦμα
1413 828 1602 895 αὐτοῦ,
1623 830 1878 904 καθάπερ

286 899 488 973 ἀμέλει
519 900 614 955 τοῦ
645 903 941 977 ἀνθρώπου
970 909 1033 963 τὸ
1062 912 1427 983 ἀνθρώπινον.
1463 920 1686 992 Ἐπειδὴ
1721 922 1780 977 δὲ
1810 924 1878 978 τὸ

284 995 615 1066 ἀμετρήτως
649 996 937 1071 διεστηκὸς
978 1004 1080 1076 τῆς
1109 1005 1258 1073 θείας
1288 1008 1456 1065 αὐτοῦ
1507 1012 1604 1067 καὶ
1636 1014 1878 1090 ὑπερτά·

282 1105 388 1160 της
417 1087 608 1152 οὐσίας
638 1088 768 1143 ἴδιον
801 1092 1120 1166 ἐποιήσατο,
1151 1100 1298 1171 φημὶ
1323 1100 1382 1155 δὲ
1403 1100 1504 1175 τὴν
1528 1105 1733 1178 σάρκα,
1751 1108 1876 1161 τότε

283 1181 350 1254 δὴ
383 1180 505 1235 τότε
541 1183 636 1240 καὶ
668 1183 932 1253 ὴγιάσθαι
978 1186 1239 1258 λέγεται,
1289 1193 1473 1271 σοφῶς
1503 1212 1567 1251 τε
1610 1196 1703 1251 καὶ
1735 1214 1872 1269 πρε,

282 1271 632 1343 πωδέστερον
675 1273 770 1326 ἐπὶ
814 1274 877 1328 τὸ
920 1276 1267 1350 ἀνθρώπινον
1320 1282 1416 1337 τοῦ
1477 1286 1742 1358 ηγιάσθαι
1792 1288 1876 1343 δι-

279 1364 573 1451 ᾴττοντος·
614 1365 716 1436 τήν
755 1382 819 1436 γε
855 1366 963 1440 μὴν
985 1368 1079 1424 τοῦ
1105 1372 1362 1443 ἠγιάσθαι
1403 1376 1718 1452 πλήρωσιν,
1755 1379 1876 1454 ἢτοι

277 1458 386 1527 τὴν
412 1458 714 1530 ἐνέργειαν,
742 1458 819 1523 ῶς
849 1462 908 1515 ὲν
934 1463 1213 1540 προσώπῳ
1246 1469 1485 1541 Πατρὸς,
1515 1471 1584 1543 τῇ
1615 1469 1719 1541 τῆς
1749 1471 1874 1526 θεό-

280 1566 449 1621 τητος
479 1549 718 1605 ἀνετίθει
747 1550 943 1622 φύσει,
988 1557 1128 1631 μόνῃ
1174 1558 1283 1631 γάρ
1318 1560 1457 1635 αὐτῇ
1522 1561 1584 1617 τὸ
1624 1562 1875 1633 ἁγιάζειν

276 1643 509 1700 οἰκεῖον.
1875 1691 1887 1701 .

351 1732 415 1787 Β.
460 1734 740 1811 Σύμφημι.
772 1740 847 1794 Τὸ
874 1741 984 1811 γάρ
1010 1758 1091 1795 τοι
1136 1744 1382 1815 μακροὺς
1432 1741 1751 1816 ἀντεξάγειν
1783 1744 1873 1801 λό-

273 1840 436 1895 γους,
469 1825 649 1899 ὀρθῶς
671 1829 887 1900 λέγοντί
919 1850 1023 1899 σοι,
1055 1836 1330 1909 περιττὸν,
1359 1836 1563 1907 μᾶλλον
1587 1838 1646 1893 δὲ
1672 1839 1873 1911 ἣκιστα
1904 1812 1949 1872 Β

276 1916 470 1985 σοφόν.
507 1903 650 1972 ’Ἀλλ’
679 1922 729 1974 εἰ
765 1921 933 1994 μόνῳ,
957 1926 1112 1994 φασὶ,
1147 1926 1222 1998 τῷ
1241 1944 1304 1996 γε
1339 1927 1452 1982 ὄντι
1493 1928 1658 1999 φύσει
1690 1946 1750 1984 τε
1780 1931 1876 1985 καὶ

275 2009 429 2065 κατά
474 2012 735 2084 ἀληθειαν
779 2015 900 2087 Θεῷ
953 2018 1014 2070 τὸ
1060 2018 1312 2088 ἀγιὰζειν
1353 2020 1618 2078 δύνασθαι
1671 2023 1877 2095 προσὸν

279 2102 469 2175 ὁρῷτο
514 2104 612 2159 καὶ
663 2107 901 2180 πρέποι,
953 2110 1146 2165 τούτου
1195 2112 1252 2168 δὲ
1298 2112 1537 2185 πέφηνεν
1586 2116 1812 2189 ἐνεργὸς
1846 2118 1876 2172 ὁ

275 2195 431 2278 Υἱὸς,
473 2197 534 2251 τὸ
576 2198 885 2266 ἀποσοόοῦν
916 2202 1091 2272 οὐδὲν,
1126 2205 1207 2258 ὄτι
1261 2205 1356 2262 καὶ
1380 2207 1513 2272 Θεὸς
1539 2208 1683 2263 κατὰ
1711 2210 1876 2278 φύσιν

280 2289 403 2345 &etl
426 2289 723 2364 διαρρήδην
749 2294 1036 2369 ὁμολογεῖν
1059 2310 1075 2327 ·
1107 2296 1201 2351 καλΙ
1224 2298 1275 2350 εἰ
1300 2297 1459 2352 τοῦτο
1486 2300 1875 2371 συγχωρήσαι-

286 2399 408 2456 μεν,
431 2384 553 2457 Θεῷ
584 2385 642 2439 δὲ
675 2385 756 2458 τῷ
794 2388 935 2441 κατὰ
979 2388 1145 2458 φύσιν
1181 2389 1290 2444 τῶν
1318 2389 1544 2462 ἀγαθῶν
1577 2392 1722 2446 ὲνδεῖ
1767 2409 1874 2463 μη-

276 2473 449 2544 δανὸς,
494 2476 548 2531 τί
580 2478 768 2550 μαθὼν
814 2483 842 2535 ό
885 2481 1008 2534 καθ’
1047 2482 1193 2553 ὑμᾶς
1226 2482 1354 2547 Υἱὸς
1392 2484 1487 2538 καὶ
1512 2483 1684 2551 Θεὸς,
1712 2484 1875 2556 δόξης

270 2583 340 2621 τε
370 2568 467 2623 καὶ
522 2568 824 2641 βασιλείας,
856 2572 952 2638 καὶ
995 2574 1319 2647 κυριότητος
1362 2575 1464 2648 την
1491 2576 1703 2630 οἰκείαν
1745 2576 1874 2629 ἐπι·

269 2660 381 2716 δεᾰ
423 2663 710 2745 παρέδειξε
756 2663 955 2739 enimn
994 2667 1139 2738 Ἔφη
1188 2664 1299 2738 γάρ
1346 2683 1450 2724 που
1502 2667 1644 2739 πρὸς
1682 2667 1777 2722 τὸν
1813 2668 1875 2723 ὲν

268 2755 533 2841 οὐρανοῖς
560 2756 800 2830 Πατέρα·
840 2775 858 2809 ι
889 2756 1094 2830 Πάτερ,
1124 2757 1387 2829 ἐλήλυθεν
1413 2761 1448 2831 ἡ
1475 2757 1616 2833 ὥρα,
1648 2758 1872 2830 δόξασόν

274 2862 383 2900 σου
415 2846 505 2901 τὸν
539 2848 687 2914 Υῑὸν,
717 2849 805 2903 ἴνα
829 2850 924 2904 καὶ
960 2851 988 2903 ὁ
1039 2849 1167 2914 Υἱός
1197 2868 1291 2904 σου
1323 2849 1525 2922 δοξάσῃ
1563 2868 1622 2904 σε
1643 2867 1656 2881 ·
1685 2851 1874 2917 καθὼς

270 2938 492 3009 ἔδωκας
522 2938 674 3010 αὐτῷ
708 2938 958 3002 ἐξουσίαν
984 2943 1165 3014 πάσης
1194 2941 1416 3012 σαρκὸς,
1451 2941 1541 2997 ἶνα
1577 2943 1689 2997 πᾶν
1715 2942 1745 2996 δ
1775 2943 1868 2998 δέ·

267 3030 463 3095 δωκας
496 3028 670 3098 αὐτῷ,
714 3027 877 3080 δώσει
908 3029 1094 3095 αὐτοῖς
1144 3031 1289 3104 ζωὴν
1333 3033 1573 3090 αἰώνιον.
1615 3032 1770 3107 Aut-q
1811 3034 1869 3092 δέ

1983 579 2081 619 vos
2113 565 2389 635 orphanos
2412 606 2428 631 ,
2467 565 2625 620 venio
2661 564 2732 620 ad
2760 578 2858 620 vos
2878 564 2947 619 “·.
2985 583 3006 617 ι
3046 564 3157 621 Sed
3200 563 3456 635 quoniam
3494 563 3566 620 ad

1980 656 2198 713 Patrem
2249 658 2412 715 rediit
2461 667 2587 730 post
2627 658 3118 721 resurrectionem,
3172 656 3226 713 iu
3275 656 3434 713 nobis
3477 662 3565 712 est

1979 763 2077 821 per
2110 748 2393 820 Spiritum.
2421 750 2683 821 Proprius
2718 750 2863 807 enim
2911 756 2998 805 est
3028 739 3173 822 eius,
3207 762 3307 810 nec
3346 747 3566 803 aliunde

1978 841 2183 897 ascitus
2214 840 2452 913 Spiritus
2496 840 2633 911 ejus,
2668 842 2829 900 sicuti
2865 841 3122 897 nimirum
3159 838 3429 904 hominis,
3461 838 3576 908 liu-2

1980 947 2193 997 manus.
2227 933 2361 988 Cum
2398 943 2579 989 autem
2618 948 2841 996 carnem
2891 930 3103 988 inllnito
3142 929 3429 992 intervallo
3475 930 3563 988 di-

1978 1031 2215 1078 stantem
2249 1023 2446 1086 divinae
2479 1031 2534 1079 et
2568 1036 2838 1093 supremae
2868 1030 3072 1075 naturae
3101 1019 3376 1090 propriam
3417 1018 3562 1076 iece-

1977 1114 2072 1180 rit²
2102 1123 2229 1168 tunc
2282 1125 2454 1182 certe,
2506 1122 2635 1169 tune
2662 1122 2718 1168 et
2760 1109 3131 1174 sanctificatus
3177 1125 3301 1172 esse
3336 1111 3559 1178 dicitur,

1976 1206 2412 1262 sanctificatione
2458 1214 2607 1260 recte
2631 1214 2686 1261 ει
2733 1202 3121 1260 convenienter
3154 1205 3221 1259 ad
3254 1204 3562 1259 humanita-

1978 1305 2083 1353 tem
2116 1297 2446 1367 pertinente.
2494 1296 2789 1350 Enimvero
2842 1295 3217 1351 sanctificandi
3264 1295 3560 1367 perlectio-

1977 1401 2101 1443 nem
2134 1395 2428 1442 :intactum
2455 1386 2603 1442 velut
2630 1386 2685 1441 in
2719 1400 2949 1457 persona
2982 1386 3162 1442 Patris
3210 1387 3430 1442 deitatis
3464 1399 3560 1439 na-

1976 1486 2114 1535 turae
2158 1476 2366 1539 tribuit.
2404 1476 2522 1534 Soli
2558 1478 2703 1533 enim
2736 1479 2837 1549 ipsi
2873 1480 3154 1549 proprium
3196 1487 3279 1533 est
3318 1474 3562 1534 sanctifi-

1974 1584 2125 1628 care.

2044 1742 2110 1800 Β.
2150 1743 2455 1801 Assentior.
2500 1743 2775 1803 Prolixam
2820 1743 2968 1800 enim
3015 1744 3112 1805 tibi
3159 1752 3308 1805 recte
3360 1744 3563 1804 dicenti

1978 1834 2286 1893 orationem
2320 1848 2599 1907 opponere
2647 1833 2977 1906 superfluum
3014 1844 3124 1902 εει,
3152 1836 3262 1898 imo
3285 1835 3451 1909 599
3473 1852 3564 1893 sa-

1980 1925 2178 1996 pientis
2219 1941 2327 1981 non
2362 1936 2466 1981 est.
2517 1925 2625 1982 Sed
2673 1928 2717 1983 si
2772 1927 2898 1991 soli,
2950 1928 3223 1998 inquiunt,
3270 1930 3564 1989 exsistenti

1980 2029 2177 2076 natura
2204 2028 2261 2075 et
2295 2033 2423 2074 vere
2456 2019 2566 2076 Deo
2592 2018 2968 2078 sanctificandi
2994 2030 3237 2091 potestas
3267 2023 3446 2079 inesse
3474 2023 3561 2077 vi-

1978 2110 2171 2165 deatur
2206 2122 2271 2166 ac
2299 2111 2514 2177 debeat.
2576 2110 2695 2186 ejus
2733 2122 2915 2167 autem
2944 2114 3217 2182 perfector
3253 2110 3421 2170 Filius
3459 2126 3559 2183 ap-

1977 2200 2198 2271 paruit,
2227 2200 2367 2256 ninii
2401 2210 2549 2257 vetat
2578 2200 2872 2272 quominus
2914 2202 3081 2257 etiam
3117 2204 3285 2260 Deum
3320 2217 3442 2259 esse
3472 2218 3562 2259 se-

1976 2279 2215 2347 cundum
2274 2300 2531 2347 naturam
2590 2300 2779 2362 aperte
2827 2290 3116 2348 fateamur.
3164 2291 3317 2360 Quod
3371 2294 3415 2350 si
3458 2294 3566 2351 hoe

1976 2380 2410 2438 concesserimus
2432 2421 2449 2447 .
2501 2382 2646 2440 neus
2704 2391 2886 2443 autem
2946 2385 3244 2439 secundum
3307 2394 3558 2441 naturam

1978 2469 2175 2528 nullius
2198 2471 2326 2528 boni
2364 2472 2589 2545 indiget,
2651 2473 2781 2544 quid
2816 2487 2997 2534 causae
3022 2484 3105 2530 est
3136 2489 3235 2531 cnr
3259 2473 3348 2531 ille
3379 2483 3562 2532 vester

1977 2564 2149 2622 Filius
2186 2579 2252 2621 ac
2282 2564 2427 2622 Deus
2459 2574 2710 2621 naturam
2743 2580 2901 2620 suam
2942 2565 3115 2637 gloria
3138 2575 3239 2629 ,et
3275 2580 3479 2639 regno.
3502 2579 3561 2625 et

1975 2656 2346 2715 dominatione
2380 2671 2575 2714 carere
2608 2657 2985 2729 significavit?
3016 2657 3161 2716 Dixit
3184 2659 3329 2715 enitn
3360 2658 3565 2720 alicubi

1977 2750 2045 2804 ad
2070 2747 2286 2807 Patrem
2328 2752 2420 2822 qni
2466 2751 2520 2807 in
2554 2752 2711 2809 coelis
2740 2761 2865 2809 est:
2917 2771 2937 2807 ι
2962 2752 3149 2819 Pater,
3198 2753 3348 2809 venit
3396 2754 3553 2821 liora,

1975 2842 2217 2899 clarifica
2242 2841 2441 2899 Filium
2479 2848 2657 2910 tuum,
2684 2852 2743 2900 ut
2789 2842 2961 2900 Filius
3005 2855 3129 2901 tuus
3168 2844 3434 2900 clarificet
3480 2854 3555 2902 te.

1978 2935 2135 2992 Sicut
2158 2936 2366 3000 dedisti,
2387 2936 2437 2992 el
2471 2945 2795 3007 potestatem
2835 2937 3014 2994 omnis
3050 2938 3266 3006 caruis,
3303 2946 3365 2993 ut
3398 2953 3561 2994 ontno

1978 3026 2124 3099 qnod
2149 3024 2347 3085 dedisti
2375 3026 2448 3095 εἰ,
2478 3028 2571 3085 det
2587 3026 2670 3085 eis
2700 3027 2866 3084 vitam
2890 3037 3169 3091 aeternant.
3203 3027 3329 3087 lla-e
3354 3037 3438 3085 est
3460 3043 3556 3085 au·

271 3125 434 3189 ὲστιν
464 3122 500 3194 η
527 3117 747 3184 αἰώνιος
787 3116 922 3191 ζωὴ,
965 3120 1055 3178 ἴνα
1097 3122 1412 3191 γινώσκωσι
1456 3144 1518 3180 σε
1553 3128 1646 3184 τὸν
1697 3130 1861 3202 μόνον
1895 3149 1943 3212 c
1978 3130 2087 3178 lem
2111 3121 2223 3178 vita
2250 3130 2476 3190 aeterna,
2509 3130 2568 3178 ut
2592 3130 2922 3195 cognoscant
2963 3131 3016 3176 te
3045 3121 3220 3177 solum
3257 3123 3432 3179 neum
3466 3137 3564 3180 ve·-

277 3210 543 3281 ἀληθινὸν
571 3209 724 3276 Θεὸν,
767 3210 864 3264 καὶ
909 3209 970 3265 δν
1001 3212 1331 3278 ἀπέστειλας
1368 3217 1576 3287 Ἰησοῦν
1608 3220 1866 3292 Χριστόν.

297 3300 444 3370 Ἐγώ
474 3317 532 3355 σε
560 3301 788 3366 ἐδόξασα
819 3303 913 3356 ἐπὶ
944 3302 1048 3374 τῆς
1079 3305 1218 3376 γῆς·
1253 3306 1313 3360 τὸ
1349 3307 1515 3380 ἔργον
1553 3310 1867 3381 ἐτελείωσα,

270 3392 308 3447 ὃ
357 3392 596 3458 δέδωκάς
643 3410 734 3465 μοι
770 3394 859 3448 ἵνα
895 3397 1114 3468 ποιήσω
1133 3411 1147 3427 ·
1184 3397 1280 3452 καὶ
1309 3398 1406 3455 νῦν
1429 3398 1654 3469 δόξασόν
1679 3422 1748 3477 με
1778 3407 1869 3475 σὺ,

271 3485 492 3558 Πάτερ,
541 3485 699 3561 παρὰ
732 3486 1039 3563 σεαυτῷτῇ
1079 3486 1207 3566 δόξῃ
1250 3483 1286 3567 ᾖ
1328 3485 1476 3564 εἶχον
1505 3495 1615 3568 πρὸ
1653 3497 1751 3552 τοῦ
1778 3498 1871 3556 τὸν

188 3590 193 3597 “
271 3579 488 3663 κόσμον
519 3574 661 3646 εἶναι
703 3580 858 3653 παρὰ
911 3581 1016 3637 σοί.
1061 3582 1415 3657 Ἐφανέρωσά
1447 3588 1542 3642 ’σου
1589 3591 1653 3646 τὸ
1696 3591 1872 3665 ὄνομα

176 3702 193 3761 ⁴·
226 3706 233 3711 -
278 3677 393 3737 τοῖς
425 3672 741 3748 ᾁνθρώποις
766 3715 781 3742 ,
817 3672 911 3738 οὓς
954 3675 1197 3741 δέδωκάς
1253 3694 1345 3749 μοι
1388 3680 1454 3733 ἐκ
1492 3680 1587 3735 τοῦ
1637 3683 1866 3756 κόσμου.

174 3764 191 3819 “·.
275 3764 374 3819 Σοὶ
401 3758 566 3836 ἦσαν,
617 3765 714 3819 καὶ
739 3764 866 3837 ἐμοὶ
904 3767 1106 3832 αὐτοὺς
1152 3766 1380 3837 ἔδωκας,
1423 3772 1520 3827 καὶ
1567 3774 1661 3829 τὸν
1710 3775 1871 3847 λόγον

277 3873 378 3926 σου
406 3857 707 3929 ὲτήρησαν.
734 3857 851 3912 Νῦν
879 3857 1126 3928 ἔγνωσαν
1156 3861 1239 3916 ὅτι
1264 3862 1468 3928 πάντα,
1498 3865 1602 3920 ὅσα
1629 3866 1870 3933 δέδωκάς

280 3963 401 4018 μοι,
431 3946 583 4019 παρὰ
616 3946 712 4001 σοῦ
741 3949 898 4014 εἰσιν,
925 3949 1007 4002 ότι
1031 3947 1103 4003 τὰ
1134 3950 1380 4022 ῥήματα,
1409 3949 1449 4006 ἃ
1472 3951 1717 4019 δέδωκάς
1752 3973 1869 4027 μοι,

273 4038 492 4107 δέδωκα
521 4039 706 4105 αὺτοῖς
735 4080 750 4107 ,
782 4041 877 4095 καὶ
906 4041 1063 4095 αὐτοὶ
1090 4041 1306 4109 ἔλαδον,
1339 4042 1437 4098 καὶ
1458 4042 1704 4115 ἔγνωσαν
1737 4046 1872 4121 ἀλη-

273 4130 389 4200 θῶς
422 4133 506 4186 ὅτι
534 4132 687 4205 παρὰ
705 4131 800 4187 σοῦ
830 4132 1080 4205 ἐξῆλθον,
1110 4135 1206 4189 καὶ
1233 4135 1565 4193 ἐπίστευσαν
1588 4139 1673 4196 ὅτι
1706 4139 1772 4197 σύ
1801 4158 1870 4212 με

271 4221 630 4292 ᾄπέστειλας.
678 4241 700 4277 t
749 4223 893 4296 Ἔφη
942 4223 1002 4278 δὲ
1047 4224 1144 4278 καὶ
1190 4225 1221 4278 ὁ
1268 4225 1490 4292 Λουκᾶς
1535 4226 1596 4282 ἐν
1645 4232 1714 4303 τῇ
1759 4231 1872 4286 τῶν

269 4311 544 4384 Πράξιων
573 4315 869 4388 συγγραφῇ
895 4352 912 4379 ,
957 4313 1035 4379 ὡς
1065 4314 1133 4369 ὲκ
1165 4314 1463 4386 προσώπου
1506 4317 1601 4373 τοῦ
1631 4318 1865 4391 Πέτρου·

278 4427 301 4467 ι
326 4404 614 4475 ’Δσφαλῶς
643 4401 737 4460 οὗν
766 4405 1087 4475 γινωσκέτω
1107 4408 1216 4470 πᾶς
1237 4401 1388 4472 οἶκος
1402 4407 1644 4482 Ἰσραὴλ,
1662 4409 1746 4465 ὅτι
1770 4411 1867 4467 καὶ

1977 3227 2121 3278 rum,
2151 3222 2209 3269 et
2234 3225 2397 3284 quem
2438 3213 2635 3268 misisti
2664 3210 2849 3268 «lesum
2870 3209 3170 3268 Christum.
3203 3212 3317 3283 Ego
3351 3221 3405 3270 te
3444 3213 3557 3269 cla-

1974 3307 2182 3363 rificavi
2223 3321 2386 3377 super
2427 3316 2667 3362 terrant:
2699 3321 2839 3377 opus
2890 3304 3264 3361 consummat-i
3290 3305 3432 3375 quod
3462 3306 3557 3361 de-

1972 3399 2103 3455 disti
2130 3398 2260 3454 milti
2293 3408 2354 3454 ιιι
2380 3397 2611 3454 faciam.
2639 3396 2706 3454 Et
2748 3413 2895 3455 nunc
2937 3398 3180 3454 clarifica
3212 3412 3329 3462 me,
3359 3405 3417 3452 ιιι
3453 3395 3558 3451 Pa-

1974 3497 2080 3554 ter,
2104 3489 2247 3560 apud
2294 3488 2647 3560 temetipsum
2696 3486 2951 3545 claritate
2993 3501 3157 3558 quam
3205 3485 3371 3542 habui
3405 3487 3559 3556 prins

1972 3596 2135 3652 qutun
2182 3581 2417 3637 mundus
2462 3587 2644 3648 esset,
2671 3579 2816 3650 apud
2864 3588 2937 3637 ιε.
2978 3577 3318 3635 manifestavi
3357 3593 3557 3632 numen

1975 3686 2123 3730 tuum
2172 3673 2486 3731 hominibus
2514 3687 2654 3746 quos
2686 3671 2881 3730 dedisti
2927 3671 3062 3728 milti
3101 3671 3169 3727 de
3208 3671 3409 3726 mundo
3440 3671 3553 3740 (nui

1971 3776 2147 3834 erant,
2171 3766 2374 3824 etmihi
2398 3780 2494 3822 eos
2513 3763 2756 3838 dedisti),
2778 3773 2835 3820 et
2855 3777 3163 3820 sermonem
3190 3770 3339 3817 tuum
3368 3777 3557 3816 serva·-

1972 3869 2208 3927 vernnt;
2271 3872 2417 3914 nune
2469 3863 2845 3926 cognoverunt
2876 3854 3003 3926 quia
3042 3854 3225 3911 omuia
3282 3869 3405 3924 quae
3459 3853 3554 3909 de-

1972 3953 2097 4007 disti
2151 3950 2307 4018 mini,
2342 3951 2440 4006 abs
2492 3958 2544 4005 ιε
2596 3957 2744 4015 sunt,
2797 3949 2925 4019 quia
2975 3949 3137 4005 verba
3190 3962 3311 4017 quae
3358 3946 3554 4002 dedisti

1972 4045 2126 4112 inihi,
2152 4043 2275 4100 dedi
2315 4044 2395 4100 eis
2422 4082 2440 4111 ,
2477 4053 2532 4099 ει
2564 4043 2666 4114 ipsi
2691 4051 3059 4113 acceperunt,
3092 4054 3149 4099 et
3180 4051 3554 4113 cognoverunt

1972 4151 2098 4192 vere
2126 4134 2251 4205 quia
2277 4148 2309 4190 a
2337 4143 2391 4190 te
2411 4134 2582 4202 exivi,
2603 4142 2660 4190 et
2694 4133 3043 4190 erediderunt
3071 4133 3199 4203 qnia
3242 4145 3295 4187 ιιι
3330 4147 3417 4186 ine
3450 4133 3553 4184 nii·

1971 4229 2089 4284 sisti
2112 4229 2183 4283 ⁹¹.
2223 4246 2243 4282 ι
2302 4227 2450 4285 Dixit
2486 4241 2706 4298 quoque
2764 4225 2941 4282 Lttcas
2988 4225 3044 4281 in
3096 4229 3329 4281 Actnntn
3379 4223 3550 4285 libro.

1969 4320 2118 4376 velut
2144 4335 2211 4377 ex
2241 4333 2474 4392 persona
2497 4317 2647 4376 Petri
2676 4335 2693 4375 ε
2726 4336 2747 4371 ι
2770 4317 3087 4377 Certissinte
3112 4318 3252 4373 sciat
3278 4331 3409 4386 ergo
3429 4330 3551 4368 outt-

1972 4411 2061 4467 nis
2088 4411 2279 4466 domus
2320 4409 2509 4476 lsrael,
2542 4409 2669 4480 quia
2699 4418 2756 4465 et
2789 4408 3079 4464 Dominum
3110 4422 3236 4462 eum
3257 4446 3273 4475 ‚
3304 4413 3359 4462 et
3394 4404 3553 4461 Citri-

270 4499 489 4572 Kt'eptov
513 4499 676 4554 αὐτὸν
703 4501 799 4554 καὶ
830 4498 1067 4569 Χριστὸν
1090 4499 1350 4571 ἐποίησεν
1367 4502 1407 4555 ό
1435 4498 1588 4564 Θεός.
1612 4519 1632 4555 ι
1666 4501 1864 4574 Συνίης
1896 4491 1942 4546 D
1970 4514 2113 4559 stum
2143 4502 2276 4558 lecit
2295 4502 2439 4557 Deus
2461 4500 2530 4556 ⁸⁸.
2588 4518 2608 4554 ι
2646 4500 2907 4574 intelligis
2933 4517 3065 4574 ergo
3095 4499 3311 4556 Patrem
3352 4496 3555 4565 ubique

266 4587 404 4655 οὖν,
431 4590 515 4645 ὅτι
551 4591 798 4663 πανταχῆ
828 4589 1014 4645 δίδωσι
1058 4590 1159 4663 μὲν
1186 4593 1216 4647 ὁ
1243 4590 1436 4667 Πατὴρ
1480 4592 1643 4660 δόξαν
1671 4611 1732 4648 τε
1766 4595 1866 4651 καὶ

268 4684 583 4756 κυριότητα
619 4685 698 4756 τῷ
727 4684 842 4757 Υἱῷ
865 4724 880 4748 ,
911 4685 1130 4756 δέχεται
1173 4685 1231 4740 δὲ
1276 4685 1373 4740 καὶ
1420 4686 1568 4758 μάλα
1614 4688 1868 4761 ἀσμένως

264 4779 302 4832 ὁ
324 4775 494 4845 Υιόςς
524 4776 667 4839 Ἀλλ’
697 4779 746 4830 εἰ
773 4778 1004 4831 τοιοῖσδέ
1035 4795 1147 4832 τισι
1180 4778 1514 4837 καταπαίειν
1545 4779 1693 4851 ἡμᾶς
1725 4783 1866 4837 ἀπο-

265 4866 525 4938 τολμῷεν
554 4867 752 4936 λόγοις,
787 4868 1173 4941 προσείροντές
1204 4885 1311 4922 που
1337 4869 1434 4922 καὶ
1465 4868 1652 4942 ἔτερα,
1683 4871 1768 4936 τίς
1795 4871 1862 4929 ἂν

264 4960 492 5032 γένοιτο
530 4959 828 5032 διεκδρομὴ
876 4960 972 5015 καὶ
1004 4962 1297 5030 ἀπόνευσις
1335 4959 1432 5021 τοῦ
1461 4960 1656 5029 κακοῦ,
1683 4966 1866 5034 τοῖσγε

264 5055 354 5120 ὡς
383 5051 580 5124 ἄριστα
603 5056 821 5125 φρονεῖν
843 5052 1179 5128 ῄρημένοιςς

346 5144 417 5200 Α.
465 5162 485 5198 ι
530 5143 590 5198 ⁰0
621 5144 801 5216 πραῢς
844 5145 986 5197 ἔστω
1032 5143 1322 5218 μαχητὴς,
1360 5161 1381 5198 ι
1419 5143 1566 5217 ἱερὸς
1594 5143 1689 5200 καὶ
1717 5143 1860 5209 θειος

272 5242 415 5312 ἡμῖν
442 5239 844 5310 ὐποπεφώνηκε
876 5238 1054 5309 λόγος.
1083 5242 1205 5295 Δεῖν
1233 5239 1292 5293 δὲ
1332 5241 1508 5311 ἔγωγέ
1535 5258 1700 5314 φημι,
1743 5244 1862 5307 ταῖς

267 5331 391 5387 τῶν
429 5333 689 5388 ὲναντίων
718 5331 1104 5405 ἀντιφέρεσθαι
1135 5331 1339 5400 δόξαις,
1371 5334 1858 5406 κατορρωδοῦντας

266 5423 454 5480 οὐδέν.
492 5423 625 5490 Θεὸς
654 5425 765 5498 γὰρ
793 5425 823 5479 ὸ
860 5423 1099 5496 ἐνεργῶν
1130 5423 1190 5478 ιν
1219 5424 1381 5495 ἡμῖν,
1429 5423 1526 5478 καὶ
1570 5425 1725 5498 ῥῆμα
1760 5427 1863 5498 μὲν

268 5513 549 5587 γλώτταις
578 5517 770 5585 iuzif,
808 5516 1130 5573 ἀπευθύνων
1160 5515 1220 5571 δὲ
1264 5514 1403 5587 πρὸς
1445 5516 1508 5570 τὸ
1554 5516 1863 5590 ἀκιδδηλως

267 5609 435 5682 δχον,
483 5607 594 5663 τῶν
625 5607 996 5664 εὐσεὸούντων
1024 5609 1115 5664 τὸν
1146 5605 1304 5663 νοῦν·
1352 5606 1414 5662 τὸ
1440 5607 1498 5664 δὲ
1529 5609 1595 5683 δὴ
1631 5610 1733 5682 τῆς
1771 5611 1861 5666 εὐ·

350 5768 399 5808 ¹⁸
430 5767 586 5833 loan-
622 5786 732 5840 xiv,
777 5769 862 5828 ¹8.
936 5770 982 5805 ”
1010 5768 1165 5829 loan.
1190 5784 1329 5842 xvtt,
1354 5769 1467 5830 t-8.
1544 5769 1590 5806 ’⁸
1615 5771 1737 5837 Act.
1772 5787 1833 5844 ιι,
1865 5771 1955 5829 36.
2031 5772 2075 5806 ”
2105 5770 2217 5831 loel
2249 5787 2334 5842 ιιι,
2371 5773 2459 5835 tt.

1964 4591 2098 4647 dare
2125 4589 2353 4660 gloriam
2382 4598 2438 4643 et
2486 4588 2911 4646 dominationem
2940 4590 3098 4656 Filio,
3123 4600 3178 4645 ct
3209 4604 3332 4644 eam
3355 4586 3549 4640 Filium

1968 4681 2154 4753 utique
2184 4680 2418 4736 libenter
2464 4679 2758 4750 accipere?
2789 4681 2862 4737 At
2901 4682 2948 4737 si
2989 4681 3295 4737 istiusmodi
3336 4695 3549 4734 serum-

1968 4775 2128 4830 nibus
2172 4785 2362 4845 petere
2394 4789 2493 4831 nos
2550 4773 2821 4838 audeant,
2862 4773 3066 4830 additis
3109 4789 3326 4842 qnoque
3365 4774 3550 4826 int-san

1969 4867 2116 4934 aliis,
2165 4883 2275 4938 quo
2305 4878 2465 4938 pacto
2493 4877 2642 4925 recto
2665 4868 2953 4926 sentiendo
2972 4906 2989 4934 ,
3024 4868 3225 4922 malunt
3256 4868 3547 4921 vitabimus

1970 4972 2037 5014 ac
2066 4958 2510 5015 declinabimus?

2041 5156 2108 5210 A.
2154 5172 2172 5206 ι
2198 5153 2505 5210 Πιιιιειιειιιε
2520 5155 2589 5210 sit
2609 5153 2836 5211 bellator
2856 5155 2923 5220 ⁹⁸,
2953 5176 2973 5209 ι
2994 5170 3164 5211 sacrm
3197 5156 3352 5210 uoltis
3380 5161 3434 5207 ει
3463 5150 3544 5205 di·

1968 5247 2108 5303 vium
2137 5244 2357 5301 Littera
2378 5248 2687 5303 succinunt.
2709 5246 2819 5318 Ego
2851 5263 2982 5304 vero
3010 5248 3271 5303 audacter
3288 5245 3543 5299 resisten-

1965 5341 2093 5394 dutn
2144 5353 2267 5395 esse
2318 5340 2442 5395 dico
2493 5339 2933 5396 adversariorum
2978 5337 3339 5408 opinionibus.
3401 5337 3544 5392 Deus

1963 5430 2109 5486 enim
2155 5439 2240 5485 est
2288 5429 2382 5498 qni
2416 5438 2677 5500 operatur
2721 5428 2776 5485 in
2830 5427 3009 5493 nobis.
3036 5437 3088 5483 et
3132 5426 3297 5483 verba
3345 5426 3543 5497 linguis

1965 5523 2170 5577 nostrls
2198 5521 2361 5587 indit,
2391 5531 2447 5578 et
2470 5521 2538 5578 sd
2566 5530 2774 5578 rectum
2807 5535 3025 5577 sensum
3060 5519 3271 5592 piorum
3305 5530 3546 5574 mentem

1966 5611 2169 5684 dirigit.
2192 5610 2462 5668 Caeterunt
2499 5613 2641 5685 qnod
2669 5628 2764 5670 cos
2798 5611 2963 5685 adigit
3006 5624 3065 5668 ut
3102 5627 3131 5669 a
3170 5622 3316 5669 recto
3350 5612 3546 5675 itincre

3547 5660 3809 5913 s
