3809 6125
109 288 247 345 ¹409

1029 283 1319 343 senous
1359 284 1447 340 nt:
1485 282 1998 341 thARNATtoxE
2038 285 2414 347 UNtGENtl't.

3230 282 3371 341 uto

103 406 200 460 tim
228 403 516 460 credamus
544 402 942 460 illuminatione
972 400 1210 474 Spiritus
1239 402 1412 458 sancti
1444 403 1686 471 patuisse
1714 413 1759 462 A
1788 404 2047 472 patiente,
2081 420 2148 462 eo
2195 407 2337 477 quod
2361 421 2563 477 corpus
2616 406 2785 478 ipsius
2822 404 3003 460 fnisse
3032 402 3231 458 dicitur
3249 419 3371 474 pro·

101 499 308 553 sanctis
334 497 586 554 Patribus
607 497 889 553 scientiam
912 495 1180 551 veritatis.
1203 497 1275 551 At
1296 496 1393 559 illi,
1427 505 1685 565 tanquam

101 591 145 644 si
182 589 281 645 soli
316 589 524 659 possint
556 587 778 643 meliora
827 588 1055 652 sentire,
1115 602 1221 641 non
1262 588 1439 655 ipsum
1495 587 1688 642 existi·

103 690 274 745 mant,
305 681 638 750 unigenitum
679 678 772 734 Dei
804 678 1023 741 Filium,
1050 678 1143 748 qui
1168 686 1254 733 est
1280 694 1345 733 ex
1382 678 1685 734 substantia

104 772 248 839 ejus,
311 774 476 826 Deum
525 770 762 826 Verbum
819 784 1037 840 passum
1068 784 1190 824 esse
1233 784 1331 824 sua
1361 784 1531 824 carne
1585 784 1685 839 pro

102 865 258 917 nohis
292 863 549 925 humane,
574 860 703 917 licet
725 875 790 916 eo
808 862 949 931 quod
977 860 1120 916 Deus
1145 860 1484 933 intelligitur,
1507 861 1561 915 iu
1587 875 1685 916 sua

103 966 300 1009 natura
334 954 549 1018 haheat,
583 962 642 1006 ut
672 955 781 1021 pati
823 967 928 1007 non
958 954 1126 1022 possit
1158 970 1174 1021 3
1205 952 1478 1009 hominem
1500 962 1682 1011 autem

84 1061 328 1114 „seorsus
357 1055 412 1099 et
437 1046 727 1113 separatim
751 1059 874 1099 eum
915 1056 1199 1113 ponentes,
1229 1048 1322 1117 qui
1365 1057 1450 1103 est
1474 1061 1541 1103 ex
1567 1061 1690 1102 sau·

103 1149 193 1192 cta
234 1135 450 1207 Virgine
496 1143 832 1205 procreatus.
892 1132 1098 1189 Deinde
1138 1134 1213 1200 ei,
1261 1145 1522 1202 nutantum
1556 1136 1688 1205 ipsis

108 1232 344 1294 videtur,
368 1229 583 1282 modum
617 1227 803 1298 gloriae
828 1226 1150 1291 tribuentes,
1201 1228 1493 1282 adunatum
1521 1226 1688 1283 fuisse

105 1320 292 1375 dicunt
317 1315 500 1373 Verbo
533 1317 624 1371 Dei
656 1314 831 1371 Patris
866 1330 881 1380 3
933 1322 989 1367 et
1030 1312 1292 1368 rationem
1343 1312 1689 1368 adunationis

104 1420 465 1480 exponentes,
498 1408 754 1464 donatam
778 1419 903 1461 esse
947 1405 1048 1474 ipsi
1093 1405 1278 1459 dicunt
1301 1418 1334 1458 a
1363 1402 1473 1458 Deo
1503 1417 1690 1474 tequa-

106 1503 320 1559 litatem
365 1500 672 1572 diguitatiS,
727 1498 844 1553 sive
897 1496 1260 1561 auctoritatis,
1314 1506 1372 1551 et
1415 1505 1474 1551 ut
1522 1495 1688 1551 simili

107 1590 492 1661 appellatione,
522 1598 579 1643 et
605 1588 880 1655 Christus,
921 1596 974 1641 et
1016 1584 1189 1641 Filius
1233 1586 1461 1649 dicatur,
1491 1596 1548 1641 et
1577 1583 1686 1641 Do·

106 1685 311 1740 minus.
365 1681 460 1737 Sin
488 1695 619 1736 vero
655 1679 818 1735 etiam
863 1692 1056 1749 passus
1075 1692 1197 1734 esse
1222 1676 1423 1747 aliquid
1473 1676 1687 1733 dicatur

1791 494 1968 563 prium
2002 511 2020 562 3
2056 504 2237 551 manet
2262 512 2407 554 vero
2427 498 2543 567 ipse
2572 496 2934 567 impassibilis,
2952 510 3017 549 eo
3042 494 3182 564 quod
3206 494 3374 564 ipsius

1788 594 1876 641 est
1904 587 2182 657 proprium
2206 596 2262 642 ut
2295 587 2406 656 pati
2440 604 2547 641 nou
2583 588 2771 658 possit.

1860 676 2015 744 Quod
2038 679 2083 733 si
2104 678 2343 748 glorilica
2359 688 2446 734 tus
2470 689 2554 734 est
2575 676 2891 733 Emmanuel
2916 692 3011 747 per
3041 674 3369 745 passionem,

1791 775 1850 821 ut
1902 768 2019 837 ipse
2072 767 2228 831 dixit,
2288 784 2412 824 cum
2466 784 2563 838 pro
2617 770 2773 824 nobis
2825 769 3123 839 pretiosam
3154 781 3369 820 crucem

1787 866 1933 913 esset
1964 873 2221 927 passurus
2251 871 2269 913 t
2295 876 2316 911 t
2347 856 2503 914 Nunc
2550 859 2883 929 glorificatus
2937 868 3022 913 est
3072 856 3242 911 Filius
3274 855 3370 909 ho-

1790 947 1956 1004 minis
1987 948 2035 982 ⁸⁸
2076 966 2093 1016 3
2130 967 2150 1001 ι
2171 964 2291 1016 cur,
2318 952 2585 1019 passionis
2607 950 2836 1021 gloriam
2873 950 3075 1005 homini
3124 949 3370 1004 tribuen-

1793 1047 1873 1096 tes
1907 1040 2075 1095 solam
2105 1042 2322 1097 babenti
2355 1042 2792 1110 conjunctionem
2825 1058 2947 1096 cnm
2975 1057 3039 1096 eo
3077 1041 3129 1096 iu
3183 1054 3367 1110 aequa·

1789 1133 1943 1188 litate
1994 1135 2293 1206 dignitatis,
2342 1150 2449 1190 non
2492 1132 3036 1200 erubescunt‘2Nam,
3076 1134 3219 1189 sicut
3265 1132 3368 1202 ipsi

1790 1226 2128 1291 existimant,
2184 1227 2465 1297 coniunxit
2518 1227 2624 1283 sibi
2687 1227 2983 1283 secuudum
3039 1223 3370 1280 voluntatem

1789 1312 1965 1369 Patris
1986 1324 2044 1371 et
2062 1316 2442 1387 complacitum
2475 1319 2605 1373 hom
2618 1318 2761 1373 inem
2796 1317 3135 1388 simpliciter,
3161 1326 3216 1372 et
3247 1332 3369 1372 eum

1791 1418 1907 1459 suae
1962 1406 2146 1476 glorias
2197 1422 2381 1476 parem
2443 1407 2641 1473 effecit,
2686 1418 2743 1463 et
2782 1409 3074 1473 concessit,
3118 1417 3176 1462 ut
3206 1407 3372 1463 simili

1789 1496 2159 1566 appellatione
2184 1498 2454 1564 Christus,
2484 1509 2540 1557 et
2560 1498 2752 1566 Filius,
2784 1510 2836 1555 ει
2875 1499 3019 1555 Deus
3062 1503 3374 1555 nominatus

1791 1587 1884 1651 sit,
1909 1598 1963 1643 et
1993 1588 2275 1646 Dominus.

1862 1678 2005 1751 Ergo
2056 1696 2232 1751 neque
2269 1683 2610 1738 incarnatum
2661 1692 2745 1738 est
2790 1696 2920 1737 vere
2965 1681 3223 1745 Verbum,
3270 1693 3373 1735 nec

113 1776 304 1840 homo,
335 1775 425 1844 qni
465 1772 534 1828 ab
576 1772 710 1843 ipsis
743 1771 1106 1839 excogitatur,
1145 1778 1399 1840 oportere
1442 1768 1594 1823 aiunt
1627 1767 1683 1823 in
1718 1748 1762 1804 B
1789 1786 2013 1840 prorsus
2058 1775 2219 1828 homo
2255 1783 2343 1828 est
2394 1775 2615 1830 sactum.
2650 1775 2736 1829 An
2792 1773 2956 1838 torte,
3009 1773 3173 1828 etiam
3207 1770 3373 1827 lalsos

107 1868 286 1939 ipsum
312 1861 478 1921 Deuni
525 1863 758 1919 Verbum
810 1861 1029 1929 referri,
1068 1876 1136 1917 eo
1163 1859 1307 1931 quod
1335 1858 1683 1928 continuetum

108 1960 186 2015 sit
216 1958 316 2028 ipsi
349 1954 657 2026 aequalitate
686 1951 992 2024 diguitatiS,
1051 1968 1196 2019 cum,
1234 1949 1444 2006 naturis
1473 1949 1683 2016 divisis,

109 2047 485 2117 unusquisque
515 2046 567 2101 id
600 2046 692 2113 sit,
723 2044 864 2115 quod
890 2052 995 2099 est.

208 2139 522 2210 Explauabo
566 2148 744 2193 autem
801 2136 910 2190 vim
959 2134 1386 2200 sententiarum,
1424 2143 1684 2204 quantum

108 2233 232 2305 ipse
270 2230 512 2294 valuero,
569 2242 850 2285 sacrarum
888 2225 1213 2281 Litterarum
1267 2226 1514 2296 exempla
1560 2239 1688 2295 pro-

109 2336 340 2396 ponens.
367 2319 573 2376 sssuriit
593 2318 866 2381 ChristuS‚
909 2317 1105 2372 itinere
1141 2315 1398 2388 fatigatus
1421 2324 1528 2382 est,
1559 2315 1689 2373 dor-

117 2414 299 2479 mivit,
332 2414 614 2483 ingressus
649 2419 732 2465 est
783 2410 837 2464 in
884 2409 1208 2473 naviculam,
1243 2407 1488 2477 pulsatus
1535 2416 1621 2463 est
1659 2421 1690 2462 a

111 2506 382 2562 ministris
425 2502 767 2566 verberibus,
799 2514 829 2553 a
869 2500 1043 2555 Pilato
1093 2499 1393 2567 flagellatus
1421 2506 1526 2561 est,
1556 2510 1690 2567 spn-

114 2600 319 2653 tamina
349 2596 578 2651 militum
611 2593 849 2662 excepit,
874 2592 965 2662 qui
994 2591 1179 2646 lancea
1204 2590 1347 2646 latus
1371 2596 1691 2658 pungentes,

1783 1866 2181 1935 mendacesque
2204 1867 2386 1922 dicere
2427 1868 2680 1925 doctores
2710 1880 2931 1925 sanctos
2968 1867 3153 1923 uumdi
3184 1867 3368 1927 totius.

1786 1956 1992 2011 nullum
2044 1957 2220 2025 pariat
2271 1958 2831 2016 detrimentumiAut
2879 1960 3046 2031 799
3102 1962 3247 2015 euim
3287 1958 3371 2012 di-

1784 2057 1933 2111 cant,
1960 2048 2072 2103 imo
2108 2048 2280 2119 magis
2320 2051 2618 2119 procedant
2668 2052 2724 2105 in
2777 2052 3013 2106 medium
3067 2048 3369 2118 probaturi,

1785 2139 1931 2209 quod
1956 2140 2047 2210 qui
2093 2140 2491 2209 conjunctionis
2523 2143 2593 2198 ab
2640 2142 2775 2213 ipsis
2816 2140 3096 2196 inducitur
3149 2140 3371 2202 tuoduS,

1787 2232 2180 2288 incarnationis
2222 2234 2417 2289 habeat
2466 2236 2610 2298 vim,
2643 2244 2695 2289 et
2727 2233 2779 2287 id
2835 2234 2925 2298 sit,
2964 2230 3202 2285 Verbum
3250 2242 3371 2284 esse

1788 2322 2064 2378 hominem
2098 2322 2321 2380 factum.
2358 2326 2461 2379 Aut
2503 2325 2549 2379 si
2579 2339 2643 2379 ea
2676 2338 2783 2378 non
2821 2322 2898 2378 ita
2933 2322 3136 2377 habere
3180 2319 3370 2375 existi·

1791 2423 1961 2481 mant,
2005 2429 2178 2483 quare
2220 2413 2618 2484 conjunctionis
2653 2414 2809 2469 nobis
2853 2412 3220 2479 inconjunctae
3248 2423 3367 2463 mo-

1791 2506 1919 2559 dum
1953 2506 2289 2574 excogitant,
2321 2506 2549 2561 veritate
2581 2505 2824 2575 neglecta
2854 2504 3024 2559 icum
3059 2503 3250 2572 deceat
3282 2514 3377 2554 eos

1792 2598 1976 2652 dicere
2057 2598 2378 2652 humanitati
2439 2608 2638 2653 uostrae
2692 2597 2989 2650 adunatum
3048 2592 3214 2648 fuisse
3283 2590 3374 2646 Dei

116 2698 329 2745 acetum
363 2689 578 2742 mistum
608 2685 728 2741 selle
772 2684 855 2739 ori
908 2684 1024 2754 ejus
1074 2683 1422 2748 obtuleruut3
1457 2681 1695 2752 gustavit
1796 2686 2035 2742 verbum
2064 2696 2120 2743 οι
2144 2687 2366 2744 Pau-132
2398 2689 2470 2743 ῆι.
2512 2688 2657 2743 euim
2698 2700 2867 2742 ρει-ηρ
2902 2685 3119 2755 quidem
3153 2681 3375 2754 propria

121 2792 304 2834 'meu'
345 2789 674 2842 01¹¹¹⁰Ne¹¹10
709 2790 924 2832 crucem
971 2789 1182 2843 passus,
1217 2784 1273 2828 8⁸
1305 2772 1410 2828 ²¹¹²
1449 2771 1694 2828 convicia
1796 2777 2122 2847 intelligatur
2162 2794 2355 2848 passus
2381 2778 2639 2833 humana.
2670 2776 2945 2845 Quantum
2975 2790 3105 2830 vero
3137 2774 3374 2844 pertinet

116 2869 448 2928 ludaeorum.
486 2868 611 2924 llaec
657 2866 842 2923 onmiia
890 2865 1094 2922 homini
1139 2865 1356 2932 quidem
1402 2864 1698 2934 contigisse
1797 2870 1867 2924 ad
1901 2869 2201 2925 divinitatis
2244 2880 2517 2936 naturam,
2553 2868 2819 2925 molestias
2850 2868 3027 2925 omnis
3069 2879 3286 2936 expers,
3318 2874 3379 2920 ut

120 2969 573 3022 commemorant,
613 2956 802 3012 referri
830 2971 960 3011 vero
1000 2955 1051 3008 iu
1075 2953 1199 3010 Filii
1237 2955 1349 3009 veri
1386 2968 1695 3023 personam.
1802 2960 1970 3018 Deus,

120 3055 313 3109 Atnos
369 3050 664 3110 credimus,
725 3048 866 3102 sicut
915 3047 969 3100 in
1024 3063 1188 3100 unum
1233 3044 1396 3101 Deum
1459 3045 1695 3109 Patrem,
1725 3079 1770 3140 c
1873 3053 2027 3122 Quod
2066 3068 2195 3110 vero
2240 3052 2555 3109 relationem
2618 3051 2981 3117 nominantes,
3025 3065 3150 3122 quae
3189 3050 3377 3110 neseio

123 3143 573 3209 oinuipoteuteut,
618 3137 859 3188 omnium
919 3133 1212 3186 visibilium
1269 3145 1323 3186 et
1348 3134 1700 3187 invisibilium

128 3227 541 3292 lactorem3ita
608 3225 773 3280 etiam
837 3223 891 3278 in
948 3237 1113 3276 unum
1172 3221 1454 3275 Dominum
1513 3219 1703 3276 lesum

128 3322 425 3386 Christum,
486 3315 678 3372 Filium
727 3317 865 3383 elus.
921 3313 1174 3368 Dividere
1220 3326 1351 3367 vero
1398 3326 1618 3369 seorsus
1647 3314 1702 3367 in

131 3415 403 3471 homiuem
441 3407 778 3473 Emmanuel,
832 3415 887 3463 ει
918 3420 1138 3461 seorsus
1183 3404 1235 3460 iu
1266 3402 1528 3470 Verbum,
1550 3418 1707 3459 recu·

130 3520 332 3562 samus.
361 3503 609 3559 Scieutes
657 3508 836 3553 autem
877 3499 1020 3565 quod
1077 3495 1276 3550 sactum
1306 3491 1376 3546 sit
1403 3490 1558 3561 juxta
1606 3504 1705 3545 nos

134 3598 370 3653 Vei-bum
432 3597 614 3659 homo,
669 3605 796 3648 vere
844 3590 1020 3659 ipsum
1063 3589 1420 3655 eumdemque
1475 3583 1706 3639 dicimus

132 3693 301 3747 Deum
340 3691 407 3743 de
435 3688 547 3743 Deo
579 3701 594 3751 3
626 3686 860 3740 humane
909 3695 1038 3737 vero
1087 3678 1358 3735 bominem
1400 3676 1554 3746 juxta
1607 3690 1706 3731 nos

130 3798 199 3838 ex
227 3780 474 3834 muliere.
512 3776 859 3831 Allirmamus
886 3783 1064 3828 autem
1100 3785 1261 3842 porro
1292 3779 1511 3840 propter
1544 3767 1707 3822 sami-

136 3875 451 3938 liaritatem,
503 3868 686 3926 caruis
734 3867 948 3936 quidem
1003 3878 1125 3918 eum
1164 3862 1505 3917 infirmitates
1541 3859 1708 3916 fuisse

136 3975 450 4032 perpessum
484 3976 500 4025 3
526 3971 773 4013 servasse
795 3970 924 4011 vcro
952 3964 1160 4009 naturae
1191 3968 1303 4008 suae
1357 3951 1728 4021 impassibili-,

139 4064 325 4116 tatem,
369 4067 434 4104 eo
479 4050 623 4119 quud
678 4065 784 4103 nou
839 4047 999 4102 homo
1030 4054 1152 4101 erat
1198 4044 1394 4112 solum,
1441 4045 1534 4099 sed
1566 4043 1706 4097 idem

138 4143 300 4197 ctiam
345 4141 487 4194 Deus
545 4148 735 4194 natura
771 4155 786 4205 3
818 4146 873 4192 et
921 4134 1372 4206 quetnadmudum
1430 4132 1705 4202 proprium

136 4242 257 4287 erat
288 4246 484 4301 corpus
524 4230 725 4300 ipsius,
755 4229 827 4281 ita
854 4229 1017 4282 etiam
1050 4225 1325 4280 naturales
1372 4223 1616 4292 corporis
1654 4230 1709 4278 et

142 4323 490 4391 inculpabiles
513 4321 816 4391 passiones,
851 4303 1060 4372 necnon
1082 4314 1248 4370 ctiam
1267 4331 1330 4370 ea
1353 4331 1474 4386 quae
1493 4315 1542 4371 ei
1562 4314 1708 4369 illata

137 4421 289 4476 sunt,
328 4411 620 4481 petulantia
653 4407 1055 4465 nonnullorum.

209 4504 520 4560 Patiebatur
552 4513 730 4558 autem
758 4501 1181 4573 impassibiliter,
1217 4500 1344 4570 quia
1371 4515 1476 4556 nou
1506 4501 1709 4560 idcirco

148 4612 212 4656 se
247 4595 569 4658 humiliavit,
601 4602 660 4648 ut
690 4603 835 4649 esset
878 4602 1084 4649 tantum
1126 4595 1320 4652 similis
1351 4599 1523 4653 nostri
1558 4616 1573 4665 3
1611 4599 1708 4656 sed

140 4691 293 4760 quia,
342 4698 399 4742 ut
425 4699 550 4741 aute
580 4688 714 4749 dixi,
745 4686 799 4740 id
836 4697 1044 4743 naturae
1076 4705 1207 4753 suae,
1248 4692 1324 4744 uti
1350 4691 1421 4745 sit
1461 4693 1712 4750 omnihus

142 4780 417 4848 superior,
463 4789 786 4833 reservarat.
843 4779 912 4833 At
969 4780 1015 4834 si
1074 4781 1400 4847 diceremus,
1442 4782 1583 4850 quod
1611 4795 1710 4851 per

142 4871 554 4927 couversionem
612 4867 697 4922 vel
748 4870 1224 4925 commutationem
1272 4880 1477 4926 naturae
1521 4874 1712 4927 suaein

144 4974 398 5020 naturam
461 4964 735 5019 transierit
778 4966 978 5030 caruis,
1023 4977 1246 5018 necesse
1295 4973 1414 5017 erat
1463 4963 1714 5019 omuibus

144 5055 320 5109 modis
352 5067 471 5117 nos,
506 5055 706 5109 invitos
744 5056 932 5118 etiam,
970 5053 1240 5126 confiteri,
1286 5068 1540 5107 arcanam
1573 5054 1714 5108 divi-

147 5161 380 5215 namque
408 5157 656 5200 naturam
686 5146 850 5201 luisse
871 5144 1197 5216 passibilem.
1232 5145 1327 5198 Sin
1352 5155 1555 5210 autem,
1591 5144 1714 5201 licet

137 5238 294 5308 juxta
329 5254 426 5294 uos
459 5240 617 5292 homo
650 5239 720 5292 sit
755 5235 947 5300 iactus,
979 5237 1239 5292 manserit
1269 5237 1714 5302 incommutatus,

142 5337 230 5388 est
292 5332 435 5384 enim
494 5330 768 5400 proprium
820 5329 1026 5384 coelesti
1071 5338 1297 5395 naturae,
1352 5340 1412 5384 ut
1451 5333 1562 5399 pati
1606 5346 1713 5386 non

143 5423 317 5495 possit
347 5439 364 5488 3
393 5422 587 5479 deiude
610 5438 706 5493 per
730 5422 1110 5477 adumutionem
1140 5421 1308 5492 ipsius
1323 5420 1521 5478 lactum
1553 5423 1718 5477 fucrit

145 5528 345 5583 corpus
401 5513 656 5583 passibile
705 5531 719 5568 ε
777 5520 990 5584 oportet
1041 5523 1096 5568 ut
1156 5514 1411 5582 patiatur,
1486 5529 1714 5583 corpore

223 5689 268 5723 ⁸⁶
299 5688 456 5746 ioan.
490 5703 635 5757 xxxi,
678 5689 764 5744 3¹.

1805 3146 2080 3217 quomodo
2126 3147 2196 3202 ab
2267 3145 2400 3215 ipsis
2457 3153 2669 3214 reperta
2725 3154 2829 3209 est,
2861 3143 3046 3210 gloriae
3096 3142 3382 3201 detrahant

1806 3236 2216 3298 Emmanuelis:
2248 3235 2497 3305 quodque
2534 3249 2658 3289 eum
2709 3234 2799 3288 vix
2851 3248 3017 3287 uuum
3069 3240 3379 3288 sanctorum

1805 3327 2042 3383 efficiant
2102 3329 2533 3397 prophetarum3
2586 3336 2641 3380 ει
2694 3328 2836 3396 quod
2899 3327 3042 3380 iuter
3100 3340 3382 3381 mensuras

1804 3419 2141 3472 constituant
2196 3417 2573 3487 plurimorum,
2628 3419 2681 3472 in
2733 3432 2907 3488 eoque
2979 3417 3167 3486 procul
3216 3417 3381 3472 dubio

1806 3509 2110 3578 capiantur,
2140 3509 2380 3578 probabo
2414 3521 2597 3576 porro,
2625 3506 2822 3563 divinas
2852 3505 3149 3577 Scripturas
3175 3521 3382 3576 puueus

1807 3599 2076 3667 exempla.

1879 3689 2251 3744 Murmurahat
2278 3689 2569 3759 aliquando
2606 3688 2661 3743 in
2689 3687 2902 3744 deserto
2925 3689 3190 3744 adversus
3236 3687 3384 3760 bloy-

1806 3791 1981 3837 senet
2027 3782 2207 3836 Aaron
2257 3781 2483 3851 populus
2535 3778 2725 3843 lsrael,
2779 3779 3015 3834 dieenst
3070 3796 3091 3831 t
3162 3778 3379 3835 Utinam

1809 3874 2007 3930 mortui
2061 3888 2329 3936 essemus,
2386 3873 2629 3941 percussi
2661 3887 2689 3925 a
2736 3870 2966 3925 Domino
3019 3870 3072 3925 in
3126 3869 3381 3943 AEgypto,

1808 3977 1932 4018 cum
1977 3963 2300 4018 sedebamus
2354 3960 2422 4015 ad
2475 3961 2611 4016 ollas
2675 3960 2943 4028 carnium,
2994 3970 3050 4015 et
3094 3963 3383 4016 edebamus

1811 4067 1982 4122 usque
2002 4053 2068 4105 ad
2098 4053 2403 4107 sutietatem
2429 4052 2496 4106 ”.
2529 4071 2548 4104 ι
2572 4052 2711 4106 Dicit
2731 4051 2926 4107 deinde
2951 4052 3383 4122 sapientissimus

1808 4142 2023 4214 Moyses
2071 4142 2213 4214 (erat
2252 4142 2398 4199 euim
2435 4156 2775 4212 consequens
2815 4151 2922 4197 tam
2959 4151 3164 4198 temere
3211 4145 3384 4215 impa-

1812 4233 2006 4288 tientes
2030 4234 2330 4304 coulutare)
2356 4252 2369 4289 ε
2402 4252 2421 4285 ι
2454 4233 2564 4289 Nos
2588 4242 2766 4288 autem
2798 4234 2927 4303 quid
2953 4250 3138 4291 sumus
3156 4233 3384 4305 iNeque

1809 4323 1956 4377 euim
1987 4323 2246 4379 adversus
2273 4339 2373 4380 nos
2407 4336 2490 4382 est
2525 4329 2881 4382 murmuratio
2912 4337 3114 4396 vestra,
3147 4331 3241 4385 sed
3279 4331 3381 4385 ad-

1743 4407 1789 4464 D
1812 4429 2004 4471 versus
2043 4415 2209 4470 Deum
2236 4417 2303 4471 ⁸⁸.
2342 4435 2361 4468 ι
2389 4415 2671 4487 Regnabat
2697 4419 2839 4473 euim
2882 4434 2981 4490 per
3016 4420 3104 4475 illa
3144 4429 3380 4492 tempora

1814 4506 1978 4561 etiam
2021 4504 2161 4561 Deus
2190 4508 2554 4578 omnipotens,
2586 4524 2681 4580 per
2722 4520 2942 4567 sanctos
2986 4512 3295 4581 prophetas,
3329 4515 3383 4569 in

1816 4596 2010 4669 populo
2036 4595 2219 4651 lsrael.

1889 4688 1967 4743 llli
1997 4696 2177 4743 autem
2207 4687 2261 4743 iu
2303 4687 2404 4744 hoc
2434 4689 2597 4745 etiam
2640 4690 3030 4762 pusillanimes,
3056 4693 3385 4751 accedebant

1816 4780 1886 4837 ad
1907 4779 2147 4835 divinum
2192 4780 2440 4848 Samuel,
2492 4782 2729 4838 diceutes
2768 4799 2783 4838 ε
2824 4802 2843 4836 ι
2881 4783 3021 4840 Ecce
3052 4796 3106 4840 tu
3134 4787 3381 4852 senuisti,

1817 4886 1873 4931 et
1916 4875 2009 4929 tilii
2045 4875 2117 4930 tui
2142 4890 2247 4931 nou
2275 4874 2549 4930 ambulant
2579 4876 2630 4930 in
2657 4877 2757 4932 viis
2784 4877 2909 4942 tuis,
2938 4888 2993 4933 et
3016 4893 3159 4933 nunc
3183 4879 3387 4934 cousti-

1818 4974 1911 5023 tue
1942 4982 2104 5037 super
2130 4982 2230 5022 nos
2267 4982 2470 5037 regem,
2508 4970 2597 5038 qui
2620 4969 2824 5038 judicet
2854 4985 2970 5036 nos,
3013 4971 3151 5025 sicut
3178 4980 3387 5026 caeterae

1823 5060 2021 5114 habent
2049 5067 2236 5129 gentcs
2265 5058 2332 5113 ⁸⁹.
2366 5078 2386 5113 t
2427 5059 2646 5116 Moleste
2678 5061 2728 5116 id
2751 5062 2964 5131 quidem
3004 5062 3162 5116 nimis
3182 5059 3385 5116 serebat

1823 5149 2109 5222 propheta.
2135 5149 2224 5204 Ait
2263 5159 2445 5206 autem
2480 5151 2619 5207 Deus
2647 5151 2988 5222 omnipotens
3019 5169 3034 5206 ε
3065 5170 3086 5205 t
3122 5151 3257 5206 Audi
3285 5166 3385 5205 vo·

1815 5258 1935 5298 cem
1968 5239 2168 5312 populi,
2223 5240 2366 5297 sicut
2418 5241 2630 5296 locutus
2658 5251 2742 5297 est
2773 5243 2836 5296 ad
2881 5252 2931 5296 te
2962 5258 2978 5308 3
3012 5241 3137 5312 quia
3174 5255 3277 5295 non
3331 5250 3384 5294 te

1814 5341 2159 5403 spreverunt,
2212 5331 2305 5386 sed
2358 5345 2443 5387 tue
2497 5343 2840 5403 spreverunt,
2907 5343 2964 5386 ut
3006 5347 3112 5387 non
3167 5345 3385 5403 regnem

1815 5439 1978 5494 supcr
1998 5436 2092 5478 eos
2112 5421 2182 5476 ⁸⁶.
2219 5440 2238 5473 ι

1890 5514 2033 5570 Dixit
2056 5522 2234 5567 autem
2276 5511 2470 5568 alicubi
2515 5513 2679 5569 etiam
2710 5515 2959 5572 Christus
3006 5516 3209 5572 sanetis
3253 5529 3384 5588 apo·

844 5688 888 5721 ⁸⁷
919 5687 1084 5743 Exod.
1123 5706 1229 5756 xvi,
1259 5690 1310 5743 5.
1386 5689 1431 5722 ⁸¹
1465 5688 1588 5745 ihid.
1619 5689 1671 5744 7.
1748 5690 1794 5721 ”
1834 5688 1852 5743 l
1897 5687 2029 5757 avg.
2058 5702 2174 5753 viu,
2207 5686 2261 5741 5.
2336 5688 2380 5720 ⁸⁰
2412 5686 2540 5743 ibid.
2577 5686 2628 5741 7.
