3809 6125
315 358 423 416 80³

1314 353 1373 408 S.
1414 350 1693 408 climat
1732 345 2206 405 ALEXANDRINI
2246 345 2570 402 ARcHtEP.

317 489 514 533 munus
561 471 714 527 alteri
765 470 948 537 dedit,
1001 470 1220 538 privans
1271 476 1578 526 creaturam
1631 482 1697 526 eo
1735 467 1878 538 quod
1909 470 1955 527 Α
1984 462 2223 534 προθεὶς,
2264 434 2339 524 ὡς
2375 459 2575 528 ἀγαθὸς
2616 453 2979 524 θαυμάζεται,
3025 442 3346 519 παρεχώρει
3379 442 3441 499 &t
3476 444 3574 517 δη-

315 560 810 632 iucomparabiliter
831 557 1142 613 antecellit?

261 762 275 795 '·-
381 760 446 815 B.
481 759 643 830 Atqui
682 772 787 813 non
835 771 1098 827 prorsuS,
1140 755 1425 826 inquiunt,
1470 764 1649 811 cessat
1676 755 1877 825 Pater3

313 867 417 905 una
440 850 583 905 enim
616 856 873 918 operatur
896 861 1017 902 cum
1047 844 1216 912 Filio,
1249 855 1304 903 et
1329 846 1490 901 simul
1517 861 1639 903 cum
1668 862 1735 904 eo
1771 861 1880 903 cae-

313 952 429 998 tera
463 941 772 998 constituit.

380 1073 447 1127 A.
469 1070 606 1140 Quid
635 1071 863 1146 porroiu
885 1068 1219 1140 ltocjuvatur
1235 1084 1265 1125 a
1287 1066 1424 1124 Filio
1443 1068 1470 1125 ἲ
1486 1070 1567 1125 An
1587 1071 1729 1138 quod
1756 1085 1885 1141 ope-

310 1162 522 1218 ratione
540 1160 700 1231 525
721 1174 815 1214 sua
835 1158 1014 1229 potior
1033 1158 1105 1214 sit
1120 1158 1363 1227 operatio
1381 1157 1526 1226 Filii,
1547 1160 1882 1230 proindeque

310 1253 518 1306 utiliter
541 1253 654 1307 suis
683 1251 915 1305 motibus
939 1258 1033 1304 aut
1062 1250 1371 1304 necessario
1395 1242 1751 1306 adhibeatur}
1786 1241 1881 1307 aut

309 1344 450 1412 quod
498 1343 674 1397 minor
710 1340 785 1396 sit
823 1355 886 1394 ac
927 1339 1198 1406 deterior,
1239 1354 1341 1394 nec
1373 1341 1681 1397 necessario
1720 1341 1877 1397 adhi-

308 1434 461 1490 bita?
497 1433 553 1489 Si
592 1432 733 1503 quod
774 1430 955 1502 potior
982 1430 1085 1495 sit,
1121 1429 1412 1485 et·utiliter
1434 1430 1699 1497 adhibita,
1728 1446 1881 1504 nugoe

308 1534 435 1580 sunt
473 1523 693 1587 isthaec,
735 1522 844 1578 imo
888 1521 1067 1593 potius
1100 1520 1457 1590 blasphemia.
1510 1522 1676 1580 Filius
1733 1526 1879 1582 enim

307 1617 494 1685 utique
527 1615 809 1687 superabit
835 1628 957 1669 eum
979 1630 1046 1670 ex
1072 1629 1179 1683 quo
1208 1615 1429 1686 prodiit,
1456 1624 1511 1671 et.
1539 1615 1633 1672 Dei
1667 1633 1731 1674 ac
1772 1618 1882 1674 Pa-

310 1708 412 1761 tris
443 1716 689 1762 naturam
716 1705 1016 1771 antecellet,
1053 1705 1172 1775 ejus
1202 1706 1379 1761 locum
1408 1708 1664 1779 supplens
1686 1749 1704 1777 ,
1738 1719 1793 1766 et
1824 1712 1876 1767 id

1987 553 2265 624 μιουργεῖν
2293 549 2486 620 ἑτέρῳ,
2519 544 2613 599 τοῦ
2640 540 2987 612 ἀσυγκρίτως
3019 536 3307 608 ἀμείνονος
3336 532 3577 588 ἀποστε-

1986 641 2096 711 ρῶν
2131 639 2230 711 τὴν
2260 638 2475 703 κτίσιν;

2051 752 2114 806 Β.
2163 749 2303 804 Ἀλλ’
2359 750 2459 801 οὐκ
2503 744 2757 807 είσάπαν,
2808 736 2996 811 φησιν,
3032 731 3231 805 ἀεργὸς
3274 732 3307 785 ὁ
3358 727 3578 801 Πατὴρ.

1985 841 2376 915 συνεργάζεται
2417 838 2530 909 γὰρ
2576 835 2655 907 τῷ
2706 829 2862 902 Υίῷ,
2934 827 3032 883 καὶ
3089 824 3455 895 συνυφίστησι
3503 822 3576 877 τά

1984 933 2165 987 λοιπά.

2055 1069 2119 1121 Α.
2147 1067 2283 1120 Τίνα
2326 1065 2391 1138 δὴ
2423 1064 2532 1138 ἄρα
2568 1062 2671 1134 τὴν
2711 1058 2863 1132 παρὰ
2908 1053 3004 1111 τοῦ
3058 1052 3192 1109 Υίοῦ
3248 1052 3395 1121 πρὸς
3418 1048 3576 1106 τοῦτο

1982 1158 2121 1231 ἔχων
2142 1155 2500 1227 συνεισφοράν
2520 1172 2537 1221 ;
2557 1149 2684 1223 'Ap'
2706 1151 2781 1215 ὡς
2810 1148 3018 1220 ἀμείνω
3040 1144 3142 1213 τῆς
3168 1142 3459 1214 ἐνεργείας
3476 1141 3576 1212 τῆς

1983 1249 2197 1316 ἑαυτοῦ,
2228 1248 2403 1320 ταύτῃ
2440 1264 2523 1300 τοι
2570 1245 2667 1299 καὶ
2708 1239 2983 1315 χρειωδῶς
3016 1240 3138 1302 ταῖς
3170 1234 3377 1290 ἑαυτοῦ
3422 1234 3568 1306 κινὴ·

1986 1356 2156 1405 σεσιν,
2190 1340 2358 1411 ἤγουν
2389 1335 2704 1405 ἀναγκαίως
2733 1329 3211 1406 παρειλημμένην,
3239 1326 3275 1396 ἢ
3307 1325 3392 1391 ὡς
3420 1325 3568 1381 &Mt-

1984 1449 2112 1486 τονα
2140 1432 2233 1484 καὶ
2258 1432 2316 1485 ἐν
2342 1416 2576 1500 χείροσι,
2610 1426 2704 1480 καὶ
2733 1426 2833 1478 οὑκ
2861 1420 3170 1491 ἀναγκαίως
3224 1415 3578 1487 είσδεδεγμέ-

1984 1540 2116 1595 νηνς
2148 1524 2209 1577 Εἰ
2242 1522 2342 1594 μὲν
2363 1516 2457 1575 οὖν
2490 1519 2568 1582 ὡς
2607 1516 2815 1588 ἀμείνω
2852 1515 2947 1567 καὶ
2980 1509 3277 1584 χρειωδῶς,
3321 1523 3573 1581 περιττο-

1984 1614 2138 1683 λογία
2178 1612 2340 1667 τοῦτό
2368 1628 2453 1681 γε,
2512 1608 2710 1680 μᾶλλον
2757 1606 2814 1659 δὲ
2847 1606 2949 1676 ἤδη
2989 1602 3083 1658 καὶ
3115 1600 3430 1672 δυσφημία.
3470 1596 3574 1655 Τῶ

1983 1706 2112 1778 γὰρ,
2147 1706 2205 1772 ἐξ
2234 1694 2295 1758 οὑ
2323 1703 2563 1773 πέφηνεν
2598 1703 2628 1755 ὁ
2673 1699 2818 1763 Υἱὸς,
2864 1694 3255 1768 ὑπερκείσεταί
3302 1710 3434 1760 που,
3483 1691 3572 1747 καί

307 1797 448 1867 quod
480 1797 657 1875 potius
679 1805 762 1852 est
785 1795 1092 1866 perficiens.
1119 1794 1215 1850 Sin
1239 1804 1421 1852 autem
1442 1800 1586 1869 quod
1613 1802 1876 1867 deterior,
1908 1804 1952 1859 Β
1977 1798 2078 1869 τὴν
2120 1796 2213 1850 τοῦ
2245 1794 2380 1850 Θεοῦ
2424 1794 2521 1847 καὶ
2566 1790 2783 1863 Πατρδς
2824 1788 3215 1859 πλεονεκτήσει
3253 1785 3445 1855 φύσιν,
3486 1784 3571 1839 καῖ

308 1902 372 1942 ac
402 1902 507 1942 non
532 1885 842 1942 necessario
870 1884 1114 1941 adhibita
1141 1926 1156 1952 ‚
1202 1887 1298 1942 sed
1335 1887 1583 1945 viliorem
1623 1892 1886 1961 quodam·

307 1979 466 2034 modo
489 1978 663 2033 reddit
683 1977 1048 2032 creationem:
1078 1977 1204 2048 quid
1231 1988 1333 2046 est,
1365 1995 1570 2050 quaeso,
1593 1984 1733 2050 quod
1761 1998 1883 2040 eum

309 2070 478 2139 adigit
501 2075 558 2122 ut
584 2074 841 2137 operetur
869 2082 974 2122 una
1002 2082 1124 2121 cum
1153 2066 1328 2123 Filio?
1355 2077 1445 2123 aut
1471 2085 1650 2128 nonne
1697 2074 1883 2127 statim

307 2162 552 2215 dicturus
571 2166 656 2213 est
674 2157 889 2228 aliquis,
910 2157 1152 2224 Patrem,
1174 2159 1358 2218 nescio
1381 2175 1488 2231 quo
1509 2173 1689 2233 pacto,
1709 2166 1884 2235 potio-

309 2266 421 2305 rem
450 2258 655 2320 partem
693 2248 1030 2320 neglexisse,
1060 2249 1385 2306 deteriorem
1414 2263 1594 2308 autem
1626 2257 1884 2327 arripuis-

308 2356 403 2408 se,
441 2339 721 2410 repudiato
751 2348 845 2394 aut
871 2348 1020 2394 certe
1056 2341 1303 2410 neglecto
1333 2352 1596 2401 creaturae
1627 2347 1880 2416 opificio,

306 2447 415 2501 quo
443 2446 550 2487 uno
586 2445 718 2486 sane
758 2446 823 2487 ac
857 2430 974 2486 solo
1010 2446 1143 2501 pura
1182 2433 1587 2502 pulchritudine
1628 2438 1879 2509 insigniri

310 2523 399 2576 illa
425 2529 677 2592 poterat.
701 2520 940 2577 adhibito
972 2535 1102 2576 vero
1131 2520 1300 2589 Filio,
1330 2538 1401 2580 ne
1428 2538 1618 2593 puram
1650 2538 1707 2582 et
1734 2529 1881 2585 dete-

309 2613 469 2668 rioris
496 2622 772 2685 expertem
802 2612 1133 2669 creationem
1166 2611 1400 2672 feliciter
1423 2617 1695 2675 obtineret
1717 2629 1880 2691 atque

307 2704 732 2773 productionem.

376 2988 436 3046 B.
473 2991 668 3046 Atnon
715 3006 883 3063 capax
933 3003 1072 3060 erat,
1129 2995 1401 3066 inquiunt,
1451 2974 1657 3053 natura⁸
1692 3009 1876 3055 creata

1988 1887 2177 1960 χρείαν
2220 1885 2360 1958 αὑτῇ
2391 1885 2487 1940 καὶ
2523 1884 2584 1938 τὸ
2640 1883 2861 1953 ἄμεινον
2892 1878 3243 1951 ἀναπληρῶν.
3301 1879 3369 1932 Et
3417 1877 3465 1932 δ’
3507 1869 3575 1933 αὖ

1990 1976 2239 2049 αἰσχίονα
2264 1977 2361 2034 καὶ
2385 1975 2489 2029 οὑκ
2515 1973 2843 2043 ἀναγκαίαν,
2870 1969 3286 2041 ἀκαλλεστέραν
3310 1968 3370 2022 δὲ
3389 1967 3575 2041 ὥσπερ

1988 2070 2398 2137 ἀποφαίνουσαν
2451 2066 2550 2137 τὴν
2597 2063 2981 2137 δημιουργίαν,
3044 2061 3098 2116 τί
3148 2062 3212 2115 τὸ
3262 2059 3574 2127 ἀναπεῖθον,

1986 2161 2109 2214 εἰπέ
2137 2177 2247 2231 μοι,
2278 2156 2707 2230 συνεργάζεσθαι
2730 2154 2808 2226 τῷ
2843 2152 2992 2224 Υίῷ;
3023 2152 3056 2224 ἢ
3084 2151 3204 2217 πῶς
3231 2152 3335 2205 οὑκ
3359 2151 3476 2224 ἐρεῖ
3493 2165 3572 2214 τις

1985 2250 2352 2322 διαμελλήσας
2380 2250 2553 2314 οὐδὲν,
2580 2249 2656 2313 ὡς
2683 2245 3032 2318 κατημέλησε
3061 2244 3164 2315 μὲν
3187 2243 3294 2298 οὑκ
3307 2238 3404 2298 οἷδ’
3430 2244 3571 2306 ὅπως

1983 2341 2078 2396 τοῦ
2100 2341 2385 2412 ἀμείνονος
2418 2342 2447 2395 ό
2470 2338 2681 2411 Πατὴρ,
2711 2338 2773 2392 τὸ
2796 2338 2854 2392 δὲ
2876 2337 2975 2407 οὑχ
2990 2334 3168 2400 οὑτως
3187 2334 3318 2409 ἕχον
3344 2334 3573 2407 ἠθέλησε

1985 2434 2228 2503 κρατεῖν,
2287 2430 2690 2504 παρωσάμενος
2748 2429 2846 2501 μὲν
2900 2429 3068 2500 ἤγουν
3124 2428 3474 2500 κατοκνήσας
3516 2427 3577 2481 τὸ

1984 2521 2307 2591 αὐτουργεῖν
2350 2519 2566 2574 ἑλέσθαι
2614 2519 2744 2591 περὶ
2783 2518 2882 2589 τὴν
2916 2517 3118 2584 κτίσιν,
3162 2518 3232 2572 δι’
3259 2511 3322 2573 οὗ
3366 2516 3433 2589 δὴ
3481 2517 3573 2571 καὶ
3602 2585 3619 2599 .

1986 2611 2147 2679 μόνου
2185 2611 2250 2663 τὸ
2279 2610 2578 2679 ἀκραιφνὲς
2620 2604 2689 2680 ἦν
2720 2609 2857 2680 αὐτῇ
2903 2606 3402 2679 κατασημαίνεσθαι
3431 2605 3567 2659 κάλ-

1981 2700 2094 2768 λος,
2126 2699 2601 2769 συνεισδεξάμενος
2615 2699 2680 2752 ’δὲ
2705 2700 2798 2753 τὸν
2824 2699 2972 2766 Υίὸν,
3005 2699 3092 2754 ῖνα
3120 2698 3189 2770 μὴ
3210 2697 3442 2767 ἄκρατον
3462 2694 3550 2747 καί

1981 2791 2299 2864 ἀσυμμιγὲς
2330 2789 2425 2844 τοῦ
2470 2791 2717 2863 χείρονος
2749 2790 2926 2862 λάχοι,
2976 2790 3039 2845 τὸ
3077 2785 3337 2861 πιρῆχθαι
3369 2802 3548 2858 μακα-

1986 2883 2117 2954 ρίως
2149 2881 2246 2937 καὶ
2271 2880 2448 2935 ἐλθεῖν
2482 2881 2562 2945 είς
2602 2880 2859 2953 ὕπαρξιν.

2051 2998 2114 3050 Β.
2167 2993 2309 3050 Ἀλλ’
2347 2995 2448 3049 οὑκ
2473 2995 2540 3050 ἂν
2566 2994 2777 3066 ὑπέστη
2800 3035 2813 3058 ,
2849 2994 3034 3066 φασὶν,
3067 2995 3103 3067 ἡ
3132 2992 3340 3067 γενητὴ
3370 2992 3572 3064 φὺσις,

306 3080 567 3149 simplicis
616 3082 759 3136 illius
802 3085 1002 3152 opilicii
1037 3101 1054 3141 z
1101 3087 1195 3141 sed
1243 3097 1299 3142 et
1342 3089 1602 3145 credibile
1645 3107 1750 3147 non
1794 3102 1880 3149 est
1903 3129 1947 3186 c
1980 3089 2081 3161 τὴν
2115 3088 2362 3159 ἄκρατον
2391 3086 2721 3159 αὐτουργίαν
2754 3086 2849 3140 τοῦ
2880 3085 3113 3160 Πατρὸς,
3145 3081 3215 3159 ἦν
3239 3086 3302 3140 δὲ
3325 3085 3423 3140 καὶ
3455 3084 3571 3139 ἐτέ-

306 3170 450 3223 iliam
471 3178 580 3224 tam
607 3174 1069 3240 supernaturalem
1098 3192 1162 3232 ac
1193 3193 1504 3248 supremam
1530 3182 1873 3252 majestatem
1983 3197 2092 3252 ρως
2137 3179 2405 3235 ἀπίθανον
2427 3218 2443 3243 ,
2474 3179 2573 3250 τὴν
2607 3178 2797 3242 οὑτως-
2829 3179 3082 3248 ὑπερφυᾶ
3112 3177 3214 3231 καὶ
3256 3177 3569 3251 ὑπερτάτην

305 3258 548 3329 adusque
575 3260 866 3318 vilissimas
895 3280 980 3321 res
1007 3282 1127 3324 csse
1157 3270 1563 3326 descensuram.

381 3456 443 3512 Α.
490 3456 649 3512 Certe
699 3461 1018 3516 adulterinae
1073 3464 1271 3519 mentis
1313 3479 1376 3520 ac
1422 3467 1644 3524 nciariae
1686 3472 1875 3528 sordes

307 3547 390 3600 lue
421 3559 566 3602 sunt.
595 3546 863 3618 Numquid
891 3551 1032 3604 euim
1062 3554 1328 3622 sapientis
1361 3565 1446 3612 est
1477 3567 1666 3625 putare
1706 3565 1873 3632 quod,

306 3637 351 3688 si
383 3643 561 3690 creata
597 3644 650 3690 et
682 3636 937 3705 producta
964 3648 1150 3692 natura
1182 3639 1233 3693 id
1265 3655 1409 3711 angre
1432 3643 1744 3714 admodum,
1781 3647 1876 3702 sed

307 3741 375 3780 ne
408 3739 626 3795 prorsus
659 3727 876 3798 quidem
931 3728 1178 3783 obtinere
1233 3739 1484 3800 poterat,
1536 3743 1596 3788 ut
1643 3735 1712 3791 ab
1758 3736 1877 3807 ipso

305 3814 468 3870 Patre
510 3825 810 3882 crearetur,
848 3817 992 3872 istud
1045 3817 1205 3874 facile
1252 3831 1307 3876 et
1354 3822 1572 3878 obvium
1602 3826 1703 3883 soli
1741 3828 1876 3886 Filio

307 3904 492 3973 suerit,
521 3909 790 3977 quamvis,
841 3918 901 3964 ut
944 3909 1019 3965 illi
1060 3910 1264 3978 volunt,
1303 3914 1565 3984 aequalem
1606 3920 1876 3979 creaturis

309 3997 539 4054 sortitus
566 3998 637 4054 sit
666 3999 964 4056 naturam?
994 4001 1146 4068 Quod
1181 4002 1322 4058 enim
1353 4003 1405 4058 in
1434 4020 1522 4062 res
1573 4018 1787 4067 creatas
1820 4013 1874 4067 in

307 4097 482 4144 totum
511 4089 654 4145 haud
687 4092 852 4157 cadit,
885 4109 953 4150 ne
976 4094 1030 4149 in
1064 4110 1225 4149 unam
1258 4097 1476 4166 quidem
1506 4114 1693 4155 earum
1723 4104 1868 4160 ceci·

306 4178 469 4243 derit,
513 4179 637 4235 licet
694 4183 939 4239 eminere
1003 4186 1291 4255 videatur,
1339 4199 1396 4244 ct
1453 4194 1668 4249 caeteris
1717 4195 1876 4267 longe

306 4270 634 4340 praecellere.
669 4271 898 4330 Temere
926 4285 1105 4332 autem
1136 4292 1422 4344 asserere,
1496 4282 1676 4340 Patris
1705 4287 1876 4358 maje-

306 4370 499 4417 statem
528 4379 635 4420 non
687 4365 878 4421 decere
902 4375 963 4422 ut
1018 4368 1084 4423 ad
1129 4367 1219 4425 illa
1258 4371 1521 4428 vilissima
1562 4374 1873 4446 descendat,

1978 3272 2251 3345 ὑπεροχὴν
2271 3314 2288 3339 ,
2320 3272 2422 3327 καὶ
2454 3271 2618 3344 μέχρι
2645 3271 2754 3324 τῶν
2784 3271 2926 3339 ἄγαν
2962 3269 3374 3325 εὐτελεστάτων
3406 3284 3570 3325 κατα·

1977 3363 2304 3437 κομίζεσθαι
2332 3364 2465 3418 δεῖν.

2048 3480 2114 3532 Α.
2156 3477 2267 3532 Καὶ
2302 3477 2429 3547 μὴν,
2457 3477 2617 3531 τοῦτό
2650 3477 2712 3545 γέ
2739 3476 2859 3531 ἐστι
2890 3476 3147 3547 κιόδήλου
3182 3478 3284 3531 καὶ
3307 3475 3576 3550 βδελυρᾶς

1979 3567 2319 3639 ἀπόδρασμα
2352 3568 2570 3638 φρενός.
2612 3565 2690 3621 ἾΙ
2720 3567 2852 3640 γὰρ,
2887 3569 2985 3622 οὑκ
3016 3568 3222 3638 ἄσοφον
3245 3570 3475 3633 ἐννοεῖν,
3499 3566 3576 3633 ὡς

1977 3659 2135 3731 εἴπερ
2162 3653 2232 3730 ἦν
2267 3658 2484 3728 ἀληθῶς
2540 3660 2776 3730 φορτικὴ
2806 3661 2897 3712 καὶ
2927 3658 3216 3730 διαδριθὴς
3235 3702 3249 3725 ,
3289 3661 3391 3714 καὶ
3417 3658 3574 3714 τοῦτο

1975 3751 2135 3820 ἄγαν,
2172 3751 2337 3822 ἤγουν
2364 3751 2660 3821 ἀπρόσιτος
2690 3750 2967 3814 παντελῶς
2998 3753 3030 3821 ἡ
3058 3750 3151 3804 τοῦ
3194 3751 3418 3824 Πατρδς
3442 3754 3569 3807 αὑτ-

1975 3840 2193 3912 ουργία,
2262 3843 2464 3912 γενητῇ
2520 3841 2615 3895 καὶ
2668 3841 3012 3913 πεποιημένῃ
3055 3841 3239 3910 φύσει,
3291 3843 3571 3916 τρυφερὰν

1977 3933 2073 3984 καὶ
2113 3932 2412 4002 εὑάντητον
2461 3933 2556 3987 καὶ
2604 3933 2791 4005 οἰστὴν
2821 3934 3072 4002 γενέσθαι
3115 3935 3263 4005 μόνῳ
3315 3935 3398 4006 τῷ
3431 3935 3563 4006 Υίιῖο,

1978 4022 2159 4077 καίτοι
2208 4025 2330 4076 κατ’
2358 4023 2601 4088 ἐκείνους
2644 4027 2863 4096 όμοφυᾶ
2891 4027 3004 4090 τοῖς
3034 4026 3303 4095 κτίσμασι
3346 4025 3563 4098 λαχόντι

1975 4113 2075 4183 τὴν
2106 4111 2306 4181 φύσιν;
2349 4112 2425 4166 Tb
2466 4112 2577 4184 γάρ
2615 4114 2762 4181 ἆπαξ
2795 4113 3120 4168 ἀνύποιστον
3147 4118 3425 4188 γενητοῖς,
3456 4113 3562 4169 οὐδ’

1978 4204 2046 4257 ἂν
2076 4204 2158 4257 ἑνὶ
2183 4204 2396 4272 γένοιτο
2418 4206 2674 4277 φορητὸν,
2701 4205 2805 4259 κάν
2830 4205 3196 4277 ὑπερκεῖσθαι
3229 4207 3446 4278 δοκοίη,
3470 4205 3560 4261 καὶ

1977 4294 2347 4366 διαφερόντως
2376 4295 2602 4366 ἄμεινον
2628 4300 2801 4352 νοοῖτο
2832 4298 2940 4352 τῶν
2967 4299 3164 4355 ἄλλων.
3195 4298 3271 4351 Τὸ
3290 4299 3353 4353 δὲ
3380 4299 3446 4370 δὴ
3471 4298 3560 4352 καὶ

1980 4385 2145 4454 φάναι
2176 4384 2484 4456 προχείροις
2515 4387 2863 4460 άποτολμᾷν,
2913 4388 2990 4460 μὴ
3016 4388 3401 4444 καθικνεῖσθαι
3435 4387 3560 4460 πρέ-

307 4454 573 4524 duplicem
610 4456 774 4513 babet
799 4456 1206 4528 blasphemiam.
1239 4459 1435 4533 injuria
1483 4464 1749 4536 siquidem
1778 4470 1871 4526 Fi·
1908 4476 1954 4531 D
1982 4492 2104 4529 πειν
2145 4475 2245 4545 τὴν
2298 4475 2513 4547 Πατρὸς
2546 4477 2845 4549 ὑπεροχὴν,
2898 4479 2992 4533 καὶ
3033 4479 3191 4550 μέχρι
3237 4477 3352 4532 τῶν
3386 4479 3555 4540 οὑτως

308 4547 439 4602 Ιίυιη
501 4547 784 4615 afficient,
854 4552 1142 4623 ipsumque
1200 4551 1417 4611 Patrem
1469 4559 1873 4631 vituperabunt,

304 4641 557 4708 quamvis
586 4641 735 4698 illum
768 4643 1038 4701 honorare
1066 4660 1129 4703 se
1175 4657 1381 4716 putent.

374 4849 438 4906 B.
473 4852 612 4919 Quid
633 4854 921 4926 cogitando
954 4854 1039 4913 vel
1068 4856 1339 4914 dicendo?

375 4980 441 5037 A.
479 4979 738 5037 Nimirum
776 4983 865 5039 illa
914 5000 1033 5055 quae
1072 4986 1128 5042 in
1176 4987 1337 5044 Patre
1378 4990 1697 5061 intelligitur
1743 4993 1876 5047 emi-

304 5071 483 5127 nentia
515 5069 713 5126 Filium
741 5072 965 5140 iaciunt.
1008 5087 1378 5135 verumtamen
1420 5095 1527 5136 non
1554 5081 1869 5150 impedient,

303 5161 516 5228 opinor,
541 5163 831 5232 quominus
880 5165 995 5236 ipse
1040 5167 1105 5221 ad
1133 5183 1447 5239 supremum
1499 5172 1794 5241 majestatis
1821 5184 1878 5231 et

304 5253 489 5323 gloriae
518 5254 733 5309 culmen
778 5257 1095 5327 perveniat,
1145 5261 1273 5318 lieet
1324 5261 1480 5334 longe
1525 5263 1635 5319 sint
1679 5266 1873 5321 absur-

305 5340 537 5396 dissimi.
559 5342 643 5397 An
668 5357 798 5415 ergo
830 5360 950 5401 cum
982 5360 1045 5401 ea
1071 5356 1263 5404 natura
1289 5352 1550 5421 praeditus
1581 5353 1654 5409 sit
1681 5352 1871 5421 Filius,

303 5446 479 5503 eoque
508 5433 733 5490 lionoris
757 5446 811 5491 et
854 5438 1157 5509 majestatis
1204 5445 1532 5510 pervenerit,
1584 5446 1632 5500 ci
1673 5460 1872 5502 conve-

306 5523 439 5588 niet,
470 5536 672 5592 quaeso,
700 5523 867 5597 526
893 5542 1081 5582 creare
1130 5527 1472 5600 Principatus
1511 5543 1566 5589 et
1601 5533 1870 5605 Thronos,

483 5611 840 5682 minationes,
886 5617 1102 5689 aliaque
1137 5619 1220 5677 liis
1260 5624 1543 5693 superiora
1567 5666 1580 5691 ,
1618 5627 1868 5692 exiguum

523 5707 911 5777 passerculum,
949 5719 1001 5767 et
1033 5713 1173 5784 quod
1201 5730 1264 5772 eo
1294 5715 1453 5772 vilius
1505 5729 1584 5774 cst
1639 5719 1866 5778 alterius

1978 4567 2402 4634 εὐτελεστάτων,
2431 4569 2614 4641 διττὴν
2643 4571 2711 4624 ἂν
2738 4570 2851 4641 ἔχοι
2883 4573 2982 4645 τὴν
3024 4572 3361 4642 δυσφημίαν.
3409 4569 3555 4625 Καθ-

1980 4656 2228 4726 υῆριοῦσι
2264 4658 2367 4727 μὲν
2403 4659 2515 4731 γάρ
2541 4660 2634 4713 τὸν
2662 4660 2811 4726 rte-1,
2842 4664 3349 4733 καταμυμήσονται
3379 4664 3438 4718 δὲ
3463 4661 3550 4716 καὶ

1977 4747 2158 4815 αὑτὸν,
2200 4749 2374 4803 καίτοι
2413 4752 2580 4823 τιμᾷν
2604 4752 2841 4822 οἰόμενοι
2874 4753 2964 4807 τὸν
2997 4754 3237 4824 Πατέρα.

2048 4857 2109 4911 Β.
2144 4858 2211 4910 Τί
2231 4858 2477 4924 νοοῦντες
2501 4860 2534 4932 ἢ
2562 4860 2846 4930 λέγοντῑςί

2047 4999 2111 5049 Α.
2148 4995 2261 5066 Τῆς
2307 4997 2405 5066 μὲν
2448 4998 2556 5069 γάρ
2589 5001 2650 5053 έν
2694 4999 2873 5070 Πατρῖ
2918 5000 3213 5070 νοουμένης
3241 5001 3549 5073 ὑπεροχῆς,

1978 5084 2371 5150 ὑποδιὸάζουσι
2394 5087 2485 5142 τὸν
2513 5087 2661 5153 Υίὸν,
2693 5087 2856 5160 πλὴν,
2878 5085 3032 5159 οἶμαί
3056 5105 3181 5155 που,
3212 5091 3276 5145 τό
3305 5107 3372 5161 γε
3399 5092 3551 5162 ἤκειν

1977 5177 2138 5231 αὑτὸν
2172 5179 2253 5241 εἰς
2281 5178 2438 5247 λῆξιν
2459 5179 2558 5250 τὴν
2590 5180 2852 5234 ἀνωτάτω
2874 5222 2889 5244 ,
2921 5182 3017 5236 καὶ
3043 5183 3319 5254 ὑπεροχῆς
3350 5185 3449 5237 καὶ
3468 5181 3549 5236 δό-

1978 5269 2096 5341 ξης,
2130 5269 2230 5322 οὑκ
2260 5269 2325 5324 ἂν
2351 5269 2668 5339 ἀφέλοιντο.
2699 5271 2794 5324 καὶ
2823 5273 2872 5325 εί
2903 5273 3105 5344 σφόδρα
3131 5274 3281 5338 τινὲς
3311 5269 3427 5329 εἷεν
3447 5273 3552 5328 τῶν

1975 5359 2115 5428 ἄγαν
2143 5360 2556 5431 ἀπηχεστάτων.
2582 5357 2711 5434 Ἀρ*
2742 5358 2856 5428 οὖν,
2886 5357 2989 5416 ὧδε
3020 5365 3238 5432 φύσεως
3265 5365 3451 5435 ἔχοντι
3478 5363 3550 5433 τῷ

1978 5451 2111 5522 Υἰῷ,
2163 5452 2261 5505 καὶ
2299 5453 2381 5517 είς
2425 5451 2583 5507 τοῦτο
2621 5454 2789 5524 τιμῆς
2837 5455 2933 5508 καὶ
2973 5455 3402 5528 μεγαλειότητος
3450 5457 3551 5524 ἀφ·

1980 5541 2207 5612 ιγμένῳ,
2252 5541 2314 5595 τὸ
2364 5542 2463 5613 μὲν
2491 5543 2688 5614 χρῆναι
2730 5542 3086 5616 δημιουργεῖν
3124 5546 3325 5619 Ἀρχάς
3357 5563 3420 5599 τε
3460 5543 3550 5599 καὶ

1977 5631 2212 5704 Θρόνους
2262 5631 2356 5685 καὶ
2403 5633 2780 5704 Κυριότητας,
2830 5638 2924 5689 καὶ
2965 5638 3031 5691 τὰ
3071 5638 3150 5691 ἔτι
3201 5637 3406 5692 τούτων
3449 5638 3548 5690 ἐπ·

1978 5723 2161 5780 έκεινα
2186 5763 2199 5788 ,
2250 5723 2451 5794 πρέποι
2483 5726 2570 5793 ἂν,
2606 5726 2727 5780 εἰπέ
2771 5745 2897 5795 μοι,
2928 5730 2989 5784 τὸ
3020 5731 3075 5785 δὲ
3103 5730 3232 5799 γοῦν
3265 5726 3546 5801 στρουθίον
