3809 6125
273 293 378 354 1³9

1294 290 1354 349 S.
1392 291 1670 349 cYRtLLt
1708 293 2177 351 ALEXANDRINI
2216 294 2532 353 ARCHlEP.

275 413 542 485 siquidem
588 419 643 467 et
680 411 795 482 ipse
826 420 955 467 ante
990 425 1183 468 omnes
1225 412 1482 480 exsistit;
1528 424 1585 470 at
1627 416 1843 473 tametsi
1875 426 1922 481 A
1950 421 2146 492 χρόνῳ,
2178 422 2300 475 ἐπεὶ
2344 420 2443 474 καὶ
2473 418 2639 481 αὐτός
2667 418 2784 472 ἐστι
2816 415 2922 487 πρὸ
2967 413 3222 469 πάντων·
3259 408 3397 465 ἀλλὰ
3427 372 3534 465 κᾶν

276 515 524 575 tempore
565 502 715 572 prior
757 502 850 567 sit,
883 502 1024 557 idem
1061 512 1240 559 tatuen
1286 505 1567 561 nobiscum
1608 506 1712 561 erit
1756 522 1846 562 ra-

276 598 426 653 tione
451 594 720 650 essentiae.
751 593 888 660 Quid
917 593 1059 648 enim
1085 594 1848 667 obstiteritquominusAdam

274 689 574 745 secundum
609 696 857 742 naturam
886 687 962 742 sit
989 686 1155 742 Paulo
1180 686 1393 754 similis,
1432 699 1530 744 aut
1558 690 1715 746 alicui
1767 690 1849 746 ai-

279 782 378 837 teri
404 788 527 850 post
573 794 633 836 se
682 789 829 844 nato,
867 781 1078 836 tametsi
1120 789 1250 835 ante
1279 796 1469 836 omnes
1497 782 1612 853 ipse
1662 798 1690 837 a
1736 784 1849 839 Deo

275 883 495 928 creatus
529 870 731 927 suerit?
765 870 820 925 Si
859 886 992 942 crgo
1038 872 1092 927 in
1141 873 1228 929 liis
1259 881 1470 944 tempus
1518 874 1650 929 uinil
1674 875 1847 944 juvat,

275 966 403 1035 quid
427 965 677 1034 prohibet
709 966 1001 1032 quominus
1035 974 1093 1019 et
1146 964 1315 1021 Filius
1352 976 1478 1020 ante
1514 982 1612 1022 nos
1638 967 1850 1038 genitus

276 1056 520 1126 ejusdem
570 1057 823 1111 essentiae
862 1057 1146 1111 uobiscum
1181 1057 1274 1120 sit.
1315 1057 1358 1111 si
1408 1058 1543 1111 nihil
1586 1057 1730 1112 aliud
1765 1065 1850 1113 est.

272 1147 607 1202 discriminis
663 1148 804 1202 iuter
842 1164 939 1202 nos
984 1156 1039 1202 et
1085 1149 1300 1219 ipsum?
1343 1148 1507 1217 Atqui
1560 1148 1604 1203 si
1650 1149 1752 1203 lioc
1779 1163 1846 1203 ex

272 1252 454 1295 vestra
488 1242 759 1295 sententia
790 1255 979 1295 verum
1020 1249 1126 1305 est,
1165 1256 1324 1310 quam
1369 1240 1439 1294 ob
1481 1254 1696 1295 causam
1731 1239 1849 1310 ipse

275 1334 424 1388 solus
445 1341 674 1386 vocatur
694 1341 935 1395 creator,
970 1347 1091 1385 cum
1122 1329 1254 1386 ttulli
1289 1342 1532 1386 nostrum
1564 1331 1613 1385 id
1651 1344 1848 1386 nomen

274 1422 591 1492 competat?
624 1421 691 1477 Et
721 1438 820 1477 nos
851 1423 1067 1491 quidem
1101 1438 1197 1491 per
1231 1422 1403 1491 ipsum
1429 1421 1595 1477 creati
1634 1436 1844 1487 sumuS,

271 1513 387 1583 ipse
405 1529 536 1569 vero
569 1514 833 1569 creaioris
859 1513 1089 1583 gloriam
1126 1513 1227 1567 sibi
1259 1512 1506 1568 ascribit.
1541 1512 1608 1566 Et
1633 1527 1845 1583 aequum

271 1615 414 1673 erat,
475 1605 520 1660 si
580 1605 721 1660 idem
778 1614 969 1659 natura
1022 1620 1141 1658 cum
1188 1604 1304 1671 ipso
1351 1618 1561 1669 sumus»,
1595 1604 1846 1657 eumdem

272 1697 440 1752 etiam
488 1711 610 1751 cum
670 1696 761 1751 illo
805 1695 945 1763 apud
1010 1693 1224 1750 Patrem
1271 1695 1447 1750 locum
1486 1695 1753 1760 obtinere,
1792 1702 1847 1749 et

1951 514 2051 587 ἔχῃ
2094 514 2156 567 τὸ
2206 512 2559 586 προτερεύειν
2599 512 2743 567 κατὰ
2787 509 2880 565 τὸν
2922 508 3135 580 χρόνον,
3167 504 3320 558 ἔσται
3369 502 3541 558 πάλιν

1952 605 2082 675 ἡμῖν
2112 605 2234 658 κατ’
2254 605 2446 658 οὐσίαν
2474 604 2503 656 ό
2527 603 2713 667 αὐτός.
2741 600 2808 656 Τί
2836 600 2947 672 γὰρ
2967 596 3202 652 κωλύσει
3230 595 3322 649 τὸν
3358 594 3539 667 ’Δδαμ

1950 695 2030 759 εἰς
2059 694 2119 748 τὸ
2162 690 2301 749 εἶναι
2340 694 2483 749 κατὰ
2517 694 2677 765 φύσιν
2710 694 2894 764 ὅμοιον
2924 690 3003 761 τῷ
3035 687 3234 760 Παύλῳ
3273 700 3464 759 τυχον,
3499 700 3534 759 η

1952 783 2123 854 ἑτέρῳ
2149 784 2257 838 τινὶ
2287 783 2397 837 τῶν
2431 785 2548 855 μετ’
2568 783 2731 839 αὐτὸν
2755 781 3076 852 γεγονότων,
3101 778 3160 832 τὸ
3180 777 3287 850 πρὸ
3315 777 3535 831 πάντων

1952 876 2115 929 αὐτὸν
2163 876 2495 943 πεποιῆσθαι
2545 876 2698 947 παρὰ
2744 873 2915 940 Θεοῦ;
2950 874 3012 927 Ei
3045 871 3225 925 τοίνυν
3273 869 3433 924 οὐδὲν
3477 871 3535 925 ὲν

1949 968 2160 1032 τούτοις
2189 970 2217 1022 ό
2244 969 2438 1041 χρόνος
2465 969 2686 1038 ὠφελεῖ,
2715 969 2768 1022 τί
2796 965 2995 1021 κωλύει
3029 966 3126 1020 καὶ
3152 962 3243 1018 τὸν
3272 963 3406 1017 Tib-2
3430 960 3536 1035 πρὸ

1949 1060 2107 1131 ἡμῶν
2129 1060 2410 1129 γεγονότα,
2440 1060 2540 1131 τῆς
2572 1061 2741 1129 αὐτῆς
2781 1060 2966 1121 ούσίας
2992 1059 3122 1129 ἡμῖν
3158 1057 3452 1127 ὑπάρχειν,
3483 1055 3533 1109 εί

1953 1151 2121 1223 μηδὲν
2154 1150 2302 1204 ἔστιν
2343 1152 2529 1221 ἕτερον
2571 1152 2633 1205 τὸ
2668 1150 2871 1222 μεταξὺ
2905 1149 3063 1220 ἡμῶν
3096 1166 3154 1201 τε
3203 1147 3298 1201 καὶ
3329 1145 3531 1212 αύτοῦ;

1949 1242 2062 1296 Καὶ
2098 1244 2147 1296 εί
2177 1242 2336 1297 τοῦτο
2358 1243 2480 1296 καθ’
2516 1244 2661 1314 ὑμᾶς
2688 1246 2835 1297 ἐστιν
2860 1241 3078 1313 ἀληθὲς,
3114 1240 3235 1293 ὅτου
3264 1239 3331 1310 δὴ
3372 1239 3534 1311 χάριν

1950 1334 2114 1398 αὐτὸς
2165 1333 2324 1405 μόνος
2375 1334 2623 1389 καλεῖται
2657 1333 2917 1406 Ποιητὴς,
2960 1332 3119 1405 ἡμῶν
3159 1332 3261 1386 οὐκ
3300 1330 3533 1402 ἑχόντων

1948 1426 2140 1492 ‘tofi-³03
2174 1426 2285 1481 Καὶ
2314 1429 2474 1498 ἡμεῖς
2507 1428 2606 1498 μὲν
2628 1427 2693 1481 δι’
2723 1427 2888 1482 αὑτοῦ
2915 1425 3241 1496 γεγόναμεν,
3286 1423 3447 1488 αὐτὸς
3474 1422 3539 1478 ὀὶ

1948 1516 2047 1588 τὴν
2068 1517 2162 1571 τοῦ
2196 1518 2540 1590 Δημιουργοῦ
2570 1518 2728 1582 δόξαν
2760 1519 2933 1589 φέρει.
2984 1511 3093 1569 Ἦν
3121 1515 3178 1569 δὲ
3210 1514 3381 1579 ὅντως
3406 1514 3537 1568 ἀκό·

1947 1608 2134 1662 λουθον
2162 1610 2212 1663 εί
2238 1611 2435 1664 ταυτόν
2464 1610 2631 1681 ἐσμεν
2657 1610 2801 1665 κατὰ
2834 1610 2995 1678 φύσιν
3031 1607 3201 1679 αὐτῷ,
3235 1607 3335 1680 τὴν
3363 1606 3535 1679 αὐτὴν

1948 1698 2142 1769 ἐκείνῳ
2167 1697 2350 1772 χώραν
2382 1698 2601 1769 ἐπέχειν
2630 1699 2780 1770 παρὰ
2808 1699 2886 1771 τῷ
2917 1698 3092 1769 Πατρὶ
3119 1698 3211 1751 καὶ
3244 1698 3419 1768 ἡμᾶς,
3439 1696 3537 1750 καὶ

272 1801 716 1857 unitimquemque
765 1794 1008 1843 nostrum
1048 1786 1213 1842 etiam
1254 1785 1435 1840 vocari
1477 1784 1841 1855 Unigenitum,
1874 1782 1919 1837 B
1947 1791 2179 1845 ἕκαστον
2224 1791 2381 1864 ἡμῶν
2430 1790 3165 1861 2222100022‘21M0v0-fwfi,
3194 1791 3288 1843 καὶ
3329 1788 3530 1860 Λόγον,

271 1890 330 1933 et
368 1880 628 1943 Verbum,
656 1887 712 1933 et
737 1878 1059 1948 sapientiam
1087 1875 1283 1934 Patris.
1316 1880 1554 1943 Quorum
1577 1878 1719 1932 enim
1746 1892 1842 1931 na·-

272 1977 394 2025 tura
427 1986 530 2023 una
562 1978 724 2037 atque
750 1965 937 2022 eadem
970 1978 1077 2032 est,
1116 1966 1184 2021 iis
1207 1981 1490 2021 commune
1516 1966 1677 2021 ctiam
1704 1967 1846 2021 inter

272 2076 333 2115 se
364 2073 559 2114 nomeu
597 2070 678 2113 est
708 2076 720 2112 :
754 2066 808 2112 et
837 2056 982 2127 quod
1005 2057 1094 2111 uni
1129 2057 1624 2123 naturaliterinest,
1656 2058 1712 2114 id
1741 2073 1845 2114 cze-

272 2158 404 2211 teris
433 2168 647 2224 quoque
671 2152 762 2223 qui
791 2152 1032 2222 ejusdem
1069 2160 1277 2207 naturae
1316 2158 1444 2206 suut
1476 2151 1637 2206 inest.
1667 2150 1737 2203 At
1761 2163 1846 2205 ve·

271 2262 335 2302 ro
367 2247 410 2301 si
438 2247 539 2301 lioe
579 2246 870 2299 absurdum
900 2252 1003 2310 est,
1034 2254 1087 2299 et
1125 2258 1302 2314 neque
1347 2253 1622 2300 creatores
1657 2256 1844 2298 sumus

271 2349 367 2391 aut
420 2352 698 2403 vocamur,
757 2350 931 2405 neque
982 2334 1274 2404 sapientia,
1321 2344 1415 2389 aut
1461 2332 1721 2401 Verbum,
1752 2341 1844 2387 aut

270 2426 546 2498 splendor,
578 2426 727 2480 solus
768 2436 946 2479 autem
994 2424 1111 2481 liaec
1146 2433 1232 2479 est
1281 2423 1488 2491 Filius;
1535 2438 1642 2479 non
1678 2423 1843 2495 igitur

270 2517 589 2573 naturaliter
620 2516 760 2571 idem
803 2514 1088 2571 nobiscum
1113 2517 1239 2583 lest,
1273 2515 1366 2570 sed
1408 2514 1738 2584 peculiarem
1779 2528 1843 2569 ac

267 2607 543 2677 propriam
589 2620 654 2660 ex
690 2604 852 2659 Patre
881 2606 1285 2675 generationem
1333 2604 1517 2668 habet,
1561 2614 1726 2674 atque
1768 2603 1841 2658 ita

268 2705 353 2753 est
381 2712 546 2752 unum
581 2710 701 2751 cmu
746 2709 844 2749 suo
866 2694 1047 2761 Patre,
1084 2710 1192 2750 non
1228 2694 1370 2749 sicut
1398 2708 1497 2749 nos
1524 2694 1613 2763 qui
1654 2695 1721 2748 ad
1755 2694 1842 2765 ip·-

266 2805 386 2843 snm
431 2787 613 2855 relati,
650 2802 744 2855 per
771 2786 1240 2856 participationem
1265 2785 1843 2840 communicationem-

267 2892 375 2948 que
427 2878 692 2932 unitatem
754 2874 1034 2930 consecuti
1094 2889 1318 2930 sumus:
1385 2874 1839 2944 quemadmodum

267 2969 471 3020 terrum
513 2965 623 3036 igni
654 2965 954 3030 admotum,
986 2964 1055 3019 ab
1083 2977 1149 3020 eo
1183 2964 1382 3021 calent.

1946 1882 2042 1936 καὶ
2073 1882 2266 1951 σοφίαν
2309 1882 2402 1936 τοῦ
2443 1884 2678 1955 Πατρός.
2717 1879 2819 1936 Ὧν
2850 1884 2959 1953 γὰρ
2989 1884 3023 1952 ἠ
3052 1882 3213 1951 φύσις
3256 1880 3379 1952 μία,
3409 1876 3541 1936 τού-

1944 1990 2059 2038 τοις
2094 1974 2248 2027 ἔσται
2278 1973 2372 2029 καὶ
2412 1974 2474 2028 τὸ
2516 1975 2688 2047 όνομα
2713 1975 2890 2029 κοινόν
2910 1990 2924 2004 ·
2967 1975 3059 2029 καὶ
3088 1969 3224 2043 ὅπερ
3258 1973 3341 2027 ἐνὶ
3393 1972 3540 2028 κατα

1946 2071 2109 2141 φύσιν
2153 2071 2411 2143 ὑπάρχει,
2454 2071 2615 2127 τοῦτο
2662 2073 2882 2136 πάντως
2918 2072 3231 2140 ἐγκείσεται
3274 2070 3373 2125 καὶ
3419 2071 3537 2135 τοῖς

1944 2163 2046 2233 τῆς
2080 2163 2251 2233 αὐτῆς
2299 2162 2621 2234 μετέχουσιν
2658 2163 2869 2227 οὐσίας.
2909 2164 2972 2216 Et
3004 2163 3061 2216 δὲ
3106 2162 3266 2215 τοῦτο
3307 2160 3535 2225 ἄτοπον,

1946 2254 2041 2309 καὶ
2084 2252 2210 2307 οὔτε
2236 2254 2563 2325 δημιουργοί
2604 2254 2831 2325 ὲσμενῆ
2882 2252 3219 2325 κεκλήμεθα,
3258 2250 3385 2305 οὔτε
3424 2250 3536 2324 μὴν

1946 2344 2128 2412 σοφία,
2163 2343 2195 2414 ἢ
2224 2343 2417 2413 Λόγος,
2435 2343 2469 2413 ἢ
2501 2343 2841 2415 ἀπαύγασμα
2865 2363 2878 2376 ·
2908 2344 3070 2415 μόνος
3097 2342 3154 2397 δὲ
3184 2342 3360 2397 ταῦτά
3386 2346 3538 2398 ἐστιν

1944 2437 1973 2490 ό
1995 2435 2143 2500 Υἱὸς,
2171 2437 2271 2490 οὐκ
2295 2437 2403 2507 ἄρα
2434 2436 2577 2491 κατὰ
2599 2437 2760 2507 φύσιν
2777 2438 2924 2491 ἔσται
2958 2438 3094 2508 πρὸς
3116 2439 3263 2509 ἡμᾶς
3289 2438 3318 2491 ό
3346 2437 3534 2505 αὐτὸς,
3635 2458 3659 2474 ·

1945 2526 2061 2581 ἀλλ’
2108 2527 2415 2591 ἰδιάζουσαν
2463 2530 2526 2581 ὲκ
2572 2527 2666 2581 τοῦ
2712 2529 2927 2599 Πατρὸς
2973 2528 3084 2599 ἔχει
3121 2528 3220 2599 τὴν
3252 2528 3535 2599 γέννησιν,

1944 2616 2038 2672 καὶ
2065 2615 2240 2681 οὕτως
2271 2617 2420 2672 ἐστὶν
2454 2616 2513 2670 ἓν
2545 2618 2681 2689 πρὸς
2711 2618 2803 2671 τὸν
2833 2618 3028 2672 ἑαυτοῦ
3058 2620 3301 2690 Πατέρα,
3340 2619 3404 2673 ού
3430 2635 3542 2673 κα-

1946 2709 2123 2781 θάπερ
2150 2710 2311 2779 ἡμεῖς
2339 2712 2405 2782 τῇ
2438 2710 2575 2781 πρὸς
2599 2711 2760 2765 αὐτὸν
2787 2712 2968 2782 σχέσει
3006 2712 3107 2784 τὴν
3141 2712 3370 2783 ἑνότητα
3400 2729 3538 2784 κερ·

1943 2800 2218 2866 δαίνοντες
2244 2802 2551 2873 μετοχικῶς
2590 2820 2650 2856 τε
2698 2804 2792 2857 καὶ
2843 2804 3284 2876 μεταληπτικῶς,
3338 2805 3536 2879 ὥσπερ

1942 2893 2009 2947 ἂν
2057 2895 2106 2947 εἰ
2158 2896 2254 2948 καὶ
2300 2893 2519 2966 σίδηρος
2564 2897 2698 2967 πυρὶ
2735 2896 3003 2968 ὁμιλήσας
3050 2898 3538 2971 περιθερμαίνοιτο

1943 2986 2075 3055 παρ’
2104 2982 2292 3038 αὐτοῦ.

266 3123 500 3188 Amul),
532 3139 650 3177 cum
698 3124 924 3179 euidenti
961 3125 1404 3181 demonstratione
1446 3126 1659 3191 docens,
1697 3127 1838 3197 quod
1865 3117 1909 3176 C
1941 3121 2144 3188 ΑΛΛΟ,
2180 3121 2333 3191 μετὰ
2358 3121 2578 3192 γοργῆς
2612 3122 2977 3193 ἀποδείξεως
3006 3125 3300 3181 διδάσκον
3327 3127 3416 3182 ὅτι
3454 3101 3534 3185 τὰ

334 3210 454 3264 quae
483 3193 747 3259 aliquibus
770 3196 963 3249 similia
985 3205 1108 3249 sunt
1138 3211 1240 3249 non
1269 3196 1428 3267 120
1448 3197 1504 3250 in
1532 3197 1834 3252 uniuersum

337 3269 387 3316 et
415 3266 736 3315 naturaliter
766 3265 944 3318 insunt
979 3265 1046 3317 iis
1078 3265 1264 3332 quibus
1311 3266 1508 3319 similia
1550 3277 1706 3333 suut,·
1744 3267 1834 3320 sed

337 3347 399 3385 ea
425 3347 541 3400 quw
581 3333 901 3386 naturaliter
927 3334 1187 3402 aliquibus
1212 3336 1412 3398 insunt,
1449 3335 1607 3389 ueluti
1645 3337 1837 3406 intaqi-

331 3417 420 3456 nes
445 3401 686 3470 quoeclam
707 3402 840 3470 fiunt
863 3403 1152 3456 motionum
1177 3415 1369 3458 nostra:
1386 3405 1690 3460 voluntatis.

339 3526 619 3600 Scriptura
656 3540 812 3582 sacra
839 3526 914 3581 ita
944 3526 1012 3582 ad
1036 3525 1320 3582 nonnullos
1349 3526 1630 3597 loquitur:
1670 3545 1690 3580 ι
1727 3527 1838 3583 No-

263 3621 359 3678 lite
395 3621 510 3675 lieri
546 3618 688 3675 sicut
718 3633 890 3689 equus
929 3627 985 3674 et
1028 3617 1228 3684 mulus,
1275 3619 1329 3674 in
1365 3620 1564 3688 quibus
1600 3635 1703 3675 uon
1753 3630 1835 3676 cst

267 3712 571 3768 intellectus
599 3712 675 3778 ¹²3
713 3729 733 3763 s
772 3719 825 3765 et
873 3724 1084 3764 rursum
1117 3710 1182 3763 de
1226 3709 1347 3763 aliis
1371 3727 1383 3741 ·
1418 3729 1438 3761 ‹
1490 3709 1660 3765 llomo
1713 3726 1833 3765 cum

268 3803 322 3858 iu
357 3803 562 3857 lionore
593 3809 740 3856 esset
768 3816 877 3856 non
903 3800 1191 3864 intellexit,
1216 3810 1563 3866 comparatus
1589 3813 1674 3857 cst
1708 3802 1839 3856 bru-

266 3897 336 3952 tis
373 3896 773 3968 insipientibus,
829 3904 882 3949 et
928 3893 1123 3949 similis
1167 3893 1340 3949 sactus
1377 3902 1462 3948 cst
1514 3893 1593 3948 eis
1616 3893 1680 3945 ¹⁸.
1715 3909 1735 3943 ι
1769 3891 1835 3946 Ει

265 3988 462 4044 iterum
491 4007 504 4044 :
534 4007 554 4041 ι
601 3988 737 4058 Equi
785 3987 1030 4043 l'urcntes
1076 3986 1129 4041 in
1170 4000 1339 4056 equas
1387 3984 1513 4041 lacti
1541 3987 1686 4041 'sunt
1713 3983 1774 4039 ¹⁸.
1807 4001 1828 4035 s

265 4079 524 4135 Sei-vator
567 4089 746 4135 autem
776 4078 844 4134 ad
889 4077 1183 4148 discipulos
1213 4092 1341 4132 suos
1371 4076 1714 4132 manifestius
1750 4075 1832 4130 di·

263 4172 378 4228 cit:
427 4190 446 4225 ι
483 4173 664 4226 Estote
698 4173 993 4240 prudentes
1021 4171 1162 4224 sicut
1207 4177 1508 4239 serpentes,
1532 4181 1589 4224 et
1631 4167 1836 4238 simpli·

264 4277 354 4317 ces
387 4263 527 4316 sicut
561 4259 825 4314 columbae
859 4260 924 4312 ¹⁸.
967 4278 987 4312 s
1016 4261 1084 4314 Et
1113 4273 1362 4315 rursum:
1404 4276 1421 4310 t
1452 4257 1635 4313 Estote
1672 4258 1835 4311 mise-

265 4353 506 4407 ricordes
535 4352 677 4407 sicut
718 4360 775 4405 et
812 4351 977 4407 Pater
1021 4359 1205 4407 vester
1239 4350 1479 4406 coelestis
1524 4348 1833 4405 misericors

2006 3191 2439 3261 ὲξομοιούμενά
2467 3209 2648 3256 τισιν,
2677 3197 2749 3249 οὐ
2774 3195 3012 3262 πάντως
3038 3199 3135 3249 ναὶ
3158 3197 3307 3251 κατὰ
3334 3200 3533 3267 φύσιν

2006 3262 2236 3316 ἔνεισιν
2286 3257 2377 3328 οἷς
2427 3261 2868 3331 ἑξομοιοῦνται,
2924 3266 3064 3319 ἀλλ’
3098 3267 3303 3336 ὥσπερ
3364 3270 3535 3333 τινὲς

2005 3334 2236 3399 εἰκόνες
2260 3332 2333 3384 τὰ
2362 3333 2544 3400 φύσει
2595 3335 2900 3401 προσόντα
2944 3336 3069 3387 τισὶ
3101 3339 3372 3404 γίνονται
3408 3337 3533 3394 τῶν·

2006 3403 2157 3456 κατὰ
2197 3403 2549 3470 προαίρεσιν
2577 3403 2746 3472 ἡμῶν
2775 3402 3135 3467 κινημάτων.

2009 3525 2171 3593 Λέγει
2205 3528 2341 3594 πρός
2373 3543 2524 3586 τινας
2555 3527 2586 3592 ἡ
2619 3523 2733 3573 θεία
2757 3521 2945 3591 Γραφή
2967 3536 2982 3550 ·
3016 3540 3036 3573 ι
3069 3524 3164 3592 Μὴ
3188 3525 3407 3590 γίνεσθε
3433 3529 3516 3590 ὡς

1939 3616 2104 3680 ἵππος
2124 3618 2219 3669 καὶ
2246 3616 2488 3687 ἡμίονος,
2511 3608 2591 3676 οἷς
2617 3613 2719 3665 οὐκ
2746 3611 2861 3664 ἐστι
2886 3608 3119 3676 σύνεσις.
3150 3631 3174 3664 s
3202 3613 3312 3667 Καὶ
3340 3615 3506 3671 πάλιν

1937 3706 2065 3775 περὶ
2099 3705 2330 3776 ἑτέρων·
2388 3723 2408 3756 s
2462 3701 2782 3773 Ἀνθρωπος
2817 3702 2875 3755 ὲν
2913 3705 3046 3774 τιμῇ
3078 3701 3151 3756 ὢν
3180 3704 3241 3757 ού
3285 3705 3505 3774 συνῆκε,

1938 3797 2394 3869 παρασυνεὸλήθη
2460 3797 2575 3859 τοῖς
2638 3795 2863 3865 κτήνεσι
2915 3797 3029 3859 τοῖς
3075 3795 3355 3866 ἀνοήτοις,
3415 3798 3517 3852 καὶ

1936 3885 2193 3957 ὡμοιώθη
2219 3887 2425 3949 αὐτοῖς.
2475 3906 2494 3939 s
2536 3884 2649 3940 Καὶ
2677 3884 2874 3938 πάλιν·
2916 3904 2934 3936 ι
2967 3885 3155 3939 Ἱπποι
3184 3886 3522 3958 θηλυμανεῖς

1936 3979 2288 4050 ἐγενήθησαν.
2324 3997 2343 4028 ι
2393 3979 2451 4030 Ὁ
2475 3979 2531 4031 δέ
2560 3996 2622 4047 γε
2649 3979 2840 4050 Σωτὴρ
2864 3977 3001 4049 πρὸς
3029 3978 3155 4043 τοὺς
3186 3980 3386 4033 ἑαυτοῦ
3418 3998 3524 4051 μα-

1936 4070 2104 4140 θητὰς
2135 4069 2462 4141 τρανότερον
2494 4070 2685 4138 λέγει·
2731 4089 2750 4121 ι
2801 4068 3019 4124 Γίνεσθε
3053 4071 3308 4142 φρόνιμοι
3350 4071 3429 4134 ὡς
3468 4073 3523 4126 oi

1934 4161 2105 4232 ὄφεις,
2141 4163 2236 4217 καὶ
2269 4161 2520 4233 ἀκέραιοι
2551 4160 2627 4225 ὡς
2656 4164 2711 4215 αί
2747 4161 3091 4232 περιστεραί.
3130 4181 3150 4215 s
3183 4160 3293 4216 Καὶ
3321 4163 3484 4216 πάλιν
3504 4183 3521 4196 ·

1944 4274 1964 4308 s
1997 4254 2213 4308 Γίνεσθε
2242 4253 2588 4324 οἰκτίρμονες
2618 4250 2801 4315 καθὼς
2828 4253 2859 4304 ὀ
2891 4252 3082 4324 Πατὴρ
3111 4252 3266 4323 ὑμῶν
3290 4253 3319 4305 ό
3346 4252 3521 4323 οὐρά·

1934 4364 2043 4410 νιος
2081 4346 2379 4417 οἰκτίρμων
2423 4344 2593 4399 ἐστίν.
2651 4363 2670 4396 ι
2705 4345 2769 4397 Et
2805 4345 2904 4415 μὲν
2934 4339 3028 4398 οὖν
3064 4344 3127 4399 τὸ
3159 4347 3273 4408 τοῖς
3300 4343 3525 4412 ἀλόγοις

261 4450 348 4500 est
385 4445 449 4498 ¹⁸.
481 4462 502 4497 ι
545 4444 602 4498 Si
650 4457 780 4513 ergo
837 4442 1009 4498 brutis
1041 4443 1408 4499 animantibus
1447 4442 1654 4498 similes
1702 4439 1826 4496 faeti
1861 4448 1904 4504 D
1934 4437 2091 4503 ζώοις
2138 4434 2513 4508 ὲξομοιοῦσθαί
2559 4450 2733 4497 τινας,
2788 4436 2869 4487 ὅτι
2915 4435 3016 4504 τὴν
3062 4434 3234 4506 αὐτὴν
3288 4434 3519 4498 ἐκείνοις

263 4544 389 4590 sunt
411 4536 676 4601 nonnulli,
707 4537 849 4605 quod
877 4535 1066 4590 eadem
1102 4550 1222 4590 cum
1262 4535 1367 4590 illis
1418 4535 1616 4590 mentis
1652 4535 1826 4603 inopia

263 4627 587 4692 laborarint,
621 4627 859 4696 facitque
893 4627 994 4682 lioc
1024 4634 1084 4682 ut
1114 4627 1438 4684 naturaliter
1461 4628 1571 4684 siut
1609 4627 1662 4682 id
1688 4627 1827 4696 quod

264 4715 388 4781 illo;
418 4724 474 4771 et
516 4730 723 4781 rursus,
771 4717 817 4771 si
860 4716 1110 4786 discipuli
1162 4716 1437 4774 imitantes
1482 4719 1823 4789 prudentiam

262 4816 600 4877 serpentum,
636 4817 692 4862 et
714 4807 1117 4878 simplicitatem
1137 4806 1538 4874 columbarum,
1567 4818 1617 4864 et
1649 4808 1830 4864 Patris

262 4899 578 4956 coelestisad
604 4899 1034 4956 misericordiam
1058 4900 1472 4972 propensionem
1492 4900 1828 4966 amulantes,

263 4999 545 5058 serpentes
568 5001 623 5046 et
651 4991 914 5047 columbae
940 4992 1097 5059 liunt,
1123 5003 1285 5063 atque
1307 4993 1442 5047 adeo
1470 4991 1571 5061 ipsi
1601 4991 1709 5048 Deo
1730 5007 1825 5047 ua·

266 5081 510 5137 turaliter
554 5083 760 5138 similes
806 5084 1084 5151 evadunt,
1121 5086 1255 5141 nillil
1299 5085 1571 5140 obstiterit
1611 5086 1824 5156 quomi-

267 5186 389 5235 nus,
408 5171 620 5239 quaudo
644 5172 873 5229 dicimur
901 5188 1065 5228 uuum
1094 5176 1210 5230 lieri
1237 5190 1359 5231 cum
1384 5174 1631 5242 Domino,
1661 5188 1823 5228 unum

265 5275 386 5315 cum
419 5259 529 5318 Deo
567 5263 774 5319 ratione
819 5263 1068 5319 essentiae
1115 5265 1332 5332 flamus,
1371 5266 1830 5335 quemadmodum

264 5349 436 5406 Filius
461 5368 582 5407 cum
623 5351 807 5409 Patre.
848 5352 905 5409 Si
941 5368 1069 5409 vero
1094 5355 1208 5408 sola
1232 5355 1596 5427 cogitationis,
1628 5355 1712 5410 vel
1745 5371 1832 5412 ac·

268 5443 430 5499 tionis
454 5443 806 5501 similitudine
845 5460 908 5500 ca
952 5446 1151 5515 quibus
1182 5460 1563 5516 comparamur
1591 5448 1707 5502 lieri
1739 5448 1824 5502 di·

266 5533 463 5600 elmar,
491 5549 596 5591 nou
631 5550 818 5592 sumus
846 5536 1008 5607 igitur
1036 5535 1334 5593 secundum
1364 5537 1659 5595 essentiam
1685 5537 1825 5592 idem

1933 4528 2198 4600 ἐνόσησαν
2226 4526 2503 4590 ἀδουλίαν,
2532 4526 2627 4578 καὶ
2656 4524 2796 4578 κατὰ
2830 4523 2992 4592 φύσιν
3024 4518 3165 4576 εἶναι
3193 4523 3353 4578 τοῦτο
3376 4526 3523 4579 ποιεῖ

1932 4622 2070 4691 ὅπερ
2102 4621 2251 4673 ἐστὶν
2282 4619 2466 4673 ἐκεῖνα
2486 4634 2499 4650 ·
2536 4617 2631 4671 καὶ
2664 4614 2846 4677 πάλιν,
2886 4615 2934 4666 εί
2962 4613 3023 4666 τὸ
3063 4614 3355 4686 μιμεῖσθαι
3393 4617 3523 4681 τοὺς

1934 4712 2183 4784 μαθητὰς
2223 4711 2285 4764 τὸ
2311 4710 2407 4763 τοῦ
2445 4710 2621 4779 ὄφεως
2665 4703 2948 4776 φρόνιμον,
3001 4705 3184 4759 καὶτὸ
3215 4709 3315 4776 τῆς
3357 4724 3523 4780 περι-

1934 4806 2132 4875 στερᾶς
2161 4803 2435 4874 ἀκέραιον,
2472 4799 2566 4854 καὶ
2598 4798 2659 4851 τὸ
2695 4795 2791 4849 τοῦ
2819 4795 3031 4867 Πατρός
3059 4796 3153 4849 τοῦ
3197 4799 3255 4850 ὲν
3284 4799 3398 4862 τοῖς
3421 4797 3523 4851 ού-

1939 4898 2119 4966 ρανοῖς
2142 4894 2430 4967 πρόχειρον
2461 4891 2588 4962 περὶ
2608 4889 2669 4942 τὸ
2699 4886 2904 4951 πάντας
2928 4888 3088 4952 έλεῖν,
3114 4888 3207 4940 καὶ
3234 4887 3390 4957 ὄφεις
3419 4887 3523 4942 αύ·

1935 4986 2061 5049 τοὺς
2084 4985 2177 5039 καὶ
2201 4981 2530 5055 περιστερὰς
2549 4981 2645 5036 καὶ
2670 4979 2815 5035 κατὰ
2843 4978 3001 5049 φύσιν
3022 4979 3241 5050 ὁμοίους
3265 4977 3520 5049 γίνεσθαι

1932 5076 2339 5150 παρασκευάζει
2360 5074 2437 5146 τῷ
2463 5074 2583 5146 Θεῷ
2603 5089 2616 5102 ·
2645 5075 2773 5128 ὅταν
2798 5070 3081 5142 λεγώμεθα
3105 5071 3355 5141 γίνεσθαι
3377 5072 3522 5144 πρὸς

1934 5169 2137 5242 Κύριον
2167 5170 2245 5232 ἓν,
2279 5169 2431 5222 οὐδὲν
2460 5167 2659 5223 κωλύει
2683 5166 2883 5234 λέγειν,
2918 5164 3000 5216 ὃτι
3032 5163 3095 5234 δὴ
3129 5164 3271 5219 κατὰ
3304 5163 3399 5217 τὸν
3416 5166 3522 5237 τῆς

1931 5261 2119 5324 ούσίας
2140 5260 2296 5328 λόγον
2321 5259 2377 5312 ἒν
2399 5258 2702 5328 γεγόναμεν
2730 5254 2867 5324 πρὸς
2894 5251 2985 5306 τὸν
3012 5252 3163 5317 Θεὸν,
3184 5251 3376 5325 ὥσπερ
3396 5255 3521 5309 ἐστὶ

1932 5349 2027 5404 καὶ
2049 5349 2078 5401 ό
2107 5348 2235 5412 Υἱὸς
2267 5349 2403 5421 πρὸς
2426 5349 2520 5402 τὸν
2542 5343 2735 5400 ἑαυτοῦ
2766 5341 3005 5412 Πατέρα.
3040 5342 3104 5394 Εἰ
3133 5340 3189 5394 δὲ
3225 5340 3390 5412 μέχρι
3427 5345 3527 5415 μιξ-

1932 5458 2028 5510 νης
2075 5441 2285 5500 ἑννοίας
2320 5440 2353 5511 ἢ
2394 5438 2652 5512 πράξεως,
2690 5437 2723 5506 ἡ
2770 5433 3021 5505 ὁμοιότης
3061 5433 3190 5502 ἡμῖν
3248 5434 3391 5505 πρὸς
3444 5435 3518 5490 τὰ

1930 5529 2513 5604 ἀντιπαραόαλλόμενα
2541 5530 2751 5598 πέφυκε
2782 5524 3050 5594 γίνεσθαι,
3075 5523 3176 5578 οὐκ
3206 5524 3378 5594 ἐσμὲν
3405 5526 3516 5598 ἄρα

349 5706 388 5739 ”
415 5705 558 5766 Pssl.
588 5724 735 5780 usi,
772 5710 826 5771 θ.
903 5713 946 5746 ²¹
981 5708 1122 5769 Psal.
1151 5723 1338 5780 sci-m,
1374 5712 1461 5769 ts.
1535 5712 1579 5746 ‘⁸
1606 5710 1806 5770 ierem.
1838 5727 1886 5782 e,
1913 5710 1969 5769 8.
2047 5710 2089 5744 ¹⁸
2117 5708 2308 5765 matth.
2340 5723 2393 5778 x,
2421 5708 2506 5766 16.
2590 5709 2630 5741 ¹⁸
2661 5708 2790 5764 Luc.
2827 5722 2897 5775 vi,
2930 5707 3019 5762 56.
