3809 6125
26 585 44 641 3
72 588 77 592 .

103 405 245 464 ¹¹09

174 528 238 581 Β.
281 522 406 588 Πῶς
442 521 615 595 ἔφεπε
1476 577 1483 584 .

174 618 241 670 A.
284 615 400 669 Οὐκ
438 611 837 668 ἀναδιώσεσθαι
880 612 1005 678 τοὺς
1040 616 1290 685 νεκροὺς,
1324 617 1418 671 καὶ
1459 618 1690 691 ἐγερθή-

97 710 298 766 σεσθαι
346 710 476 774 τοῦς
520 710 578 763 ἑν
624 710 737 773 τοῖς
791 709 1098 781 μνημείοις,
1139 710 1338 779 λόγιον,
1373 707 1531 783 οἶμαί
1565 729 1690 779 που,

102 802 450 877 προφητικὸν
493 800 840 871 ἁνακέκραγέ
885 816 945 854 τε
990 801 1088 855 καὶ
1135 802 1297 873 ἡμεῖς
1344 802 1690 875 πιστεύομεν,

107 890 610 964 ἀναστοιχειοῦντος
638 892 783 963 ἡμᾶς
808 893 889 955 εἰς
916 890 1064 963 ζωὴν
1087 891 1184 946 τοῦ
1213 892 1394 948 πάντα
1418 893 1694 966 ίσχύοντος

102 983 269 1048 θεοῦ,
308 981 399 1036 διὰ
431 979 527 1033 τοῦ
564 980 721 1049 ἁγίου
760 980 1108 1051 Πνεύματος;

176 1077 242 1131 Β.
282 1073 414 1140 Ναὶ,
451 1073 800 1145 μεμνήσομαι
847 1073 956 1143 γὰρ
1004 1072 1095 1127 τοῦ
1140 1074 1410 1148 μακαρίου
1463 1060 1696 1145 βοῶντος

102 1162 296 1227 Aemo,
328 1160 423 1216 καὶ
473 1160 565 1214 τὸν
597 1162 663 1215 ἐκ
697 1162 796 1228 τῆς
842 1160 1116 1233 ἁμαρτίας
1161 1163 1332 1235 ἡμῶν·
1366 1163 1578 1218 δλισθον
1613 1166 1693 1228 εἰς

104 1253 320 1325 φθορὰν
348 1252 444 1307 καὶ
477 1250 707 1307 θάνατον
749 1253 1215 1325 ἀναγεγραφότος,
1256 1254 1350 1308 καὶ
1381 1254 1474 1309 τὸν
1501 1255 1566 1308 ἐκ
1595 1255 1696 1325 τῆς

104 1343 460 1407 ἀναστάσεως
501 1339 895 1413 άνακαινισμὸν
941 1339 1002 1397 εὗ
1060 1343 1206 1415 μάλα
1257 1343 1692 1416 προῦμνηκότος.

108 1434 260 1503 Ἔφη
298 1431 407 1504 γὰρ
437 1426 541 1485 ὧδε
574 1431 710 1503 πρὸς
738 1432 908 1485 Θεόν·
943 1450 962 1484 t
987 1433 1455 1505 Ἀποστρὲψαντος
1486 1434 1546 1489 δέ
1596 1451 1691 1487 σου

103 1523 172 1577 τὸ
201 1522 510 1595 πρόσωπον,
540 1521 1006 1595 ταραχθήσονται·
1043 1523 1355 1588 ἀντανελεῖς
1385 1524 1444 1577 τὸ
1472 1524 1691 1596 πνεῦμα

103 1614 311 1679 αὐτῶν,
336 1614 432 1669 καὶ
465 1612 794 1683 ἐκλείψουοι,
825 1613 919 1667 καὶ
952 1615 1034 1677 είς
1066 1614 1156 1667 τὸν
1190 1613 1320 1685 χοῦν
1356 1614 1537 1668 αὐτῶν
1571 1615 1692 1668 ἐπι-

110 1706 463 1778 στρέψουσιν.
482 1703 889 1770 Ἐξαποστελεῖς
932 1704 994 1758 τὸ
1039 1703 1266 1776 Πνεῦμά
1305 1722 1420 1771 σου,
1450 1704 1546 1759 καὶ
1577 1722 1695 1758 κτι-

112 1798 430 1869 σθήσονται,
460 1796 554 1853 καὶ
587 1798 923 1860 ἀνακαινιεῖς
948 1796 1008 1850 τὸ
1041 1796 1329 1868 πρόσωπον
1353 1796 1454 1868 τῆς
1480 1794 1604 1867 γῆς.
1631 1815 1650 1848 ι

1169 401 1258 460 DE
1297 403 1393 462 SS.
1437 403 1813 464 TRlNlTATE
1850 407 2199 468 DlALOGUS
2235 409 2349 470 vn.

1618 527 1642 544 ⁸
1717 537 1770 596 A
1865 530 1927 587 Β.
1965 532 2245 600 Quomodo
2271 530 2507 589 dixisti?

3231 398 3363 458 nto

1868 623 1934 677 A.
1977 622 2231 695 Nunquid
2261 632 2506 679 mortuos
2536 623 2602 678 ad
2636 620 2801 677 vitam
2832 623 3143 675 revocatum
3169 612 3238 670 iri
3272 613 3367 683 qui

1795 714 1847 770 in
1883 718 2247 773 monumentis
2268 714 2471 794 jacent,
2523 713 2923 786 propheticum,
2964 717 3025 765 ut
3051 721 3200 773 reor,
3227 719 3368 775 prae·

1793 805 2009 875 dicavit,
2046 807 2352 873 oraculum,
2402 812 2459 863 et
2510 819 2611 861 nos
2654 804 2952 870 credimus,
2996 799 3367 869 omnipotente

1792 898 1909 955 Deo
1936 913 2034 956 nos
2056 899 2122 956 ad
2145 899 2313 955 vitam
2344 898 2635 956 reducente
2660 911 2759 969 per
2783 904 3033 953 sanctum
3069 888 3372 964 Spiritum?

1866 1077 1930 1134 B.
1969 1076 2047 1133 ita
2088 1086 2195 1147 est,
2230 1076 2451 1135 memini
2497 1074 2644 1134 enim
2692 1076 2911 1138 beatum
2945 1070 3202 1127 Davidem
3251 1067 3365 1124 cla-

1795 1185 1969 1236 mare,
1999 1178 2055 1227 et
2080 1168 2291 1240 lapsum
2339 1176 2587 1225 nostrum
2637 1180 2668 1221 a
2696 1172 2921 1235 peccato
2957 1163 3010 1219 in
3053 1159 3363 1230 corruptio·

1795 1275 1918 1318 nem
1968 1268 2023 1317 et
2067 1268 2298 1316 mortem
2350 1258 2692 1325 describere,
2741 1264 2797 1313 et
2841 1252 3243 1311 renovationem
3301 1265 3367 1305 ex

1795 1351 1957 1425 651
1987 1352 2387 1408 resurrectione
2423 1350 2610 1421 utique
2650 1349 2969 1418 proecinere.
3014 1345 3178 1401 Deum
3224 1341 3367 1399 enim

1792 1444 1875 1502 sic
1935 1443 2336 1516 compellabat:
2371 1460 2390 1495 ι
2423 1443 2720 1497 Avertente
2778 1447 2960 1495 autem
3024 1444 3078 1492 te
3138 1434 3367 1496 faciem,

1797 1535 2162 1592 turbabuntur
2188 1552 2202 1589 ι
2231 1533 2454 1589 auferes
2488 1530 2740 1602 spiritum
2768 1542 2980 1595 eorum,
3010 1535 3066 1583 et
3090 1524 3367 1589 deficient,

1794 1635 1851 1682 et
1885 1625 1939 1682 in
1990 1626 2265 1696 pulverem
2316 1638 2478 1682 snum
2515 1628 2878 1679 revertentur.
2927 1618 3160 1675 Emittes
3192 1614 3369 1685 Spiri-

1801 1728 1916 1775 tum
1967 1726 2156 1786 tuum,
2210 1726 2271 1775 et
2318 1716 2686 1783 creabuntur,
2738 1721 2795 1772 et
2836 1707 3130 1769 renovabis
3172 1706 3372 1765 faciem

1797 1815 1959 1865 lerrae
1974 1807 2041 1861 ⁸⁹.
2069 1825 2092 1861 t

183 1889 251 1946 A·
301 1888 359 1942 '0
381 1887 561 1943 τοίνυν
581 1888 956 1959 ἀναπλασμδς,
986 1887 1089 1957 ζκαῑ
1119 1890 1152 1961 ἡ
1184 1887 1279 1942 τοῦ
1304 1888 1690 1961 κατεφθαρμέ-
1720 1877 1763 1937 Β
1859 1899 1928 1956 A.
1956 1898 2139 1966 ltaque
2164 1894 2585 1961 renovationis,
2611 1900 2668 1949 et
2700 1898 2969 1961 corruptae
2994 1888 3070 1945 rei
3106 1888 3175 1944 ad
3216 1886 3371 1943 novi·

105 1995 208 2034 νου
239 1979 553 2053 μεταδρομὴ
583 1980 720 2052 πρὸς
761 1981 1110 2050 καινουργίαν
1137 1997 1197 2034 τε
1235 1980 1330 2034 καὶ
1359 1980 1690 2052 ἀναμὸρφω-

113 2086 225 2138 σιν,
268 2069 431 2143 ἔργον
479 2072 548 2124 ἂν
585 2071 796 2138 γένοιτο
818 2112 833 2139 ,
874 2070 1018 2124 κατά
1056 2087 1122 2139 γε
1156 2069 1217 2124 τὸ
1244 2069 1391 2134 είκὸς
1423 2070 1517 2125 καὶ
1542 2070 1692 2145 αύτῷ

114 2180 210 2236 [μοι
242 2160 433 2218 δοκοῦν
456 2157 515 2217 εὖ
551 2161 715 2234 ἔχειν,
748 2162 847 2235 τῆς
879 2162 1052 2234 αὐτῆς
1077 2160 1293 2232 φύσεως
1322 2180 1381 2217 τε
1413 2163 1510 2217 καὶ
1543 2164 1693 2235 ἔνερ-

110 2253 292 2325 γείας,
333 2248 403 2329 ἦς
438 2252 504 2307 ἂν
543 2254 786 2324 φαίνοιτο
818 2254 914 2308 καὶ
958 2253 1020 2307 τὸ
1049 2254 1108 2307 ὲν
1133 2255 1329 2326 ἀρχαῖς
1364 2254 1692 2327 ἀπορρήτως

113 2345 585 2418 πλαστουργηθέν.

185 2436 250 2492 Β.
285 2434 573 2507 Σύμφημι.

186 2528 254 2580 A.
284 2527 407 2591 Πῶς
432 2523 526 2583 οὖν
566 2527 675 2598 ἄρα
706 2525 769 2580 τὸ
801 2526 871 2581 δι’
894 2518 955 2579 οὗ
997 2526 1091 2580 καὶ
1127 2528 1186 2581 ὲν
1215 2520 1261 2597 ᾧ
1301 2528 1433 2593 Θεὸς
1473 2528 1694 2600 ἐνεργὸς

112 2619 248 2689 περὶ
278 2618 377 2691 τὴν
411 2621 620 2686 Ξιτίσιν,
667 2619 761 2674 καὶ
800 2619 911 2673 τῶν
937 2617 1073 2673 ὅλων
1116 2620 1311 2692 ὁρᾶται
1337 2613 1691 2693 δημιουργὸς,

113 2710 346 2782 γενητὸν
372 2710 439 2766 ἂν
484 2712 570 2781 εἴη
613 2712 707 2765 καὶ
737 2710 1088 2781 ὲκτισμένον;
1115 2712 1257 2783 Ὦρα
1288 2709 1397 2783 γὰρ
1427 2711 1530 2783 ἤδη
1576 2728 1695 2777 πως

113 2806 267 2876 ἡμᾶς
297 2805 470 2860 εἰπεῖν
499 2804 596 2871 ὡς,
634 2808 790 2879 εἴπερ
841 2797 944 2860 ὧδε
975 2806 1119 2878 ἔχειν
1149 2806 1334 2879 ἐροῦσι
1377 2806 1438 2859 τὸ
1475 2806 1692 2879 χρῆμα,

115 2893 348 2966 κτιστὴν
388 2890 527 2948 εἶναι
571 2894 668 2948 τοῦ
720 2894 854 2949 Θεοῦ
891 2895 990 2967 τὴν
1015 2897 1300 2969 ἐνέργειαν
1349 2896 1448 2967 οὐχ
1478 2896 1696 2960 ἑκόντες

119 2981 541 3052 ὁμολογήσουσι.
572 2982 680 3033 Καὶ
708 2983 762 3034 τί
799 2982 858 3035 τὸ
879 2983 1159 3050 ὲντεῦθεν;
1187 2985 1457 3057 Θεομισὴς
1490 2983 1698 3057 δυσφη-

120 3074 247 3144 μία,
271 3072 622 3139 παλίμφημοι
646 3071 793 3134 δόξαι
814 3111 830 3137 ,
868 3072 964 3124 καὶ
993 3073 1093 3141 τῆς
1131 3075 1211 3134 εἰς
1257 3075 1424 3146 ἄκρον
1455 3078 1698 3150 ἡκούσης

113 3161 365 3233 ἀμαθίας
419 3157 756 3229 ἐγκλήματα.
793 3159 941 3230 Ἐρεῖ
977 3160 1105 3232 γὰρ,
1147 3156 1303 3230 οἶμαι
1323 3200 1338 3226 ,
1366 3165 1454 3227 τὶς
1473 3166 1574 3236 τῆς
1602 3169 1698 3223 ἀν-

119 3251 288 3323 δράσι
303 3247 619 3320 πρεπούσης
633 3251 815 3319 σοφοῖς
832 3250 1131 3322 εύκοσμίας
1149 3251 1481 3324 ἠφειδηκὼς,
1497 3254 1704 3313 ἁπλοῦν

122 3346 222 3398 καὶ
245 3342 535 3398 ἀσύνθετον
562 3344 769 3414 κυρίως
809 3360 869 3398 τε
916 3346 1012 3399 καὶ
1064 3341 1299 3417 πρώτως
1334 3343 1397 3400 τὸ
1441 3345 1620 3414 Θεῖον,
1659 3344 1704 3404 ὦ

117 3435 247 3499 τᾶν,
271 3432 373 3488 οὐκ
399 3434 466 3488 ὲκ
488 3432 702 3504 φύσεως
730 3434 829 3491 καὶ
857 3434 1141 3506 ἐνεργείας
1167 3433 1244 3498 ὡς
1278 3432 1410 3507 παρ’
1435 3436 1568 3491 αὐτὸ
1605 3454 1707 3509 φυ-

123 3522 297 3587 σικῶς
318 3521 512 3595 ἐτέρας
544 3520 915 3578 συντεθεῖσθαι
948 3522 1237 3596 νοούμενον
1262 3565 1275 3588 ,
1309 3524 1427 3578 ἀλλ’
1462 3525 1521 3578 ἓν
1558 3542 1613 3579 τι
1641 3526 1705 3580 τὸ

133 3614 355 3685 σύμπαν
377 3614 642 3684 ὑπάρχειν
675 3614 797 3685 μεθ’
831 3607 907 3670 ὧν
936 3614 1207 3680 ούσιωδῶς
1251 3615 1364 3687 ἔχοι
1405 3633 1704 3671 πεπιστευ-

132 3707 314 3775 μένον.
351 3705 558 3760 Οὐκοῦν
595 3708 643 3759 εί
697 3705 906 3776 λέγοιτο
938 3707 1160 3778 κτιστὴν
1193 3707 1290 3761 καὶ
1330 3711 1706 3782 πεποιημένην

127 3799 231 3869 τὴν
261 3799 541 3871 ἐνέργειαν
570 3800 734 3871 ἔχειν,
760 3799 896 3854 ίδίαν
927 3794 1091 3854 οὖσαν
1117 3799 1280 3854 αὐτοῦ
1301 3839 1316 3864 ,
1346 3802 1615 3868 τουτέστι,
1643 3801 1707 3856 τὸ

129 3889 377 3962 Πνεῦμα,
407 3896 502 3946 καὶ
520 3893 653 3948 αὐτό
678 3912 776 3949 που
804 3895 1019 3958 πάντως
1043 3892 1196 3946 ἔσται
1221 3893 1459 3959 κτιστὸν,
1483 3894 1605 3948 ἐπεὶ
1627 3895 1704 3968 μὴ

129 3981 320 4053 ἕτερόν
355 4001 408 4038 τι
444 3988 574 4056 παρ’
596 3986 727 4041 αὐτὸ
754 3987 815 4040 τὸ
847 3986 1068 4057 ὲνεργὲς
1112 3983 1296 4040 αὐτοῦ.
1332 3979 1458 4057 'Ap'
1489 3986 1551 4039 ού
1579 4002 1709 4040 στυ·

131 4072 300 4143 γητος
345 4075 438 4128 καὶ
469 4076 712 4148 ἀπεχθὴς
756 4079 784 4131 ὁ
825 4077 1002 4146 λόγος,
1037 4076 1131 4130 καὶ
1181 4076 1317 4131 πολὺ
1350 4076 1708 4142 διανενευκὼς

135 4166 216 4228 είς
249 4164 311 4218 τὸ
340 4167 665 4237 πεποιῆσθαι
697 4168 1000 4234 δυσσεὸὧς;

210 4254 270 4307 Β.
300 4255 619 4310 Παντάπασι
651 4258 749 4328 μὲν
777 4253 890 4311 οὖν.

204 4349 272 4400 A.
308 4348 600 4403 Καθίκοιτο
621 4350 668 4403 δ’
692 4349 758 4405 ἂν
784 4350 877 4404 καὶ
910 4352 990 4414 είς
1027 4350 1219 4422 ἑτέραν
1253 4351 1435 4416 αὐτοῖς
1479 4351 1709 4406 ἀτοπίαν

136 4438 172 4510 η
194 4436 345 4505 δόξα.

208 4528 270 4581 Β.
301 4529 467 4584 Ποίαν
504 4530 568 4603 δή
594 4547 717 4587 τινα
738 4533 881 4604 φήςῖ

204 4623 271 4675 A.
306 4620 510 4693 Κύριος
541 4621 652 4676 τῶν
690 4624 972 4696 δυνάμεων
1016 4625 1431 4696 κατωνόμασται
1476 4624 1506 4677 ό
1552 4623 1709 4691 Θεὸς,

135 4709 253 4766 ἔστι
285 4711 342 4765 δέ
373 4730 477 4767 που
508 4715 726 4780 πάντως
754 4715 849 4770 καὶ
881 4715 1079 4789 ἀληθὲς
1096 4716 1159 4771 τὸ
1191 4716 1549 4788 ὑμνούμενον.

208 4803 272 4856 Β.
318 4804 562 4875 Ἀληθές·
590 4806 708 4870 πῶς
741 4807 850 4880 γὰρ
881 4807 984 4875 οῦ,

210 4897 276 4949 A.
318 4897 384 4950 Et
399 4913 451 4950 τι
474 4899 763 4969 τοιγαροῦν
787 4902 886 4970 τὴν
909 4899 1170 4955 ἀνωτάτω
1193 4916 1251 4954 τε
1275 4898 1372 4954 καὶ
1407 4897 1557 4953 θείαν
1581 4898 1712 4952 ὑπο-

137 4987 375 5059 κάθηται
406 4987 589 5058 φύσιν,
615 4990 754 5044 ίδίαν
788 4990 887 5062 μὲν
919 4990 1017 5043 οὐκ
1040 4989 1107 5044 ἂν
1130 4988 1242 5060 ἔχοι
1278 4987 1525 5059 δύναμιν·
1550 4985 1711 5056 ἕρπει

136 5078 196 5133 δὲ
217 5078 407 5150 ὥσπερ
435 5080 545 5134 ἀπὸ
586 5081 770 5153 πηγῆς
794 5081 886 5135 τοῦ
914 5080 1070 5146 Θεοῦ,
1094 5079 1236 5134 κατά
1257 5096 1321 5149 γε
1353 5079 1414 5132 τὸ
1436 5075 1586 5148 αὐτῷ
1620 5093 1711 5149 μοι

137 5153 352 5231 δοκοῦν,
388 5169 474 5238 ἐφ’
513 5167 744 5223 ἕκαστον
791 5169 899 5222 τῶν
926 5169 1348 5240 δυναμουμένων
1379 5169 1413 5240 ἠ
1457 5167 1708 5239 δύναμις,

139 5255 397 5329 καθάπερ
424 5258 616 5328 ἀμέλει
650 5259 743 5313 καὶ
771 5260 806 5329 ἠ
838 5259 1020 5328 σοφία,
1055 5259 1151 5313 καὶ
1179 5257 1249 5313 τὰ
1278 5250 1352 5312 ὧν
1380 5261 1496 5311 εστι
1523 5257 1708 5328 δοτηρ.

144 5348 213 5403 Ὃ
247 5347 356 5419 γάρ
381 5350 498 5403 ἐστι
523 5351 665 5405 κατὰ
691 5351 854 5420 φύσιν
889 5352 921 5405 ό
960 5351 1181 5405 πάντων
1215 5348 1493 5421 Δεσπότης
1516 5388 1532 5414 ,
1584 5346 1714 5419 μεθ·

140 5440 318 5504 εκτῶς
350 5441 503 5496 ἔσται
550 5445 644 5497 καὶ
692 5443 822 5513 παρ’
868 5441 1034 5496 αὐτοῦ
1074 5440 1140 5496 τὰ
1169 5439 1533 5512 πεποιημένα,
1571 5440 1714 5495 ὥστε

140 5530 234 5585 καὶ
256 5530 469 5602 ἄγαμαί
497 5548 577 5586 τοι
605 5533 784 5596 καλῶς
813 5531 1100 5604 είρημένον
1132 5530 1213 5584 τό·
1251 5548 1268 5582 ι
1303 5529 1369 5583 Τί
1403 5528 1512 5601 γὰρ
1550 5528 1716 5599 ἔχεις,

139 5623 169 5680 ὀ
194 5624 296 5678 ούκ
333 5624 553 5692 tineam
593 5644 612 5677 ι
652 5625 1014 5697 Ἐφαρμόσειε
1059 5624 1166 5694 γὰρ
1205 5622 1291 5688 ἂν,
1327 5618 1404 5687 ὡς
1435 5623 1628 5689 ἔοικεν,
1669 5623 1720 5674 εῖ

215 5798 259 5828 ”
298 5796 442 5856 Psal.
473 5816 590 5869 cttt,
625 5799 710 5868 29,
753 5801 841 5858 30.
919 5800 964 5832 ‘¹⁰
1001 5799 1020 5856 1
1059 5797 1183 5856 Cor.
1219 5811 1293 5866 tv,
1318 5797 1370 5854 7.

1727 3220 1776 3280 t:

1740 4571 1787 4627 D

1791 1998 1957 2047 tatem
1984 2000 2039 2045 et
2061 1988 2515 2044 instaurationem
2532 1985 2796 2052 reversio,
2821 1998 2958 2055 opus
2981 1980 3168 2047 fuerit,
3198 1988 3371 2051 utpar

1792 2089 1896 2149 est,
1927 2091 1983 2137 et
2005 2089 2150 2138 recte
2172 2079 2289 2151 ipse
2314 2079 2522 2145 sentio,
2558 2076 2801 2147 eiusdem
2829 2074 3046 2131 virtutis
3067 2087 3133 2129 ac
3162 2082 3370 2128 naturae

1792 2172 1949 2243 cujus
1979 2186 2099 2230 esse
2119 2173 2337 2229 videtur
2369 2171 2537 2228 etiam
2569 2169 2657 2227 illa
2690 2183 2780 2225 res
2826 2167 2980 2225 initio
3023 2163 3372 2223 ineffabiliter

1794 2266 2053 2321 formata.

1864 2438 1927 2493 Β.
1951 2438 2261 2495 Assentior.

1862 2528 1930 2582 A.
1956 2528 2235 2596 Quomodo
2265 2526 2546 2599 igiturille
2583 2540 2681 2598 per
2706 2539 2867 2596 quern
2902 2532 2955 2581 et
2987 2523 3041 2580 in
3074 2537 3181 2594 quo
3231 2521 3373 2579 Deus

1796 2619 1943 2676 circa
1972 2629 2281 2675 creaturam
2308 2626 2589 2691 operatur,
2634 2626 2691 2674 et
2726 2616 2975 2674 universi
3007 2616 3187 2688 opifex
3218 2614 3371 2671 vide·

1799 2719 1908 2774 tur,
1942 2709 2115 2767 factus
2143 2710 2247 2767 erit
2276 2724 2342 2765 nc
2371 2708 2624 2767 creatus?
2647 2704 2768 2764 lam
2791 2706 2937 2763 enim
2962 2706 3245 2763 dicendum
3271 2718 3371 2761 no.-

1796 2801 1881 2858 bis
1908 2802 2014 2857 erit
2033 2801 2199 2872 quod,
2233 2802 2279 2856 si
2302 2815 2413 2856 rem
2446 2800 2520 2856 ita
2573 2814 2693 2856 esse
2722 2797 3122 2863 contenderint,
3150 2795 3233 2851 vel
3286 2796 3373 2852 in-

1796 2892 1894 2949 viti
1922 2892 2219 2951 confessuri
2241 2902 2369 2947 sunt
2417 2901 2657 2949 creatam
2692 2905 2815 2947 esse
2843 2889 2935 2945 Dei
2963 2888 3070 2944 vim
3090 2897 3146 2944 et
3183 2903 3376 2959 opera-

1800 2984 2028 3042 tionem.
2057 2982 2124 3039 Et
2152 2982 2281 3055 quid
2321 2992 2433 3040 tum
2457 2982 2623 3039 inde?
2647 2982 2820 3038 invisa
2852 2982 2962 3037 Deo
3015 2979 3375 3053 blasphemia,

1798 3074 2083 3144 opiniones
2112 3071 2363 3142 infames,
2397 3082 2451 3127 et
2507 3081 2772 3127 extremae
2829 3067 3061 3126 inscitia
3112 3064 3368 3124 crimina.

1803 3167 1957 3223 Dicet
1978 3166 2145 3235 enim,
2179 3165 2391 3239 opinor,
2414 3163 2611 3235 aliquis
2634 3163 2726 3233 qui
2776 3161 3041 3218 modestia
3087 3159 3158 3216 sit
3185 3158 3379 3230 praedi·

1810 3267 1914 3325 tus,
1946 3256 2173 3328 simplex
2207 3264 2261 3312 et
2309 3253 2727 3326 incompositum
2776 3252 2994 3324 proprie
3034 3258 3090 3306 et
3116 3249 3380 3322 primario

1811 3347 2021 3403 Numen
2067 3361 2210 3414 esse,
2264 3349 2461 3414 amice,
2500 3362 2607 3402 non
2632 3353 2889 3416 tanquam
2936 3343 3268 3413 intelligatur
3308 3356 3376 3397 ex

1811 3447 2005 3494 natura
2039 3447 2095 3496 et
2126 3439 2444 3510 operatione
2472 3441 2541 3496 ab
2569 3440 2687 3509 ipso
2719 3438 2935 3494 diversa
2994 3433 3379 3505 compositum,

1810 3528 1905 3583 sed
1930 3543 2095 3585 unum
2130 3528 2384 3601 quiddam
2415 3544 2639 3601 prorsus
2655 3544 2775 3585 cum
2804 3527 2873 3584 lis
2899 3527 3220 3598 quibuscum
3250 3525 3379 3581 sub·

1810 3619 2135 3677 stantialiter
2154 3633 2213 3676 se
2240 3619 2638 3698 babet.1taque
2674 3620 2718 3676 si
2774 3618 2988 3675 dicatur
3026 3625 3259 3673 creatam
3326 3625 3381 3672 et

1811 3708 2009 3769 factam
2040 3713 2243 3771 babere
2272 3711 2549 3780 virtutem,
2572 3727 2693 3783 quae
2722 3710 2796 3767 sit
2830 3709 2948 3782 ejus
2984 3709 3225 3780 propria,
3276 3709 3380 3764 ltoc
3468 3765 3477 3773 ,

1810 3810 1918 3869 εει,
1952 3801 2236 3873 Spiritum,
2273 3801 2389 3874 ipse
2406 3801 2567 3858 etiam
2590 3801 2778 3870 utique
2801 3808 3014 3857 creatus
3045 3800 3183 3865 erit,
3210 3814 3382 3869 quan·

1811 3892 2101 3963 doquidem
2135 3892 2279 3949 aliud
2332 3908 2439 3950 non
2459 3900 2545 3950 est
2573 3893 2642 3950 ab
2672 3893 2788 3964 ipso
2837 3893 3011 3948 virtus
3031 3890 3168 3960 ejus.
3193 3889 3382 3945 Nonne

1812 3985 1959 4043 dictu
1994 3987 2320 4043 horrendum
2354 3995 2410 4042 et
2430 3999 2656 4043 exosum
2683 3987 2827 4043 istud
2848 3994 2949 4053 est,
2980 3993 3033 4039 et
3068 3984 3137 4040 ad
3185 3982 3377 4054 impie·

1816 4086 1981 4135 tatcm
2010 4077 2362 4137 veliementer
2401 4078 2612 4152 vergit?

1883 4254 1943 4310 Β.
1975 4253 2229 4313 Omnino.

1886 4349 1954 4403 A.
1990 4348 2097 4405 Sed
2126 4357 2182 4405 et
2206 4349 2260 4405 in
2294 4349 2453 4405 aliam
2486 4363 2704 4420 quoque
2763 4347 3154 4406 absurditatem
3197 4363 3388 4406 eorum

1812 4439 2080 4494 sententia
2110 4448 2349 4494 corruet.

1884 4526 1945 4582 B.
1986 4526 2223 4599 Ecquam
2270 4527 2449 4584 dicis?

1886 4617 1954 4671 A.
1982 4616 2246 4672 Dominus
2277 4615 2535 4671 virtutum
2576 4626 2915 4687 nuncupatus
2956 4624 3040 4674 est
3099 4615 3263 4685 Deus,
3332 4624 3386 4674 et

1817 4722 1950 4765 sanc
1969 4722 2156 4762 verum
2190 4715 2275 4764 est
2306 4707 2435 4763 illud
2466 4708 2607 4780 quod
2634 4709 2842 4765 Psaltes
2868 4709 3037 4767 canit.

1891 4800 1953 4857 B.
1982 4802 2212 4869 Verum3
2241 4802 2363 4872 quis
2385 4801 2633 4858 dubitat?

1889 4897 1954 4947 A.
1985 4893 2042 4948 Si
2072 4893 2201 4964 qnid
2238 4907 2367 4964 ergo
2390 4907 2656 4963 supremae
2682 4907 2745 4949 ac
2773 4893 2965 4950 divinae
3001 4893 3273 4965 subjaceat
3292 4907 3388 4948 na·

1819 4991 1977 5048 turm,
2001 4997 2032 5037 a
2067 4996 2128 5038 sc
2153 4983 2371 5054 quidem
2394 4985 2647 5037 virtutem
2682 4998 2786 5039 non
2819 4983 3002 5051 babet3
3049 4984 3143 5040 sed
3168 4997 3198 5037 a
3252 4981 3382 5049 Deo,

1817 5074 2011 5130 veluta
2040 5073 2206 5144 fonte,
2250 5082 2312 5129 ut
2346 5075 2617 5140 existimo,
2665 5075 2719 5129 in
2760 5075 3178 5146 unumquodque
3197 5088 3385 5130 eorum

1817 5181 1941 5238 qnae
1968 5167 2407 5235 corroborantur,
2443 5182 2504 5224 se
2526 5167 2696 5224 virtus
2728 5165 2985 5236 infundit,
3030 5167 3383 5238 quemadmo-

1818 5256 1948 5312 dum
1972 5256 2225 5312 nimirum
2257 5265 2311 5312 et
2338 5257 2625 5328 sapientia,
2655 5265 2710 5314 et
2736 5271 2800 5313 ea
2822 5271 3052 5327 quorum
3102 5267 3183 5313 est
3216 5255 3383 5327 largi-

1818 5356 1903 5404 tor
1925 5348 2087 5404 Deus.
2113 5346 2247 5404 Nam
2274 5349 2418 5420 quod
2446 5351 2744 5405 secundnm
2769 5357 3019 5404 naturam
3042 5355 3124 5404 est
3144 5347 3385 5404 omnium

1818 5437 2098 5504 Dominus,
2124 5439 2175 5494 id
2197 5453 2294 5509 per
2319 5440 2783 5510 participationem
2802 5447 2960 5494 erunt
2979 5439 3142 5495 etiam
3162 5438 3233 5496 ab
3272 5439 3388 5509 ipso

1819 5544 1904 5584 rcs
1936 5537 2154 5595 crcatae,
2177 5530 2417 5600 adeoque
2450 5527 2759 5584 ntirorillud
2784 5536 2929 5583 reete
2944 5526 3145 5582 dictum
3169 5543 3223 5582 :e
3248 5523 3387 5594 Quid

1819 5620 1961 5676 enim
1993 5619 2155 5677 babes
2184 5619 2325 5691 quod
2350 5636 2453 5677 non
2486 5619 2739 5691 accepisti
2772 5619 2862 5674 ’Π
2898 5637 2916 5670 ι
2957 5617 3014 5674 Si
3069 5617 3190 5690 quis
3244 5618 3386 5674 enim
