3809 6125
345 308 460 367 885

1418 316 1504 372 DE
1537 316 1640 377 SS.
1682 320 2066 381 TmNt'rA'rE
2106 325 2456 384 mALOGus
2489 325 2577 383 tv.

3490 326 3595 381 886

264 417 276 429 ⁹
340 421 486 477 εἶναι
545 419 914 493 πρωτότοκος,
968 425 1089 498 ὥρα
1134 443 1235 480 που
1283 429 1423 501 τάχα
1472 435 1608 506 μηδὲ
1656 436 1924 509 ὑπάρχειν
1954 447 1996 503 Α
2026 442 2239 511 genitus
2278 441 2492 511 quidem
2535 436 2776 498 vicissim
2818 437 2889 494 sit
2928 436 3093 509 510
3130 449 3198 492 ex
3237 448 3304 491 eo
3340 436 3481 505 quod
3521 437 3596 493 sit

271 521 278 525 ’
337 509 480 577 ὅλως
512 511 723 566 οίεσθαι
768 513 860 567 τὸν
895 514 1038 571 Υίόν.
1081 517 1449 590 ’Δντιφέρεται
1494 523 1603 596 γὰρ
1649 527 1919 597 ἀλλήλοιν,

337 605 438 661 καὶ
473 606 639 660 οίονεὶ
664 605 1054 674 συνδιόλλυται,
1075 610 1256 679 σφίσιν
1290 614 1472 677 αὐτοῖς
1494 620 1920 688 προσπταίοντα,

336 697 437 751 καὶ
463 696 565 768 τὴν
589 696 698 753 τῶν
725 701 1142 771 σημαινομένων
1169 704 1534 775 ἅντεξάγοντα
1581 707 1831 780 δύναμιν,
1858 712 1922 765 τὸ

334 789 706 861 πρωτότοκος,
758 790 853 844 καὶ
899 796 1216 867 μονογενής.
1252 797 1380 862 Πῶς
1423 799 1532 871 γὰρ
1573 801 1640 853 ἂν
1680 803 1767 871 ἐφ’
1801 802 1921 866 ἑνὸς

333 883 435 937 καὶ
483 880 684 936 ταυτοῦ
735 882 984 937 τάττοιτό
1033 902 1093 938 τε
1150 886 1412 961 ἑκάτερον
1469 894 1563 949 καὶ
1615 891 1812 963 ἀληθὲς
1860 892 1920 946 ὃν

332 975 543 1039 νοοῖτο;

406 1152 471 1206 Β.
497 1150 614 1205 Οὐκ
659 1148 727 1203 ἂν
760 1151 963 1219 ἑτέρως
996 1153 1232 1221 δύναιτο,
1281 1156 1533 1228 καθάπερ
1566 1160 1800 1230 ἐγῷμαι,
1842 1162 1915 1231 μὴ

331 1238 838 1311 παρειστρεχούσης
861 1238 960 1309 τῆς
990 1241 1126 1310 μετὰ
1154 1244 1354 1314 σαρκὸς
1386 1246 1715 1317 οἰκονομίας.
1893 1295 1901 1303 .

400 1320 470 1385 A.
492 1329 628 1386 Καὶ,
661 1330 770 1401 μὴν
805 1329 914 1383 ίσθι
943 1347 1024 1386 τοι
1065 1333 1428 1405 πεφρονηκὼς
1456 1335 1556 1406 οὐχ
1602 1335 1789 1406 ἔτερόν
1838 1353 1912 1397 τι,

329 1420 488 1492 παρὰ
513 1420 577 1475 τὸ
607 1422 718 1483 τοῖς
738 1420 917 1488 ἁγίοις
943 1420 1037 1477 καὶ
1064 1421 1346 1495 θεηγόροις
1367 1424 1578 1491 δοκοῦν,
1603 1426 1653 1479 οἳ
1675 1426 1767 1480 τὸν
1786 1427 1917 1497 περὶ

329 1512 537 1566 τούτων
585 1514 716 1583 ἡμῖν
754 1512 1061 1583 παρέδοσαν
1095 1532 1154 1567 τε
1209 1516 1303 1569 καὶ
1349 1515 1684 1590 διεσάφησαν
1734 1517 1912 1586 λόγον.

339 1603 399 1657 '0
428 1602 530 1673 μὲν
557 1602 668 1672 γὰρ
710 1602 1000 1667 θεσπέσιος
1043 1605 1316 1676 Ἰωάννης,
1367 1608 1461 1661 καὶ
1502 1608 1785 1678 μονογενῆ,
1820 1609 1915 1662 καὶ

2024 529 2440 599 primogenitus,
2479 527 2732 599 sequitur
2773 528 3065 597 putandum
3108 539 3284 597 neque
3320 525 3593 582 exsistere

2023 633 2245 688 prorsus
2281 619 2497 675 Filium.
2532 618 2890 688 Opponuntur
2920 616 3064 672 enim
3104 618 3247 672 inter
3277 630 3358 683 se,
3391 624 3448 670 et
3484 630 3593 671 una

2024 709 2417 779 quodammodo
2453 717 2677 779 pereunt
2714 717 2901 762 mutuo
2937 708 3178 772 incursu,
3210 714 3265 760 et
3297 720 3479 761 rerum
3512 705 3593 760 si-

2024 797 2397 868 gnificatarum
2426 799 2476 852 vi
2508 806 2563 853 et
2590 798 2802 853 ratione
2831 795 3061 851 invicem
3091 793 3358 865 opposita,
3385 793 3593 861 primo-

2021 890 2238 960 genitus
2277 901 2333 946 et
2387 889 2714 959 unigenitus.
2773 886 3054 957 Quomodo
3094 886 3236 956 enim
3279 887 3347 943 de
3389 901 3497 941 uno
3536 893 3595 941 et

2020 980 2209 1038 eodem
2259 988 2550 1049 utrumque
2593 986 2846 1050 ponetur,
2891 991 3187 1050 verumque
3231 990 3353 1036 esse
3397 991 3590 1034 cense-

2019 1071 2203 1127 bitur?

2091 1164 2154 1218 B.
2194 1162 2311 1220 Non
2346 1164 2545 1233 poterit
2578 1163 2754 1227 aliter,
2790 1172 2849 1218 ut
2893 1175 3036 1232 reor,
3066 1161 3170 1220 nisi
3203 1159 3591 1220 incarnationis

2020 1251 2353 1321 dispensatio
2380 1252 2540 1309 simui
2568 1253 2905 1308 admittatur.

2088 1343 2153 1396 Δ.
2196 1342 2356 1412 Atqui
2407 1341 2551 1398 scias
2600 1350 2655 1398 te
2702 1356 2812 1397 non
2861 1341 3001 1396 aliud
3048 1341 3338 1411 quidquam
3387 1344 3592 1400 sentire

2021 1446 2179 1500 quam
2213 1430 2354 1501 quod
2386 1430 2560 1485 visum
2586 1437 2667 1484 est
2698 1428 2904 1484 sanctis
2934 1426 3184 1488 Patribus
3211 1442 3275 1483 ac
3303 1428 3588 1500 theologis,

2017 1521 2107 1589 qui
2151 1520 2291 1575 lianc
2328 1518 2487 1575 nobis
2524 1518 2825 1574 doctrinam
2866 1518 3205 1578 tradiderunt
3238 1526 3294 1573 et
3328 1532 3592 1589 exposue-

2018 1622 2166 1668 runt.
2202 1612 2429 1667 Divinus
2460 1611 2605 1667 enim
2637 1610 2878 1665 loannes
2913 1623 3035 1668 cum
3073 1609 3438 1680 unigenitum.
3477 1617 3588 1664 tum

325 1695 461 1749 Θεὸν
490 1694 846 1766 κατωνόμασε
867 1695 958 1749 τὸν
986 1698 1050 1750 ὲκ
1073 1697 1208 1752 Θεοῦ
1241 1699 1434 1767 Λόγον,
1459 1699 1553 1754 καὶ
1582 1698 1690 1769 μὴν
1714 1699 1811 1756 καὶ
1853 1699 1916 1753 τὸ
2021 1703 2190 1759 Deum
2221 1703 2524 1758 nominavit
2552 1716 2617 1756 ex
2650 1703 2759 1757 Deo
2779 1700 3045 1766 Verbum,
3072 1700 3200 1778 quin
3230 1709 3286 1764 et
3312 1699 3588 1762 :eternita-

322 1790 567 1863 ἄναρχον
601 1792 660 1846 ἐν
692 1791 868 1862 χρόνῳ
897 1794 1469 1866 προσμεμαρτύρηκεν
1493 1794 1569 1860 ὠς
1599 1792 1737 1864 Θεῷ.
1772 1790 1913 1846 Παῦ·
1943 1776 1986 1831 Β
2018 1800 2123 1847 tem
2161 1793 2235 1857 ei,
2267 1801 2459 1862 tripole
2495 1792 2627 1856 Deo,
2659 1789 2903 1856 ascribit.
2931 1788 3131 1860 Paulus
3163 1798 3343 1856 autem
3380 1797 3585 1852 noster,

321 1880 415 1945 λος
440 1879 502 1934 δὲ
538 1881 719 1951 ἠμῖνό
746 1881 842 1935 καὶ
872 1882 1110 1952 Χριστοῦ
1136 1883 1341 1953 γέμων,
1378 1880 1630 1951 ἐμπλεώς
1655 1900 1716 1935 τε
1744 1879 1915 1933 Πνεῦ-

325 1988 498 2042 ματος
521 1971 700 2041 ἁγίου,
742 1972 834 2024 καὶ
882 1971 1104 2043 ἄριστος
1136 1975 1193 2027 ὲν
1233 1976 1649 2044 μυσταγωγοίς·
1688 1991 1706 2023 ι
1742 1972 1912 2026 Ὅταν

319 2061 402 2124 δὲ,
427 2061 613 2133 φησὶν,
650 2063 923 2136 εἰσαγάγῃ
952 2064 1043 2118 τὸν
1085 2066 1429 2136 πρωτότοκον
1470 2066 1552 2129 εἰς
1598 2066 1698 2135 τὴν
1733 2066 1914 2127 οἰκου-

326 2154 519 2226 μένην,
551 2152 730 2222 λέγει·
783 2153 893 2208 Καὶ
933 2156 1469 2227 προσκυνησάτωσαν
1509 2154 1657 2227 αὐτῷ
1706 2154 1913 2218 πάντες

326 2240 549 2309 ἄγγελοι
572 2240 728 2307 ono-3.
760 2260 778 2294 ι
823 2243 1032 2312 καιρὸν,
1068 2240 1222 2317 οἶμαί
1256 2262 1381 2312 που,
1415 2245 1507 2301 τόν
1531 2246 1808 2316 πρέποντα
1832 2245 1911 2317 τῷ

334 2332 666 2402 πρωτότοκος
717 2335 1010 2405 ἀπονέμων
1042 2337 1132 2390 τὸν
1183 2337 1321 2408 μετὰ
1370 2340 1593 2411 σαρκός.
1643 2339 1909 2411 Παρήχθη

337 2422 447 2493 γὰρ
471 2422 630 2489 οὕτως
669 2428 753 2490 είς
791 2428 1016 2497 κόσμον,
1050 2428 1228 2485 καίτοι
1261 2429 1426 2486 πάλαι
1455 2448 1514 2484 τε
1549 2430 1646 2484 καὶ
1683 2430 1910 2485 διαπαν-

329 2514 438 2577 τδς.
465 2514 523 2568 ἐν
541 2515 692 2587 αὐτῷ
713 2534 772 2570 τε
805 2516 901 2583 ὢν,
934 2520 1026 2578 καὶ
1053 2521 1146 2574 ὑπ’
1178 2520 1345 2575 αὑτοῦ
1379 2520 1453 2591 μὴ
1485 2522 1903 2593 γινωσκόμενος.

321 2603 598 2660 Δέδεικται
631 2608 689 2661 δὲ
719 2607 861 2663 οὗτοι
900 2610 1084 2666 λοιπὸν
1118 2613 1348 2684 μεσίτης
1381 2613 1518 2666 Θεοῦ
1559 2611 1656 2667 καὶ
1696 2612 1911 2684 ἀνθρώ-

319 2711 459 2758 πων,
479 2696 622 2767 ἔχων
654 2699 752 2766 μὲν
783 2699 913 2755 ἴδιόν
939 2719 998 2754 τε
1030 2702 1125 2756 καλΙ
1149 2702 1450 2775 ἐξαίρετον,
1483 2703 1545 2756 τὸ
1580 2698 1720 2758 εἶναι
1747 2720 1907 2773 μονο-

315 2786 517 2856 γενής·
551 2786 684 2851 Θεὸς
727 2788 837 2860 γὰρ
865 2785 933 2861 ἦν
979 2793 1043 2845 ὲκ
1070 2791 1227 2857 Θεοῦ,
1264 2794 1426 2863 μόνος
1471 2794 1537 2846 ἐκ
1589 2792 1775 2862 μόνου,
1813 2793 1908 2847 καὶ

316 2875 652 2948 ἀπορρήτοις
705 2881 1103 2951 γεγεννημένος
1127 2900 1142 2914 ·
1195 2884 1381 2956 ἐπειδὴ
1424 2884 1484 2939 δὲ
1532 2884 1724 2953 γέγονε
1782 2883 1904 2939 καθ’

309 2968 489 3038 ἡμᾶς,
524 2971 645 3022 τότε
677 2969 766 3041 δὴ,
788 2972 910 3025 τότε
941 2974 1038 3027 καὶ
1066 2974 1144 3038 ὡς
1181 2976 1429 3047 ἀδελφοῖς
1452 2978 1554 3047 ἤδη
1583 2976 1904 3043 συντετάξε-

306 3078 413 3115 ται
439 3059 530 3113 διὰ
554 3060 647 3114 τοῦ
673 3061 952 3125 καλεῖσθαι
987 3066 1350 3138 πρωτότοκος.
1383 3071 1492 3124 Ποῦ
1528 3071 1638 3143 γὰρ
1675 3074 1709 3144 ἡ
1736 3072 1907 3128 κένω-

313 3167 430 3217 σις,
452 3154 501 3205 εἰ
528 3153 603 3225 μὴ
632 3155 690 3208 ὲν
710 3154 788 3226 τῷ
812 3157 1066 3226 γενέσθαι
1096 3158 1439 3229 πρωτότοκον
1462 3163 1527 3216 ὲκ
1557 3163 1897 3237 μονογενοῦς,

312 3245 417 3301 καὶ
456 3245 516 3296 ὲν
542 3244 803 3316 κτίσμασι
851 3248 967 3318 μεθ’
1010 3248 1170 3321 ἡμῶν
1195 3249 1271 3316 ὥς
1315 3250 1602 3323 ἄνθρωπον
1638 3255 1728 3310 τὸν
1762 3257 1902 3329 ὑπὲρ

317 3335 503 3389 πᾶσαν
527 3335 627 3406 τὴν
654 3335 866 3406 κτίσιν;
893 3337 1004 3397 Ποῦ
1042 3338 1101 3393 δὲ
1130 3339 1268 3405 ὅλως
1303 3339 1618 3415 ἑπτώχευσε
1647 3343 1902 3410 πλούσιος

315 3422 418 3490 ὢν,
446 3427 495 3481 εἰ
518 3424 594 3497 μὴ
625 3426 956 3497 προσλαόὼν
990 3430 1187 3502 ὁρᾶται
1208 3430 1274 3491 τὸ
1298 3431 1602 3506 ἀλλότριον,
1626 3435 1695 3490 δι’
1715 3432 1776 3494 οῦ
1805 3439 1902 3495 καὶ

317 3515 698 3590 ἱπτώχευσενς
728 3522 790 3577 Εἰ
836 3521 892 3576 δὲ
921 3524 981 3578 ὲν
1017 3521 1097 3595 τῷ
1129 3527 1468 3582 κεκενῶσθαι
1511 3530 1678 3601 μόνῳ,
1705 3529 1802 3585 καὶ
1842 3534 1901 3586 ὲν

317 3609 397 3680 τῷ
423 3611 520 3680 τῆς
552 3611 794 3681 ὑφέσεως
820 3615 1015 3686 χρόνῳ.
1051 3617 1112 3671 τὸ
1141 3619 1368 3690 γενητόν
1406 3622 1543 3685 ἐστι,
1572 3623 1665 3677 καὶ
1691 3623 1755 3677 τὸ
1776 3640 1904 3678 συν·

317 3699 573 3769 τετάχθαι
619 3703 912 3772 κτίσμασιν
935 3722 949 3735 ·
975 3701 1063 3778 ἆρ’
1092 3707 1213 3778 οὐχὶ
1247 3709 1451 3779 πρέποι
1494 3711 1561 3766 ἂν
1599 3714 1801 3784 ἥκιστά
1836 3731 1899 3783 γε

317 3791 398 3862 τῷ
425 3791 500 3863 μὴ
528 3795 828 3866 κενωθῆναι
871 3797 932 3851 τὸ
971 3799 1219 3871 γενητὸν,
1253 3800 1391 3856 ἀλλὰ
1429 3802 1492 3856 τὸ
1541 3804 1899 3876 ὑπερκεῖσθαι

320 3883 518 3946 κτίσιν,
551 3888 645 3941 καὶ
670 3887 827 3958 δόξης
867 3889 1127 3945 ἐπέκεινα
1155 3893 1256 3961 τῆς
1283 3891 1376 3947 τοῦ
1404 3896 1730 3968 πεποιῆσθαι
1766 3898 1899 3969 δρα-

326 3978 480 4046 μεῖν;

390 4067 451 4120 Β.
488 4069 693 4139 Πρέποι
724 4071 832 4143 γὰρ
860 4072 945 4126 ἄν.

394 4162 458 4213 Α.
487 4159 597 4215 Καὶ
629 4163 678 4214 εί
714 4162 775 4215 τὸ
810 4165 1154 4235 πρωτότοκος
1200 4167 1260 4221 ὲν
1287 4166 1366 4238 τῷ
1391 4168 1459 4221 δι’
1500 4170 1647 4239 ἡμᾶς
1683 4171 1900 4226 ἑλέσθαι

322 4249 517 4305 παθεῖν
540 4251 638 4321 τὴν
665 4251 1069 4328 θρυλλουμένην
1092 4257 1388 4328 πτωχείαν,
1406 4254 1466 4313 εὖ
1494 4259 1638 4330 μάλα
1668 4277 1901 4333 παρεισ·

321 4341 598 4410 κρίνεται,
656 4345 1064 4415 συνεπτώχευσε
1108 4347 1217 4419 γάρ
1279 4348 1433 4418 ἡμίν,
1487 4349 1742 4414 πλούσιος
1787 4352 1896 4420 ὢν,

321 4433 527 4505 ἀραρὸς
548 4434 614 4488 ἂν
636 4434 722 4506 εἴη
752 4436 847 4490 καὶ
871 4436 1091 4509 ἀληθὲς,
1118 4435 1271 4510 οἶμαί
1299 4457 1422 4506 που,
1442 4442 1509 4496 τὸ
1536 4442 1733 4514 χρῆναι
1760 4446 1899 4497 νοεῖν
1934 4475 1981 4534 D

321 4524 398 4588 ὡς
429 4519 498 4595 ἦν
520 4526 579 4579 ἐν
607 4527 684 4597 τῷ
724 4527 801 4599 μὴ
837 4528 1173 4598 πτωχεῦσαι,
1206 4533 1519 4605 μονογενής.
1549 4534 1762 4605 Χρῆναι
1791 4534 1902 4606 γὰρ

319 4613 476 4688 οἶμαι
524 4617 705 4689 πάντη
746 4636 805 4674 τε
845 4621 938 4675 καὶ
973 4621 1211 4686 πάντως,
1240 4622 1361 4676 οὐδὲ
1400 4623 1462 4677 ἓν
1498 4626 1586 4679 ἐπ’
1618 4625 1767 4698 αὐτῷ
1792 4627 1904 4683 διε-

321 4707 556 4778 ψεῦσθαι
596 4712 709 4764 τοῖν
749 4710 1054 4781 ὀνομάτοιν.
1085 4713 1240 4769 Ἐστι
1273 4713 1329 4766 δὲ
1354 4716 1412 4769 ὲν
1435 4716 1638 4788 ταυτῷ,
1668 4718 1765 4773 καὶ
1804 4736 1902 4789 μο-

324 4800 550 4871 νογενὴς
597 4803 691 4856 καὶ
733 4802 1108 4871 πρωτότοκος,
1141 4803 1216 4867 ὡς
1264 4805 1391 4870 Υἱὸς
1433 4807 1670 4879 ἀληθῶς,
1711 4810 1806 4864 καὶ
1836 4811 1900 4864 οὐ

324 4891 554 4963 ποίημα.

394 4981 455 5037 Β.
496 4983 656 5038 Ἀλλὰ
685 4983 944 5051 τέθειται,
980 4985 1134 5054 φασὶ,
1162 4987 1255 5040 καὶ
1291 4987 1429 5042 κατὰ
1458 4987 1568 5067 τῷν
1607 4991 1900 5061 ὁμολογου-

325 5076 503 5147 μένως
531 5077 855 5148 ποιημάτων
887 5060 968 5143 τὸ,
997 5078 1143 5144 Υἱὸς,
1166 5079 1357 5150 ὄνομα.
1387 5097 1404 5131 ι
1443 5076 1584 5148 Ἐγὼ
1619 5080 1725 5152 γὰρ
1746 5077 1896 5152 εἶπα,

323 5168 457 5237 φησί
478 5184 491 5199 ·
523 5167 648 5222 Θεοί
679 5170 823 5232 ἐστε,
851 5170 946 5223 καὶ
974 5171 1078 5225 υἱοὶ
1122 5170 1376 5240 Ὑψίστου
1401 5172 1621 5238 πάντες.
1660 5191 1679 5225 ι

393 5263 459 5312 Α.
490 5255 621 5314 Εἶτα
646 5260 720 5322 τί,
755 5259 981 5330 φράσον,
1014 5261 1106 5314 τὸν
1133 5261 1348 5332 άληθῶς
1377 5279 1436 5317 τε
1460 5261 1555 5318 καὶ
1580 5262 1739 5333 φύσει
1767 5262 1900 5319 Θεὸν

323 5351 420 5405 καὶ
456 5351 607 5415 Υίὸν,
649 5351 708 5418 ἐξ
755 5352 924 5423 αὐτῆς
952 5354 1050 5422 τῆς
1079 5353 1266 5418 οὐσίας
1309 5355 1588 5424 πεφηνότα
1628 5353 1722 5408 τοῦ
1765 5355 1899 5409 Θεοῦ

324 5441 418 5493 καὶ
451 5443 685 5514 Πατρός,
713 5444 1022 5515 ἀδικήσειεν
1046 5443 1111 5498 ἂν
1134 5447 1211 5509 είς
1236 5444 1413 5510 δόξαν,
1442 5447 1609 5517 ᾖγουν
1634 5448 1714 5511 είς
1739 5447 1901 5501 αὐτὸν

322 5532 417 5587 τὸν
453 5533 550 5588 τοῦ
589 5552 704 5601 πως
730 5531 869 5590 εἶναι
907 5536 1196 5607 νοούμενον
1222 5536 1400 5606 λόγον,
1432 5539 1481 5592 εί
1506 5538 1600 5595 καὶ
1621 5538 1776 5609 ἡμεῖς
1804 5537 1900 5593 αὐ-

397 5709 443 5743 “
479 5709 641 5768 tlt-br.
672 5729 706 5779 ι,
733 5714 787 5769 (i.
867 5715 904 5747 ²¹¹
942 5713 959 5769 l
989 5713 1124 5770 Tim.
1156 5730 1213 5780 ιι,
1239 5715 1290 5770 5.

2020 1884 2111 1954 qui
2138 1892 2192 1938 et
2218 1882 2439 1940 Christo
2461 1883 2721 1950 abundat,
2746 1889 2803 1936 et
2828 1878 3028 1950 Spiritu
3056 1887 3245 1936 sancto
3269 1878 3457 1950 plenus
3481 1890 3587 1942 est,

2014 1975 2503 2046 praestantissimus
2529 1974 2618 2028 illo
2646 1974 3027 2044 mysteriorum
3054 1971 3321 2046 interpres
3350 1988 3367 2025 ι
3399 1989 3418 2023 t
3455 1970 3587 2025 Cum

2015 2074 2227 2129 autem,
2268 2066 2470 2136 inquit,
2508 2063 2802 2120 introducit
2842 2061 3259 2131 Primogenitnm
3305 2060 3356 2115 in
3399 2061 3583 2118 orbem

2014 2168 2193 2227 terrm,
2217 2157 2352 2213 dicit
2380 2179 2393 2213 ι
2422 2157 2489 2214 Ει
2520 2156 2747 2214 adorent
2774 2170 2896 2212 eum
2921 2168 3116 2211 omnes
3142 2154 3313 2223 angeli
3348 2153 3438 2210 Dei
3460 2151 3526 2219 ⁸⁸,
3560 2170 3582 2204 ι

2016 2257 2253 2318 tempus,
2278 2258 2336 2304 ut
2363 2248 2579 2318 opinor,
2606 2261 2902 2318 congruum
2933 2246 3177 2305 tribuens
3204 2244 3585 2315 primogenito,

2014 2339 2143 2395 illud
2186 2336 2598 2394 incarnationis.
2639 2336 2730 2394 Sic
2770 2336 2913 2396 enim
2954 2335 3176 2390 eductus
3213 2344 3298 2391 est
3336 2334 3389 2388 in
3432 2350 3584 2389 niun-

2013 2430 2171 2496 dum,
2204 2427 2453 2500 quamvis
2490 2426 2620 2483 olim
2656 2436 2713 2483 et
2747 2441 2962 2497 semper
3008 2426 3060 2481 in
3094 2425 3211 2497 ipso
3244 2435 3390 2481 esset
3433 2433 3487 2479 et
3519 2424 3585 2479 als

2012 2526 2127 2595 ipso
2162 2539 2268 2590 non
2302 2531 2706 2594 agnosceretur.
2744 2522 2837 2578 Sic
2868 2532 3047 2580 autem
3084 2521 3298 2584 demum
3336 2528 3587 2584 ostensus

2010 2626 2095 2673 est
2119 2616 2384 2684 mediator
2405 2613 2501 2671 Dei
2527 2623 2579 2671 et
2606 2613 2884 2672 hominum
2902 2613 2970 2680 ⁸¹,
2995 2612 3201 2670 liabens
3224 2611 3277 2667 id
3303 2614 3583 2682 proprium

2008 2717 2064 2765 et
2094 2706 2391 2772 eximium„
2426 2707 2568 2777 quod
2599 2715 2720 2762 erat
2751 2704 3085 2774 unigenitus.
3116 2701 3260 2762 Deus
3291 2704 3433 2766 enim
3469 2712 3585 2757 crat

2008 2814 2076 2854 ex
2113 2799 2245 2865 Deo,
2282 2812 2420 2851 unus
2453 2812 2516 2850 ex
2555 2810 2685 2861 uno,
2721 2804 2774 2851 et
2807 2794 3151 2851 ineffabiliter
3181 2794 3413 2866 genitus.
3448 2791 3582 2846 Cum

2008 2897 2192 2943 autem
2226 2887 2406 2943 saeuis
2438 2887 2509 2942 sit
2542 2885 2704 2942 bomo
2737 2885 2893 2942 sicuti
2932 2898 3054 2951 nos,
3087 2895 3215 2940 tunc
3248 2892 3419 2947 certe,
3457 2890 3583 2938 tunc

2008 2979 2173 3036 etiam
2209 2979 2352 3035 inter
2379 2978 2578 3034 fratres
2607 2977 2962 3034 collocabitur
2990 2990 3057 3031 ex
3092 2989 3157 3031 eo
3187 2972 3328 3045 quod
3362 2982 3585 3027 vocatur

2007 3070 2425 3141 primogenitus.
2448 3070 2551 3127 Ubi
2579 3070 2723 3126 enim
2750 3068 2839 3125 illa
2866 3068 3117 3135 inanitio,
3141 3067 3243 3123 nisi
3270 3066 3326 3121 in
3352 3080 3417 3121 eo
3442 3064 3584 3135 quod

2011 3160 2185 3217 tactus
2211 3170 2297 3216 est
2323 3159 2718 3231 primogenitus
2748 3173 2813 3214 ex
2844 3156 3143 3228 unigenito,
3171 3164 3227 3213 et
3258 3155 3403 3210 inter
3428 3167 3585 3209 crea·

2011 3259 2160 3306 turas
2198 3250 2476 3306 nobiscum
2509 3256 2568 3305 ut
2602 3249 2788 3314 homo,
2820 3247 2869 3301 is
2901 3245 2995 3317 qui
3028 3258 3242 3310 omnem
3275 3249 3581 3298 creaturam

2012 3343 2269 3414 superat?
2305 3340 2409 3399 Ubi
2438 3355 2568 3399 vero
2594 3340 2648 3396 in
2681 3341 2994 3397 universum
3030 3335 3206 3401 [actus
3234 3344 3320 3391 est
3347 3347 3581 3404 egenus,

2010 3452 2133 3493 cum
2164 3436 2236 3493 sit
2264 3437 2415 3492 dives
2437 3436 2506 3505 ⁸⁸,
2535 3435 2637 3490 nisi
2667 3443 2943 3503 ossumpta
2976 3447 3034 3488 re
3062 3429 3269 3499 aliena,
3297 3444 3397 3498 per
3420 3442 3580 3501 quam

2010 3531 2186 3586 sactus
2218 3543 2432 3600 quoque
2466 3527 2537 3584 sit
2573 3525 2812 3596 egenus?
2838 3523 2993 3591 Quod
3026 3524 3071 3581 si
3108 3523 3162 3579 in
3196 3536 3262 3579 eo
3296 3520 3410 3578 solo
3438 3519 3582 3589 quod

2011 3620 2251 3676 inanitus
2289 3626 2404 3686 est,
2451 3627 2509 3672 et
2568 3615 2625 3671 in
2677 3613 3074 3671 extenuationis
3116 3621 3356 3681 tempore
3406 3602 3581 3663 fartus

2008 3726 2130 3771 esse
2161 3719 2218 3766 et
2243 3710 2384 3766 inter
2419 3716 2700 3765 creaturas
2725 3713 3063 3774 computatus
3089 3702 3375 3775 reperitur,
3420 3715 3581 3754 num-

1999 3805 2140 3876 'quid
2183 3804 2385 3861 factum
2426 3815 2546 3859 esse
2585 3809 2925 3872 nequaquam
2969 3795 3018 3851 ei
3060 3793 3344 3849 conveniet
3385 3791 3428 3845 si
3473 3805 3579 3845 non

2012 3897 2175 3952 [tuerit
2206 3894 2470 3960 inanitus,
2496 3891 2592 3948 sed
2618 3897 2881 3946 creaturae
2914 3885 3253 3958 praecellere,
3282 3893 3339 3938 et
3363 3896 3575 3939 omnem

2009 3990 2232 4049 factura».
2257 3987 2484 4060 gloriam
2515 3983 2809 4056 superare?

2079 4081 2138 4137 Β.
2176 4080 2253 4137 lta
2285 4092 2526 4150 prorsus.

2079 4173 2146 4228 A.
2183 4169 2280 4237 Et,
2310 4171 2354 4225 si
2383 4168 2509 4223 illud
2526 4207 2542 4235 ,
2566 4165 2992 4238 primogenitus,
3018 4163 3072 4217 in
3100 4175 3165 4217 eo
3189 4160 3332 4232 quod
3359 4169 3579 4232 propter

2009 4278 2108 4320 nos
2146 4261 2254 4333 pati
2290 4260 2461 4317 voluit
2494 4259 2760 4328 insignem
2797 4254 2943 4312 illam
2979 4253 3318 4327 pauperiem,
3352 4251 3575 4321 potissi-

2008 4373 2154 4413 mum
2212 4354 2549 4424 intelligitur,
2605 4349 2887 4407 nobiscum
2942 4346 3088 4403 enim
3142 4360 3343 4414 egenus
3404 4341 3575 4398 iactus

2007 4458 2235 4505 estcum
2260 4456 2407 4504 esset
2452 4443 2687 4512 θίγοιμ’,
2727 4450 2856 4507 stat.
2894 4440 3109 4511 opinor,
3135 4436 3574 4506 intelligendum.

2006 4541 2059 4595 in
2098 4554 2167 4594 eo
2205 4538 2347 4608 quod
2390 4550 2493 4591 non
2538 4541 2715 4604 egeat,
2758 4546 2876 4587 esse
2920 4527 3274 4599 unigenitum.
3314 4524 3579 4581 Existimo

2004 4630 2148 4686 enim
2190 4626 2394 4682 nullum
2435 4623 2594 4694 plane
2630 4622 2844 4677 illorum
2880 4621 3161 4677 hominum
3195 4618 3261 4676 tle
3296 4618 3411 4691 ipso
3442 4614 3578 4670 salso

2006 4722 2207 4777 dictum
2247 4732 2389 4775 esse.
2433 4715 2634 4771 Eadem
2677 4721 2859 4768 autem
2905 4723 2993 4768 est
3042 4711 3180 4767 ratio
3223 4708 3481 4781 unigeniti
3523 4717 3578 4762 et

2005 4810 2372 4882 primogeniti,
2410 4807 2573 4880 520
2610 4809 2666 4863 in
2705 4812 2963 4877 quantum
3004 4811 3251 4874 est‚vere
3286 4800 3478 4869 Filius,
3521 4809 3577 4855 et

2007 4917 2114 4959 non
2144 4901 2372 4957 factura.

2079 4993 2141 5049 B.
2181 4996 2251 5050 At
2296 4999 2607 5062 usurpatur,
2656 4989 2928 5061 inquiunt,
2971 4987 3101 5044 illud
3145 5001 3365 5052 nomen,
3412 4983 3576 5051 iilius,

2007 5084 2171 5142 etiam
2205 5082 2388 5154 procul
2426 5081 2588 5138 dubio
2615 5083 2683 5138 de
2712 5078 2977 5136 creaturis
3007 5096 3022 5134 ι
3057 5097 3077 5132 ι
3117 5077 3229 5150 Ego
3262 5078 3408 5136 enim
3442 5076 3576 5142 dixi,

2009 5177 2186 5247 inquit
2215 5193 2230 5232 ι
2264 5173 2347 5229 Dii
2378 5173 2530 5237 estis,
2558 5181 2615 5229 et
2644 5170 2737 5227 lilii
2769 5169 2984 5228 Excelsi
3012 5183 3203 5227 omnes
3226 5168 3291 5224 ⁸⁸.
3331 5187 3352 5237 ι

2080 5267 2145 5324 Α.
2187 5266 2292 5322 Sed
2314 5262 2464 5334 quid,
2483 5277 2685 5333 quaeso,
2704 5261 2817 5317 veri
2841 5259 3215 5330 naturalisque
3232 5257 3329 5313 Dei
3345 5273 3410 5313 ac
3429 5257 3572 5327 Filii.

2008 5373 2073 5414 cx
2109 5358 2223 5428 ipsa
2257 5356 2351 5412 Dei
2385 5371 2448 5411 ac
2476 5353 2657 5410 Patris
2685 5354 2985 5410 substantia
3022 5352 3190 5424 geniti
3223 5350 3449 5422 gloriam
3486 5352 3577 5405 Ιπ-

2008 5449 2120 5514 det,
2151 5457 2245 5503 aut
2274 5458 2421 5505 certe
2452 5448 2621 5517 ipsam
2655 5445 2795 5500 modi
2829 5460 2935 5514 quo
2963 5445 3228 5503 exsistere
3255 5442 3572 5514 intelligitur

2007 5536 2294 5606 rationem,
2329 5536 2375 5594 si
2418 5550 2515 5592 nos
2546 5535 2647 5608 ipsi
2677 5549 2911 5606 qnoque,
2945 5533 3072 5592 iicet
3102 5542 3293 5591 natura
3326 5531 3570 5593 terrestri

1371 5717 1413 5746 ⁸²
1450 5714 1642 5771 licor.
1674 5730 1786 5784 vin,
1813 5716 1866 5772 9.
1946 5714 1990 5747 ⁸⁸
2029 5714 2162 5772 ibid.
2240 5715 2284 5747 ‘⁸
2318 5712 2440 5771 Psal
2486 5728 2668 5779 unxi,
2696 5713 2747 5769 G.
