3809 6125
302 413 307 417 -
340 382 449 438 {⁴5

1024 484 1255 540 ALtun.

410 606 540 673 Quae
570 601 812 671 eiusdem
848 598 1171 655 substantiae
1200 602 1415 652 suntet
1446 605 1702 662 ‘matut-m,
1747 594 1925 663 magis

339 698 505 752 etiam
545 692 765 765 proprie
789 691 936 747 inter
964 703 1025 745 se
1056 686 1294 744 conferri
1322 695 1582 757 possunt3
1615 700 1737 756 quae
1795 698 1928 741 vero

343 790 418 843 ita
444 799 567 842 sese
593 798 702 839 non
734 783 958 847 hubent,
983 779 1078 835 sed
1101 778 1334 834 diversae
1361 785 1576 832 naturae
1595 786 1742 838 sunt.
1763 785 1928 846 atque

339 892 403 934 ea
438 878 506 933 dc
533 888 699 932 causa
723 872 1048 931 diversitate
1075 868 1318 940 quadam
1349 868 1495 925 inter
1527 882 1589 925 se
1646 866 1925 933 distincta,

340 967 644 1041 comparari
692 964 797 1023 sibi
837 964 1068 1019 invicem
1120 975 1228 1015 non
1264 968 1517 1031 possunt.
1567 956 1755 1027 Neque
1777 954 1928 1013 enim

341 1062 632 1132 quisquam
652 1058 759 1115 nisi
781 1054 971 1127 iudicii
999 1055 1179 1124 inops,
1204 1050 1442 1108 hominis
1472 1058 1724 1106 naturam
1746 1048 1931 1119 inqui-

281 1211 293 1219 ,
340 1168 470 1210 rens
494 1153 661 1219 dicat,
684 1150 883 1206 bovem
907 1146 1131 1204 homine
1156 1143 1427 1215 maiorem
1453 1156 1601 1208 esse,
1641 1149 1735 1196 aut
1762 1140 1930 1196 vicis-

340 1245 444 1302 sim
458 1243 611 1301 bovis
628 1250 880 1297 naturam
924 1253 1088 1296 nosse
1115 1236 1327 1300 volens,
1357 1234 1502 1290 dicat
1527 1232 1806 1289 hominem
1854 1245 1925 1287 eo

1333 364 1391 419 S.
1434 360 1712 420 evniat
1751 356 2225 416 ALEXANDMNJ
2266 353 2588 412 Alienum.

3516 348 3621 405 tu

2716 472 2803 526 ΛΑ
2810 470 2922 526 ΔΟ.

2099 588 2183 642 Τὰ
2211 588 2310 658 τῆς
2348 587 2521 659 αὐτῆς
2564 585 2753 650 οὐσίαις
2794 583 2927 639 ὄντα
2977 581 3073 635 καὶ
3119 579 3337 650 φύσεως
3379 578 3475 634 καὶ
3519 580 3623 652 τὴν

2030 680 2171 753 πρὸς
2191 680 2405 750 ’ἄλληλα
2451 679 2743 750 σύγκρισιν
2771 674 3117 748 κυριωτέραν
3164 673 3507 746 ἐπιδέχεται·
3551 685 3626 730 τα

2025 772 2083 827 δὲ
2118 772 2193 845 μὴ
2216 771 2387 836 οὕτως
2415 771 2629 843 ἔχοντα,
2660 763 2932 843 ἐτεροφυῆ
2954 766 3013 821 δὲ
3034 765 3187 832 ὄντα,
3208 765 3306 821 καὶ
3334 766 3424 820 διὰ
3461 764 3627 821 τοῦτο

2026 865 2340 936 τεμνόμενα
2396 864 2530 936 πρὸς
2586 861 2979 935 ἀλλοτριότητα
2998 902 3014 927 ,
3070 859 3172 915 οὐκ
3229 858 3299 914 ἂν
3366 858 3628 931 ἀλλήλοις

2035 959 2419 1029 συγκρίνοιτο·
2447 955 2776 1013 ἀπαιδευσία
2810 954 2921 1026 γὰρ
2952 952 3113 1007 τοῦτό
3154 970 3240 1023 γε.
3286 953 3364 1007 Οὐ
3393 952 3507 1025 γὰρ
3557 952 3637 1014 ἄν,

2030 1064 2117 1112 τις
2145 1047 2289 1101 εἴποι
2313 1047 2439 1103 νοῦν
2463 1045 2629 1117 ἔχων,
2658 1044 2883 1116 μείζονα
2904 1043 3000 1098 τοῦ
3024 1042 3315 1115 ἀνθρώπου
3350 1045 3445 1097 τὸν
3469 1042 3624 1115 βοῦν,

2038 1139 2139 1212 τὴν
2168 1139 2459 1210 ἀνθρώπου
2479 1138 2647 1209 φύσιν
2675 1135 2947 1209 ἐρευνῶν·
2979 1136 3090 1191 οὐδ’
3119 1131 3188 1191 αὐ
3222 1136 3385 1192 πάλιν
3403 1136 3507 1209 τὴν
3526 1136 3627 1192 τοῦ

2040 1232 2162 1304 βοὸς
2185 1232 2451 1304 ἐκμαθεῖν
2482 1232 2745 1303 βούλοιτο,
2764 1228 3197 1302 μείζοναῑτούτου
3221 1230 3315 1284 τὸν
3334 1229 3627 1303 ἄνθρωπον

341 1336 774 1407 majorem-esse.
821 1330 952 1399 Quae
993 1329 1136 1386 en’rm
1169 1326 1413 1398 ejusdem
1444 1334 1656 1381 naturae
1695 1338 1763 1380 ae
1790 1337 1931 1394 spe-
2030 1326 2201 1396 λέγοι.
2234 1325 2319 1381 Τὰ
2344 1323 2456 1397 γὰρ
2493 1325 2707 1396 όμοφυῆ
2738 1340 2800 1377 τε
2830 1324 2927 1377 καὶ
2954 1322 3177 1395 ὁμοειδῆ
3204 1360 3219 1386 ,
3257 1322 3517 1396 καθάπερ
3546 1324 3627 1376 εί-

340 1428 446 1485 cici
471 1434 618 1491 sunt,
645 1434 705 1480 ut
731 1424 934 1480 dictum
959 1430 1066 1486 est,
1097 1435 1161 1474 ea
1186 1418 1474 1474 commode
1505 1426 1746 1487 apteque
1785 1414 1932 1471 inter
2035 1432 2223 1489 ρηται,
2256 1414 2358 1487 τὴν
2386 1415 2523 1488 πρὸς
2550 1414 2758 1486 ἄλληλα
2784 1410 3079 1484 σύγκρισιν
3107 1411 3409 1467 ἀκόλουθόν
3430 1428 3494 1466 τε
3526 1414 3627 1467 καὶ

341 1534 402 1577 se
420 1518 797 1578 conferuntur.
834 1514 893 1570 Si
932 1514 1119 1583 itaque
1144 1511 1448 1577 conset-tur,
1471 1510 1768 1566 secundum
1811 1522 1931 1574 vos,
2037 1508 2357 1579 πρέπουσαν
2382 1506 2615 1579 lxmam
2652 1506 2836 1560 τοίνυν
2859 1505 3255 1579 συγκρίνεται,
3287 1507 3416 1562 καθ’
3440 1507 3624 1579 ἓύμᾶς,

341 1611 515 1668 Fiiius
537 1607 863 1672 cum—Patre,
897 1606 1109 1662 ratione
1141 1602 1364 1673 majoris
1395 1610 1453 1658 ct
1504 1600 1756 1667 minoris,
1796 1615 1935 1655 con·
2029 1601 2061 1653 ό
2085 1600 2216 1665 Υἱὸς
2241 1600 2321 1672 τῷ
2349 1599 2527 1671 Πατρι
2555 1598 2698 1654 κατὰ
2724 1598 2787 1652 τὸ
2822 1596 3009 1671 μεῖζον
3032 1599 3130 1655 καὶ
3163 1599 3406 1666 ἔλαττον,
3427 1601 3628 1672 ὁμοσύ-

246 1685 255 1694 “
341 1699 719 1760 substantiatis
744 1707 896 1754 certe
919 1710 1097 1767 neque
1127 1695 1382 1750 diversus
1407 1694 1478 1749 ab
1503 1706 1572 1749 eo
1625 1692 1757 1747 erit.
1786 1692 1934 1747 Con-
2036 1712 2152 1760 στος
2189 1696 2300 1766 ἄρα
2329 1696 2424 1752 καὶ
2446 1694 2547 1749 οὐκ
2577 1693 2859 1767 ἀλλότριος
2887 1692 3055 1750 αὐτοῦ
3089 1695 3259 1749 ἐστιν.
3304 1693 3627 1767 Ὅμοούσιον

340 1788 695 1850 substantiale
724 1796 905 1844 autem
934 1802 1044 1842 non
1078 1792 1259 1856 potest
1321 1780 1780 1840 consubstantiali
1818 1795 1934 1836 rna-

2036 1783 2095 1837 δὲ
2119 1782 2412 1853 ὀμοσυσίόυ
2431 1784 2540 1837 οὐκ
2569 1781 2639 1837 ἂν
2662 1781 2875 1853 γένοιτο
2906 1784 3091 1855 μεῖζον
3112 1784 3208 1838 καὶ
3236 1783 3460 1838 ἔλαττον
3483 1785 3630 1839 κατὰ

335 1883 428 1951 ius
450 1888 543 1936 aut
561 1880 740 1935 minus
775 1892 900 1935 esse
923 1877 1136 1933 ratione
1157 1875 1480 1931 substantiae
1514 1890 1533 1928 ι
1579 1888 1758 1944 neque
1785 1874 1931 1928 enim
1961 1852 2009 1912 Β
2034 1876 2129 1930 τὸν
2156 1876 2259 1947 τῆς
2290 1876 2480 1938 οὐσίας
2506 1876 2663 1946 λόγον
2692 1893 2707 1906 ·
2735 1877 2797 1930 οὐ
2828 1875 2939 1949 γὰρ
2958 1876 3171 1948 μείζων
3198 1877 3487 1948 ἅνθρωπος
3527 1879 3627 1932 ἀν-

342 1976 508 2030 iionto
537 1972 755 2028 homine
784 1970 959 2039 major
981 1977 1088 2034 est,
1114 1977 1387 2038 quatenus
1420 1967 1579 2023 homo
1602 1976 1706 2022 est.
1730 1965 1934 2037 AEqua·

341 2066 411 2121 lis
442 2064 608 2136 igitur
636 2070 721 2119 est
749 2071 802 2116 et
825 2059 1308 2116 consubstantialis
1373 2058 1519 2113 Patri
1591 2057 1800 2124 Filius;
1845 2074 1933 2113 ra-

343 2159 491 2216 tione
515 2171 646 2214 vcro
673 2152 1063 2211 incarnationis
1094 2152 1368 2208 credimus
1398 2150 1613 2204 Patrem
1643 2149 1915 2218 majorem

340 2266 375 2307 a
397 2249 545 2306 Filio
571 2246 1093 2315 vocatum.Quando
1106 2244 1253 2302 enim
1273 2242 1668 2299 humanitatem
1683 2256 1933 2314 assump-

344 2342 584 2411 sit,··tum
614 2339 777 2396 etiam
812 2347 871 2392 ut
899 2337 1063 2392 bomo
1091 2336 1196 2391 hoc
1230 2334 1394 2391 dixit.

1014 2446 1250 2507 Amul).

409 2566 759 2639 Quzecunque
785 2564 1003 2636 proprie
1039 2566 1506 2633 comparationem
1536 2562 1678 2619 inter
1735 2576 1793 2620 se
1835 2562 1933 2619 ad·-

343 2660 592 2725 mittunt,
620 2655 1110 2715 consubstantialia
1137 2656 1304 2711 etiarn
1355 2668 1481 2712 sunt
1515 2674 1528 2709 ι
1578 2654 1739 2711 homo
1781 2654 1931 2711 enim

347 2751 576 2817 homini,
615 2760 671 2808 ει
695 2763 874 2821 equus
900 2762 1041 2818 equo
1075 2741 1378 2805 confertur-L
1429 2745 1746 2801 Differentia
1794 2759 1935 2801 vero

343 2843 531 2916 quaein
561 2842 627 2899 iis
656 2850 877 2912 estqnae
899 2837 1141 2908 eiusdem
1168 2836 1369 2908 speciei
1395 2844 1544 2901 sunt,
1587 2836 1644 2891 in
1673 2835 1932 2892 acciden-

331 2934 492 2990 -tibus
525 2930 817 2998 consistit;
863 2939 1026 3000 atque
1073 2927 1208 2995 haec,
1248 2924 1652 2998 utplurimum,
1703 2940 1769 2981 ex
1808 2940 1936 2996 pas·

277 3032 286 3041 '
347 3026 523 3091 sione,
543 3032 640 3080 aut
666 3021 772 3079 ulia
806 3020 1064 3091 quapiam
1092 3033 1260 3074 causa
1283 3017 1438 3083 fiunt,
1475 3032 1582 3074 non
1605 3017 1675 3074 -in
1723 3018 1936 3075 ratione

337 3111 668 3170 *substantiae
696 3112 803 3169 sita
832 3119 980 3179 sunt,
1008 3112 1075 3166 de
1099 3125 1207 3181 qua
1238 3111 1568 3181 praedicetur
1586 3111 1802 3183 aliquod
1836 3126 1935 3168 ac-

2035 1965 2282 2037 θρώπου,
2314 1965 2451 2026 καθὸ
2482 1967 2791 2041 ἅνθρωπος.
2830 1970 2977 2033 Ἴσος
3008 1969 3117 2042 ἄρα
3141 1969 3220 2042 τῷ
3251 1971 3429 2043 Πατρὶ
3468 1970 3567 2026 καὶ
3598 1974 3629 2025 ό

2033 2060 2163 2124 Υἱὸς
2213 2061 2311 2115 καὶ
2352 2062 2678 2131 όμοούσιος·
2724 2062 3088 2134 οἰκονομικῶς
3132 2063 3189 2118 δὲ
3240 2062 3491 2135 εἰρῆσθαι
3542 2081 3630 2118 πι-

2037 2151 2309 2223 στεύομεν
2342 2153 2440 2228 ἐπὶ
2472 2153 2570 2207 τοῦ
2619 2154 2835 2227 Πατρδς
2875 2158 2937 2210 τὸ
2978 2154 3184 2227 μεῖζον.
3211 2156 3342 2211 Ὅτε
3386 2155 3499 2229 γὰρ
3536 2158 3626 2213 ὲν·-

2038 2244 2414 2317 ανθρωπήσας
2446 2244 2733 2316 φαίνεται,
2765 2247 2889 2301 τότε
2925 2248 3020 2303 καὶ
3050 2247 3207 2303 τοῦτό
3232 2264 3399 2321 φησιν
3420 2248 3496 2315 ὡς
3528 2249 3627 2308 ἄν·

2033 2332 2277 2404 θρωπος.

2710 2454 2922 2510 ΔΔΔΟ.

2107 2566 2250 2620 Ὅσα
2308 2557 2409 2639 τὴν
2461 2567 2599 2638 πρὸς
2650 2568 2857 2640 ἄλληλα
2903 2567 3197 2641 σύγκρισιν
3244 2572 3451 2644 κυρίως
3510 2573 3631 2627 ἐπι·

2032 2656 2273 2728 δέχεται,
2305 2657 2481 2715 ταῦτα
2511 2658 2734 2723 πάντως
2757 2662 2993 2716 ἐστικαὶ
3016 2663 3283 2734 όμοούσια
3300 2680 3316 2696 ·
3337 2664 3628 2737 ἅνθρωπος

2032 2746 2144 2819 γὰρ
2176 2747 2453 2822 ἀνθρώπῳ
2478 2790 2494 2817 ,
2537 2753 2633 2806 καὶ
2664 2752 2831 2817 ἵππος
2862 2754 3019 2826 ἵππῳ
3057 2755 3434 2828 συγκρίνεται.
3479 2758 3541 2811 Ἥ
3568 2758 3629 2812 δὲ

2034 2838 2093 2892 ὲν
2115 2839 2230 2904 τοῖς
2254 2840 2527 2912 ὁμοειδέσι
2552 2843 2789 2916 διαφορὰ
2818 2845 2950 2917 περὶ
2977 2845 3051 2900 τὰ
3078 2846 3468 2919 συμδεὸηκότα
3485 2848 3625 2901 ἐστί·

2035 2929 2139 2985 καὶ
2162 2930 2361 2998 ταῦτα,
2387 2932 2466 2997 ὡς
2492 2935 2586 2988 ἐπὶ
2610 2936 2882 3002 πλεῖστον,
2912 2938 2978 2992 ἐκ
3006 2939 3212 3004 πάθους
3242 2940 3474 3008 γίνεται,
3505 2939 3539 3010 ἢ
3568 2939 3627 3007 ἑξ

2035 3020 2228 3095 ἐτέρας
2251 3024 2399 3089 τινὸς
2422 3025 2626 3093 αἰτίας,
2658 3028 2759 3083 οὐκ
2789 3028 2849 3084 ἐν
2874 3028 2953 3102 τῷ
2975 3029 3120 3104 λόγῳ
3148 3032 3252 3104 τῆς
3283 3032 3477 3097 οὐσίας
3512 3033 3629 3088 κεί·

2039 3131 2197 3186 μενα,
2226 3115 2350 3170 καθ’
2378 3112 2551 3188 οὗπερ
2597 3118 2665 3173 ἂν
2702 3123 3069 3195 κατηγοροϊτό
3109 3141 3163 3178 τι
3199 3123 3311 3178 τῶν
3360 3123 3629 3196 συμὸεόη·

346 3207 668 3264 cidentium.
700 3204 774 3262 Ut
812 3205 1049 3274 exempli
1079 3205 1280 3275 gratia,
1320 3203 1484 3260 homo
1534 3206 1756 3261 bomine
1811 3219 1934 3259 ma-
1960 3195 2007 3258 C
2036 3205 2232 3260 κότων.
2264 3202 2390 3261 Οΐον
2418 3207 2552 3278 φέρε
2582 3209 2793 3276 εἰπεῖν,
2839 3212 3133 3283 ἄνθρωπος
3175 3213 3469 3286 ἀνθρώπου
3514 3215 3630 3282 μεί-

341 3299 430 3369 iet·
457 3307 564 3367 est,
588 3297 967 3370 magnitudine
1001 3298 1251 3368 corporis
1277 3306 1334 3354 et
1367 3297 1581 3363 robore,
1604 3296 1771 3352 animi
1792 3312 1935 3367 prae-

346 3390 543 3459 sentia,
585 3389 786 3446 mentis
818 3388 1107 3454 acumine3
1142 3388 1237 3444 sed
1285 3403 1390 3443 una
1409 3389 1663 3444 omnibus
1697 3396 1780 3443 εει
1809 3388 1937 3444 sub·

347 3482 562 3538 stantioe
589 3481 754 3544 ratio.
786 3494 893 3536 non
920 3494 1050 3536 vero
1080 3479 1377 3550 separatim
1404 3479 1457 3535 in
1504 3479 1733 3553 singuiis
1763 3481 1938 3536 diver·

348 3585 429 3626 sa.
475 3568 794 3626 Accidentia
870 3576 1056 3624 autem
1123 3582 1189 3623 ex
1244 3569 1500 3641 passione
1568 3570 1733 3626 veluti
1795 3571 1939 3626 radi-

349 3676 413 3716 ce
488 3662 742 3717 oriuntur
776 3676 793 3715 z
851 3674 920 3714 ex
978 3660 1242 3729 passione
1311 3660 1456 3715 enim
1529 3662 1777 3717 infirmus
1841 3663 1932 3732 qui

346 3761 432 3808 est
495 3750 777 3815 infirmus,
861 3758 918 3804 et
1024 3751 1213 3806 tardus
1294 3749 1564 3806 intellectu
1639 3750 1936 3822 timidoque

350 3841 555 3897 animo.
582 3839 650 3897 Si
680 3854 812 3912 ergo
832 3855 938 3895 una
957 3850 1039 3897 est
1061 3850 1257 3896 natura
1285 3841 1584 3913 eademque
1613 3843 1937 3899 substantiae

353 3931 493 3988 ratio
527 3932 594 3988 iis
618 3946 738 4002 quoe
755 3932 976 4003 proprie
1034 3932 1178 3989 inter
1216 3947 1278 3990 se
1311 3934 1615 4006 comparari
1642 3942 1879 4006 possunt
1915 3951 1930 3989 z

347 4039 469 4094 quae
491 4039 619 4081 vero
641 4024 967 4081 substantiis
997 4025 1254 4082 accidunt
1286 4040 1354 4082 ex
1399 4026 1655 4098 passione
1684 4026 1936 4083 oriuntur

347 4124 529 4173 autex
558 4131 623 4172 eo
647 4116 793 4188 quod
834 4131 944 4173 non
987 4117 1268 4188 patiuntur
1307 4133 1323 4170 ε
1366 4126 1715 4188 comparatur
1752 4125 1934 4173 autem

349 4203 520 4262 Fiiius
541 4204 694 4261 Patri
725 4206 936 4260 ratione
966 4203 1192 4272 maioris
1220 4213 1276 4261 et
1295 4205 1545 4274 minoris,
1587 4207 1810 4278 ipseque
1837 4221 1936 4262 ex-

353 4307 433 4350 tra
465 4310 684 4352 omnem
714 4296 1024 4366 passionem
1056 4304 1142 4352 εει
1168 4295 1334 4367 (Deus
1365 4299 1511 4352 enirn
1564 4298 1672 4368 pati
1702 4314 1808 4354 non
1845 4313 1936 4369 po·

351 4385 503 4458 test),
525 4383 849 4456 nullafpiane
872 4385 1084 4442 ratione
1107 4383 1385 4456 superabit
1409 4383 1574 4442 Pater
1601 4383 1819 4453 Filium,
1837 4387 1933 4458 qui

350 4475 591 4550 ejusdem
609 4492 732 4534 cum
762 4492 829 4536 eo
874 4479 1124 4535 essentiae
1161 4487 1266 4547 εει,
1305 4477 1598 4550 omnisque
1648 4480 1931 4549 passionis

352 4582 548 4638 expers
575 4576 678 4625 est.
702 4567 812 4640 87
838 4567 1053 4624 Dicitur
1080 4582 1211 4624 vero
1273 4567 1469 4639 major,
1504 4580 1560 4624 ut
1599 4569 1931 4641 principium

352 4660 607 4717 coaeterni
637 4659 946 4730 geniminis.

385 4769 454 4829 1η
484 4773 649 4836 illuct,
684 4793 703 4826 ι
740 4773 904 4830 Pater
927 4775 1018 4844 qui
1050 4774 1188 4829 misit
1222 4789 1330 4837 me,
1362 4774 1535 4844 mnjor
1558 4789 1639 4828 me
1664 4783 1742 4828 eat
1763 4775 1830 4828 ¹¹.
1871 4796 1891 4826 n

794 4948 878 5004 Ex
907 4951 1191 5016 obiectione
1220 4948 1492 5007 Eunomii.

419 5064 581 5133 Atqui
613 5061 875 5117 Servatur
900 5063 1015 5132 ipse
1044 5078 1150 5118 non
1178 5065 1433 5129 obscure,
1464 5065 1661 5134 inquit,
1691 5074 1786 5119 aut
1812 5079 1932 5120 am·

354 5153 542 5223 bigne,
579 5156 674 5209 sed
709 5154 1053 5224 apertissime
1088 5153 1304 5211 Patrem
1342 5156 1602 5226 majorem
1642 5171 1703 5212 se
1736 5167 1891 5213 vocat
1917 5201 1931 5223 ‚

352 5257 474 5296 rum
506 5244 638 5298 dicit
672 5263 685 5298 :
722 5263 744 5297 ι
784 5245 944 5298 Pater
972 5244 1064 5312 qui
1102 5244 1249 5298 misit
1281 5261 1400 5312 me,
1435 5246 1610 5317 maior
1639 5261 1726 5303 me
1756 5256 1862 5304 est.
1901 5267 1921 5300 ι

356 5334 414 5387 Si
447 5343 625 5388 autem
658 5337 941 5390 veritatem
975 5351 1158 5391 verum
1196 5335 1380 5393 dicere
1419 5337 1691 5402 fatemini,
1731 5340 1933 5394 veritas

354 5434 532 5479 antem
571 5424 854 5490 Christus.
890 5436 1038 5481 certe
1085 5423 1344 5494 majorem
1388 5441 1446 5482 se
1487 5429 1648 5484 habet
1691 5428 1930 5486 Patrem.

354 5516 506 5581 Quod
532 5515 577 5570 si
607 5516 681 5570 itu
708 5528 814 5580 εει,
840 5518 1119 5572 dissimilis
1145 5519 1310 5573 etiam
1341 5518 1419 5574 ilii
1452 5519 1575 5575 crit.
1604 5520 1674 5575 Δι
1700 5521 1746 5579 si
1775 5522 1933 5578 dissi·

356 5607 520 5673 milis,
553 5623 656 5661 non
689 5623 819 5676 crgo
848 5609 1347 5666 consubstantialis.

422 5794 467 5826 '⁸
491 5791 648 5851 Joatt.
695 5804 802 5857 xiv,
837 5790 927 5845 28.

2036 3292 2166 3362 ζων,
2206 3295 2430 3366 μεγέθει
2461 3294 2717 3368 σώματος
2769 3302 2864 3354 καὶ
2914 3302 3098 3371 ίσχύῖ,
3128 3303 3312 3374 ψυχῆς
3341 3308 3629 3377 παραστή-

2038 3406 2192 3462 ματι,
2222 3388 2463 3453 διανοίας
2486 3387 2751 3463 ὁξύτητιτ
2788 3393 2905 3446 ἀλλ’
2949 3389 3033 3454 εἷς
3080 3394 3185 3461 μὲν
3226 3395 3433 3446 ἅπασιν
3458 3399 3487 3448 ό
3520 3398 3624 3466 τῆς

2035 3480 2221 3545 οὐσίας
2263 3478 2445 3548 λόγος,
2491 3480 2585 3534 καὶ
2613 3481 2676 3536 οὐ
2704 3479 3126 3551 μεμερισμένοις
3155 3481 3215 3531 ἐν
3244 3481 3463 3550 ἑκάστῳ
3497 3485 3619 3535 διά·

2036 3588 2223 3644 φορος.
2249 3570 2332 3626 Τὰ
2362 3569 2418 3626 δὲ
2455 3569 2840 3642 συμδεδηκότα
2875 3567 3033 3640 ῥίζαν
3081 3568 3198 3639 ῑχει
3220 3569 3286 3624 τδ
3311 3567 3487 3634 πάθος
3506 3586 3523 3604 ·
3550 3572 3616 3625 ὲκ

2036 3661 2248 3726 πάθους
2287 3662 2398 3735 γὰρ
2427 3661 2658 3733 ἀσθενὴς
2702 3664 2733 3716 ὸ
2775 3659 3011 3730 ἀσθενὴς
3030 3700 3047 3728 ,
3079 3660 3176 3714 καὶ
3218 3664 3248 3715 ό
3275 3660 3482 3734 νωθρὸς
3516 3663 3614 3734 τὴν

2033 3753 2298 3821 διάνοιαν,
2327 3753 2428 3809 και
2457 3756 2487 3809 ὀ
2517 3752 2723 3809 δειλίαν
2756 3751 2895 3823 ἔχων
2922 3752 2981 3804 ἐν
3010 3751 3182 3825 ψυχῇ.
3210 3753 3274 3806 Et
3305 3754 3487 3809 τοίνυν
3520 3755 3619 3825 μία

2039 3844 2138 3913 μὲν
2176 3845 2212 3917 ἠ
2247 3844 2413 3914 φύσις
2440 3847 2541 3901 καὶ
2566 3845 2667 3917 τῆς
2701 3844 2891 3908 οὐσίας
2915 3846 2944 3899 ό
2966 3844 3127 3914 λόγος
3149 3847 3177 3899 ὀ
3205 3845 3367 3910 αὐτὸς
3389 3849 3503 3909 τοῖς
3520 3847 3621 3918 τὴν

2037 3936 2177 4007 πρὸς
2204 3935 2412 4006 ἄλληλα
2436 3936 2728 4009 σύγκρισιν
2761 3936 2967 4008 κυρίως
2997 3936 3424 4008 ἐπιδεχομένοις,
3458 3937 3527 3992 τὰ
3559 3937 3623 3993 δὲ

2034 4029 2136 4084 ὃσα
2166 4028 2297 4100 περὶ
2339 4028 2443 4093 τὰς
2474 4030 2665 4095 οὐσίας
2713 4030 2851 4084 εἰσιν
2885 4031 2951 4083 ὲκ
2981 4029 3189 4096 πάθους
3234 4029 3447 4100 γίνεται
3490 4031 3523 4104 ἢ
3557 4033 3625 4088 ὲκ

2035 4117 2131 4173 τοῦ
2167 4119 2245 4191 μὴ
2272 4117 2467 4172 παθεῖν
2490 4158 2506 4184 ,
2536 4119 2894 4192 συγκρίνεται
2908 4113 2978 4173 ’δὲ
3008 4121 3037 4174 ό
3063 4120 3193 4183 Υἱὸς
3221 4121 3359 4192 πρὸς
3386 4122 3479 4176 τον
3507 4123 3623 4177 Πα-

2034 4211 2169 4284 τέρα
2212 4209 2356 4265 κατὰ
2394 4210 2458 4264 τὸ
2506 4211 2692 4282 μεῖζον
2723 4213 2825 4267 καὶ
2851 4211 3073 4268 ἔλαττον
3103 4213 3493 4285 εἰσφερομένου
3523 4215 3619 4269 τοῦ

2034 4300 2165 4372 περὶ
2196 4298 2360 4355 αὐτὸν
2399 4298 2585 4368 λόγου,
2619 4300 2715 4354 καὶ
2756 4299 2879 4354 ἐστι
2911 4300 3121 4365 πάθους
3161 4302 3320 4367 ἐκτὸς
3368 4303 3622 4375 (ἀπαθὴς

2034 4390 2146 4462 γὰρ
2169 4391 2247 4453 ὡς
2268 4389 2447 4462 Θεὸς),
2483 4391 2606 4444 κατ’
2632 4391 2827 4445 οὐδένα
2854 4393 3059 4464 τρόπον
3082 4395 3110 4447 ὀ
3142 4394 3333 4466 Πατὴρ
3364 4397 3622 4467 ὑπερέξει

2031 4483 2130 4538 τοῦ
2162 4482 2297 4538 Υίοῦ
2324 4483 2420 4537 κοιὶΙ
2455 4483 2558 4554 τὴν
2600 4482 2771 4555 αὐτὴν
2803 4483 3022 4554 ἔχοντος
3069 4483 3258 4538 οὐσίαν
3300 4490 3397 4544 καὶ
3426 4489 3623 4543 παθεῖν

2039 4574 2194 4629 οὐδὲν
2237 4574 2559 4646 δυναμένου.
2602 4574 2840 4642 Λέγεται
2882 4573 2941 4626 δὲ
2991 4572 3192 4643 μείζων
3220 4576 3296 4642 ὡς
3344 4580 3489 4652 ἀρχὴ
3524 4581 3620 4635 τοῦ

2040 4662 2316 4718 συναῖδίου
2342 4664 2702 4735 γεννήματος.

2038 4771 2143 4836 13⁴9
2180 4771 2283 4835 τὸ,
2337 4790 2355 4821 ι
2397 4769 2460 4823 ‘O
2503 4769 3066 4896 Hathp&gn³z{u'26·ac
3106 4791 3185 4844 με
3238 4776 3451 4846 μείζων
3500 4781 3622 4850 μού

2354 4952 2688 5021 Ἀντίθεσις
2724 4954 2793 5008 ἐκ
2832 4954 2950 5009 τῶν
2984 4957 3305 5029 Εὑνομίου.

2106 5069 2279 5133 Αὐτὸς
2313 5068 2342 5121 ό
2368 5068 2560 5141 Σωτὴρ
2599 5068 2702 5123 οὐκ
2742 5070 3286 5144 ὲπικεκαλυμμένως,
3312 5077 3622 5147 τρανότατα

2035 5159 2090 5214 δὲ
2120 5161 2340 5231 μείζονα
2368 5161 2562 5215 ἑαυτοῦ
2596 5161 2689 5217 τὸν
2714 5163 2934 5234 Πατέρα
2978 5165 3131 5234 φησι,
3163 5163 3249 5219 διὰ
3274 5166 3367 5220 τοῦ
3398 5168 3584 5238 λέγειν
3603 5191 3618 5204 ·

2042 5268 2062 5302 ι
2083 5250 2141 5304 '0
2170 5251 2360 5324 Πατὴρ
2386 5253 2414 5306 ὀ
2436 5253 2657 5324 πέμψας
2683 5270 2751 5324 με
2789 5252 2991 5325 μείζων
3039 5253 3140 5322 μού
3171 5257 3335 5311 ἐστιν.
3365 5277 3383 5310 ι
3419 5259 3482 5313 Ei
3507 5262 3623 5314 τοί-

2034 5356 2130 5392 νυν
2181 5339 2465 5410 ἀληθεύειν
2508 5340 2707 5395 δώσετε
2752 5341 2854 5413 τὴν
2897 5341 3176 5412 ἀλήθειαν,
3213 5343 3439 5416 ἀλήθεια
3483 5349 3540 5402 δὲ
3591 5349 3622 5402 ό

2034 5430 2289 5501 Χριστὸς,
2324 5432 2547 5502 μείζονα
2601 5432 2717 5504 ἔχει
2768 5433 2860 5487 τὸν
2908 5433 3148 5505 Πατέρα.
3182 5435 3292 5490 Καὶ
3342 5439 3391 5491 εί
3435 5439 3615 5506 τοῦτο,

2036 5521 2254 5586 πάντως
2283 5523 2435 5578 ἔσται
2464 5524 2559 5579 καὶ
2588 5523 2861 5597 ἀνόμοιος.
2879 5524 3097 5600 Ἐπειδὴ
3116 5525 3172 5582 δὲ
3199 5527 3472 5600 ἀνόμοιος,
3497 5533 3624 5589 οὐδὲ

2034 5613 2343 5686 όμοούσιος.
