3809 6125
177 339 319 397 wis

1323 342 1429 401 ,ΒΕ
1464 342 1986 405 ΙΝΟΑΒΝΑΤΙΟΝΕ
2023 346 2281 405 nottmt.

3297 350 3321 406 i
3337 349 3440 406 28ss

177 454 370 518 δάνου,
419 453 537 509 ἀλλ’
578 453 779 519 αύτούς
826 452 953 518 τοὺς
1003 454 1203 525 ἄρτους
1251 455 1523 529 βρύουσάν
1559 478 1620 516 τε
1660 463 1758 517 καὶ
1783 468 2028 534 Αριιιεε
2079 462 2476 535 germinantem
2507 459 2689 532 'atque
2742 468 3102 519 eructantem.
3157 461 3334 534 Atque
3379 476 3443 522 ut

154 542 569 615 ’πηγάζουσαψ
617 544 712 598 καὶ
754 543 843 598 ἵνα
888 546 949 598 ἐν
988 546 1268 619 κεφαλαίῳ
1316 548 1480 614 εῖπω,
1521 552 1755 623 αῖματος

179 636 408 707 ἔστησεν
449 634 675 706 ὀχετοὺς
701 633 803 707 τὴν
850 635 994 691 ἴασιν
1023 638 1203 692 ἐκοντὶ
1242 639 1496 711 συληθείς
1513 656 1530 671 ·
1581 643 1753 714 κόρην

181 728 357 798 ἄωρον
380 725 726 799 ἁρπαγεῖσαν
754 726 858 781 ὑπὸ
880 726 1108 783 θανάτου
1134 730 1230 784 καὶ
1256 730 1630 805 πενθουμένην
1649 733 1757 788 ὑπὸ

180 819 287 875 τῶν
317 818 536 874 οίκείων
573 816 931 890 ἀνθαρπάσας
953 822 1066 886 τοῖς
1094 822 1332 892 φύσασιν
1369 823 1715 880 ἀποδέδωκεν
1735 839 1754 859 ·

178 910 367 995 ἐτερον
413 910 632 965 νεανίαν
678 912 758 974 είς
803 910 897 967 τὸν
939 911 1110 981 τάφον
1147 914 1636 985 προπεμπόμενον,
1676 916 1759 981 είς

181 1001 328 1073 ζωὴν
352 1002 692 1073 ἐπανήγαγε,
723 1002 820 1055 καὶ
850 1003 932 1066 εἰς
953 1002 1129 1075 χαρὰν
1156 1003 1217 1059 τὸ
1241 1005 1436 1070 πένθος
1467 1000 1755 1078 μετέδαλε,

180 1093 278 1149 καὶ
299 1092 393 1147 τὸν
422 1092 709 1163 ἐπιτάφιον
736 1092 936 1165 θρῆνον
963 1096 1047 1159 είς
1065 1093 1252 1166 ὕμνων
1284 1096 1442 1166 λόγον
1471 1098 1760 1171 γαμηλίων

181 1183 374 1259 ἔτρεψε
392 1199 407 1215 ·
436 1183 533 1238 καὶ
558 1183 650 1239 τὸν
679 1183 891 1257 δυσώδη
920 1186 1117 1258 νεκρὸν
1167 1187 1306 1258 μετὰ
1353 1189 1622 1262 τετάρτην
1659 1193 1760 1263 τῆς

180 1276 437 1346 τελευτῆς
472 1278 539 1330 ἐκ
564 1276 668 1347 τῆς
700 1275 877 1348 θήκης
906 1275 1166 1348 ἐξήγαγε,
1196 1279 1291 1331 καὶ
1319 1279 1410 1333 τὸν
1444 1280 1761 1352 πεπεδημέ-

183 1385 274 1425 νον
299 1366 536 1441 βαδίζειν
558 1366 875 1432 ’ἐκέλευσεν,
899 1368 996 1421 καὶ
1019 1367 1368 1441 παραχρῆμα
1394 1368 1424 1422 δ
1451 1385 1510 1422 τε
1527 1368 1764 1434 Θάνατος

184 1462 600 1535 ἐδραπέτευσεν,
650 1460 746 1515 καὶ
790 1463 820 1515 ό
851 1460 1046 1532 νεκρὸς
1082 1459 1286 1532 έδραμε
1329 1464 1433 1533 τῆς
1465 1461 1766 1533 σηπεδόνος

162 1546 518 1623 ’ἀπαλλαγεὶς
535 1592 552 1617 ,
604 1553 701 1606 καὶ
746 1552 847 1622 τὴν
903 1550 1003 1622 τῆς
1069 1551 1363 1622 σηπεδόνος
1421 1551 1764 1623 ἀποθέμενος

183 1645 469 1709 δυσωδίαν,
511 1643 730 1709 καὶτὰς
755 1641 852 1698 τοῦ
883 1642 1114 1697 θανάτου
1140 1642 1314 1708 πύλας
1342 1641 1643 1712 διαφυγὼν,
1666 1644 1766 1698 καὶ

186 1736 294 1791 ύπδ
333 1735 442 1790 τῶν
467 1735 686 1808 δεσμῶν
718 1735 936 1806 τρέχειν
958 1734 1020 1789 ού
1050 1735 1416 1807 κωλυόμενος,
1442 1735 1638 1809 καὶτῷ
1664 1737 1764 1806 μέν

1854 554 2019 610 verba
2049 553 2120 610 ad
2160 553 2545 623 compendium
2567 553 2876 619 conteram,
2918 552 3200 625 sanguinis
3231 554 3440 612 fluxum

1853 647 2117 713 cohibuit,
2146 647 2379 702 sanitate
2428 646 2499 701 ab
2521 660 2587 701 eo
2622 654 2815 716 sponte
2861 644 3103 716 quidem,
3140 645 3234 700 sed
3282 648 3443 717 quasi

1857 737 2068 804 furtim,
2100 737 2416 807 impetrata.
2442 734 2684 792 Puellam
2716 734 3054 805 impuberem
3085 746 3261 791 morte
3284 738 3446 792 abre-

1854 838 2003 900 ptam
2030 867 2047 895 ,
2077 836 2134 884 et
2159 843 2188 882 a
2217 826 2332 885 suis
2364 826 2636 894 defletam,
2663 826 2903 883 vicissim
2947 826 3207 897 eripiens,
3251 841 3447 898 paren-

1859 924 2005 979 tibus
2048 921 2304 977 reddidit.
2342 920 2522 976 Alium
2566 918 2961 974 adolescentem
2999 919 3074 973 ad
3108 917 3443 985 sepulturam

1857 1014 2084 1079 elatum,
2114 1013 2237 1068 ritae
2269 1011 2530 1075 restituit,
2577 1010 2717 1066 etin
2768 1009 3024 1081 gaudium
3071 1008 3273 1064 luctum
3315 1022 3447 1064 enu-

1858 1103 2043 1168 vertit,
2073 1110 2131 1159 et
2153 1100 2435 1158 funebrem
2469 1099 2915 1156 lamentationem
2947 1097 3002 1154 in
3036 1097 3309 1167 nuptiales
3345 1100 3447 1171 hy·

1860 1206 2017 1250 mnos
2055 1191 2457 1248 transmutavit.
2513 1189 2782 1246 Praeterea
2846 1188 3023 1245 fetens
3081 1196 3202 1259 post
3233 1187 3447 1258 quatri·

1861 1286 2030 1340 duum
2073 1287 2143 1340 ab
2174 1284 2323 1339 obitu
2350 1282 2586 1338 cadaver
2629 1296 2698 1337 ex
2735 1295 2863 1336 arca
2894 1280 3101 1345 eduxit,
3145 1288 3199 1334 et
3242 1279 3450 1337 institis

1863 1378 2127 1449 illigatum
2174 1376 2453 1432 ambulare
2486 1376 2683 1447 jussit3
2743 1390 2913 1446 reque
2964 1389 3092 1431 vera
3134 1373 3452 1445 diffugiente

1865 1479 2059 1537 morte,
2090 1477 2339 1527 mortuus
2366 1466 2644 1534 discurrit,
2687 1465 2976 1538 putredine
3017 1466 3175 1534 liber,
3201 1466 3453 1536 putredi-

1865 1561 2059 1631 nisque
2110 1557 2300 1616 fetore
2337 1558 2638 1628 deposito‚·
2672 1572 2703 1614 e
2748 1557 2940 1613 mortis
2990 1557 3176 1625 ianuis
3228 1555 3448 1612 evasit:

1865 1660 2032 1723 atque
2065 1650 2141 1705 ita
2168 1649 2313 1705 haud
2339 1648 2453 1718 iam
2484 1648 2731 1720 ligaturis
2761 1663 2791 1702 a
2820 1662 2981 1704 eursu
3030 1647 3356 1718 prohibitus,
3396 1658 3454 1703 οι

1867 1755 1898 1795 a
1943 1740 2166 1797 funereo
2195 1739 2355 1796 faciei
2396 1739 2515 1795 velo
2564 1740 2708 1795 haud
2760 1738 2959 1795 diutius
2999 1741 3119 1796 visu
3166 1739 3451 1810 spoliatus,

183 1828 280 1884 τοῦ
311 1825 605 1900 προσώπου
650 1824 973 1896 καλύμματι
1016 1825 1080 1879 τὸ
1125 1824 1345 1897 βλέπειν
1385 1826 1763 1899 ἀφῃρημένος.
1795 1803 1839 1859 ⁸
1867 1834 1987 1889 sine
2026 1833 2133 1888 ullo
2165 1832 2574 1903 impedimento,
2618 1831 2689 1888 ad
2737 1842 3044 1897 vocantem,
3091 1831 3275 1903 agnita
3319 1846 3454 1888 roco

185 1919 481 1984 ἀκωλύτως
511 1919 569 1973 δὲ
593 1918 804 1992 τρέχων
837 1917 979 1989 πρὸς
1014 1917 1109 1973 τὸν
1151 1918 1483 1985 καλέσαντα,
1532 1919 1632 1974 καὶ
1667 1916 1770 1990 τὴν
1803 1956 1807 1959 >

189 2011 525 2083 Δεσποτικὴν
553 2007 937 2081 ἐπιγινώσκων
965 2010 1172 2084 φωνήν.

192 2128 336 2197 KQ.
354 2128 476 2183 Ὅτι
495 2127 793 2194 ἑκουσίως
814 2126 889 2183 τὰ
911 2124 1178 2196 σωτήρια
1198 2125 1360 2189 πάθη
1379 2126 1768 2191 κατεδέξατο.

262 2307 360 2362 Διά
389 2305 593 2360 τούτων
623 2303 719 2360 καὶ
741 2303 920 2361 ἄλλων
958 2300 1107 2374 [cod.
1145 2300 1257 2355 τῶν
1285 2314 1384 2373 pro
1407 2296 1609 2372 ἄλλων]
1636 2298 1772 2355 θαυ-

197 2400 404 2472 μάτων,
429 2396 538 2453 τῶν
580 2394 923 2467 ἐπαγγελιῶν
955 2392 1284 2465 ἐμπεδώσας
1306 2390 1365 2445 τὸ
1398 2390 1648 2461 μέγεθος,
1678 2388 1773 2446 καὶ

193 2488 287 2542 τὸν
315 2486 474 2559 χορὸν
497 2484 606 2538 τῶν
633 2481 949 2538 ἀποστόλων
973 2484 1056 2545 είς
1087 2479 1291 2552 ἀρετὴν
1318 2476 1769 2548 παιδοτριὸήσας,

194 2576 523 2649 προστρέχει
581 2576 696 2639 τοῖς
750 2570 1124 2645 ἀναγράπτοις
1172 2570 1402 2625 πάθεσιν
1454 2568 1771 2640 ἐθελοντής·

192 2667 458 2733 πολλάκις
510 2666 612 2738 μὲν
653 2661 830 2719 ταῦτα
867 2665 981 2728 τοῖς
1038 2664 1323 2733 φοιτηταῖς
1372 2658 1735 2732 προμηνύᾶας
1754 2698 1771 2724 ,

194 2760 529 2833 ἐπιτιμήσας
561 2756 619 2812 δὲ
642 2755 718 2828 τῷ
742 2755 958 2825 Πέτρῳ,
982 2752 1103 2825 μεθ’
1128 2751 1324 2825 ἡδονῆς
1351 2751 1429 2824 μὴ
1462 2749 1772 2815 καταδεξα-

198 2852 344 2927 μινφ
390 2836 595 2906 τετῶν
637 2843 826 2902 παθῶν
857 2843 1175 2916 εὐαγγέλια,
1222 2844 1318 2899 και
1362 2842 1542 2909 δείξας
1574 2840 1649 2905 ὡς
1685 2840 1777 2895 διὰ
1815 2848 1819 2853 ·

192 2945 398 3001 τούτων
425 2940 785 3014 κατορθοῦται
819 2939 920 3009 τῆς
956 2936 1285 3009 οἰκουμένης
1320 2936 1354 3009 ἠ
1385 2934 1633 3005 σωτηρία
1652 2949 1666 2963 ·
1693 2930 1776 2987 διδ

194 3038 422 3100 καὶτοῖς
451 3032 768 3090 ἐπελθοῦσιν
805 3028 997 3086 ἐαυτὸν
1030 3028 1315 3095 ὑπέδειξεν
1346 3028 1522 3099 λέγων
1541 3045 1553 3058 ·
1592 3046 1612 3081 ι
1632 3023 1779 3097 Ἐγώ

1872 1922 2173 1991 Dominica‚
2196 1924 2455 1980 accurrit.

1869 2122 2063 2182 xxttt.
2104 2124 2264 2191 Quod
2304 2130 2491 2193 spome
2538 2118 2770 2206 (Iesus)
2813 2121 3103 2176 salutarent
3155 2120 3453 2189 poenum-t

2469 2219 2481 2230 ·
2522 2202 2805 2262 exceperu-

1942 2304 2039 2361 liis
2062 2303 2292 2374 aliisque
2319 2301 2599 2358 miraculis
2626 2300 3047 2373 promissionum
3086 2315 3309 2358 suarum
3340 2315 3457 2357 ma-

1873 2395 2156 2468 gnitudine
2190 2393 2537 2462 confirmata,
2567 2402 2623 2450 et
2652 2393 3024 2465 apostolorum
3056 2394 3228 2450 choro
3257 2392 3325 2449 ad
3345 2392 3457 2451 vlr-

1875 2493 2044 2541 tutem
2088 2484 2321 2551 erudito,
2372 2493 2567 2553 sponte
2609 2484 2854 2540 accurrit
2891 2484 2959 2539 ad
3001 2498 3097 2540 cas
3125 2499 3247 2555 quae
3286 2483 3356 2539 do
3389 2498 3459 2541 eo

1875 2578 2092 2646 scriptae
2137 2574 2348 2631 l'uerant
2389 2574 2608 2647 839112
2660 2577 2971 2644 passioncs;
3012 2590 3147 2643 quas
3186 2588 3329 2643 saepe
3370 2574 3458 2630 di-

1875 2666 2100 2736 scipulis
2123 2667 2237 2721 suis
2268 2669 2749 2736 praenuntiaverat,
2791 2662 2956 2720 Petro
2986 2665 3150 2720 etiam
3194 2664 3460 2734 increpito

1875 2758 1968 2828 qui
2013 2758 2156 2812 haud
2200 2757 2434 2813 libenter
2476 2757 2787 2827 passionum
2820 2757 3069 2812 nuntium
3114 2755 3458 2827 excipiebam

1877 2850 2253 2905 demonstrans
2292 2848 2527 2919 denique
2572 2848 2806 2904 salutem
2853 2848 3040 2903 muudi
3071 2861 3168 2917 per
3208 2848 3305 2902 bas
3329 2862 3463 2903 con·

1877 2938 2018 2996 fleri.
2064 2937 2355 3009 Propterea
2410 2938 2924 3004 etadvenientibus
2983 2945 3155 2993 semet
3205 2935 3459 2992 exhibuit

1881 3030 2068 3086 dicens
2098 3047 2114 3086 ι
2152 3046 2173 3083 ι
2208 3029 2319 3101 Ego
2343 3045 2461 3086 sum
2490 3044 2652 3101 quem
2678 3030 2921 3100 quaeritis
2942 3030 3012 3086 ⁸⁹.
3036 3047 3057 3083 ι
3086 3029 3150 3086 Et
3174 3036 3465 3091 accusatus

195 3131 312 3201 εἰμι
338 3127 397 3181 ὃν
424 3123 658 3197 ζητεῖτε·
690 3141 710 3174 ›
732 3121 844 3177 Καὶ
864 3119 1341 3191 κατηγορῠύμενος
1369 3120 1469 3172 οὐκ
1501 3120 1776 3184 ἀντεῖπεν,
1805 3134 1847 3191 c
1881 3136 1987 3178 non
2014 3121 2311 3192 respoudit,
2345 3132 2403 3178 et
2427 3137 2548 3177 cum
2583 3132 2767 3192 posset
2796 3121 2985 3189 latere,
3020 3120 3231 3187 noluit;
3282 3135 3462 3190 quan·

197 3222 295 3277 καὶ
333 3215 630 3287 δυνάμενος
675 3211 886 3274 λαθεῖν,
930 3210 1091 3265 τοῦτο
1135 3211 1310 3263 ποιεῖν
1345 3209 1448 3262 ούκ
1488 3206 1779 3278 ἠνέσχετο·

199 3313 296 3369 καὶ
323 3310 498 3366 ταῦτα
536 3305 797 3370 πολλάκις
819 3303 984 3377 ἡνίκα
1008 3300 1286 3374 ἠδουληθη
1313 3298 1627 3369 διαφυγών·
1644 3297 1786 3355 ἀλλά

200 3406 296 3463 καὶ
327 3402 504 3460 κλαίει
535 3399 635 3473 μὲν
662 3397 763 3470 τὴν
794 3393 1174 3468 Ἰερουσαλὴμ,
1205 3393 1281 3457 ὡς
1305 3391 1370 3464 δὴ
1397 3392 1495 3463 τῆς
1526 3390 1784 3456 ἀπιστίας

201 3494 593 3566 ἐπισπωμένης
640 3487 737 3543 τὸν
767 3484 1008 3557 ὀλεθρον,
1056 3480 1498 3552 καταψηφίζεται
1546 3479 1605 3537 δὲ
1641 3497 1783 3535 παν-

203 3587 478 3659 ωλεθρίως
521 3583 618 3638 τοῦ
652 3578 1092 3653 πολυθρυλλήτου
1135 3575 1307 3632 πάλαι
1344 3573 1482 3628 νεώ·
1529 3573 1783 3645 ἀνέχεται

207 3678 302 3733 καὶ
332 3676 424 3730 ἐπὶ
449 3678 626 3746 κάρης
654 3661 815 3746 [cod.
842 3664 1060 3742 κόρης]
1096 3665 1412 3737 παιόμενος,
1452 3662 1558 3718 ὑπὸ
1584 3661 1782 3734 διπλῆν

205 3767 449 3825 δουλείαν
476 3764 819 3829 δουλεύοντος
845 3759 995 3836 [cod.
1024 3755 1393 3830 δουλεύοντες]
1419 3753 1784 3826 κολαφιζόμε-

205 3879 331 3930 νος,
395 3858 804 3931 ἐμπτυόμενος,
850 3850 1269 3922 ὀνειδιζόμενος,
1330 3845 1780 3921 στρεδλούμενος,

211 3950 676 4026 μαστιγούμενος,
727 3947 820 4004 καὶ
870 3946 934 4001 τὸ
980 3944 1291 3999 τελευταῖον
1355 3938 1780 4012 σταυρούμενος,

209 4047 305 4101 καὶΙ
334 4042 629 4115 λαμὸάνων
663 4041 870 4115 λῃστὰς
909 4039 1010 4111 τῆς
1040 4034 1311 4109 τιμωρίας
1335 4033 1626 4098 κοινωνοὺς
1655 4034 1786 4087 ἐκα·

207 4134 473 4212 τέρωθεν,
498 4132 593 4188 καὶ
618 4131 964 4202 ἀνδροφόνοις
1001 4130 1098 4185 καὶ
1127 4127 1460 4201 κακούργοις
1488 4122 1784 4180 συνταττό-

215 4245 399 4300 μενος,
430 4226 523 4280 καὶ
546 4222 667 4289 ὅξος
697 4222 794 4275 καὶ
831 4220 992 4293 χολὴν
1021 4220 1171 4293 παρὰ
1193 4218 1289 4275 τοῦ
1322 4216 1494 4274 κακοῦ
1524 4214 1784 4288 ἀμπελῶ-

212 4337 302 4384 νος
327 4315 731 4391 καρπούμενος,
773 4313 866 4367 καὶ
898 4310 1160 4377 ἀκάνθαις
1205 4311 1329 4367 ἀντὶ
1355 4308 1651 4381 κλημάτων
1687 4307 1784 4363 καὶ

216 4409 455 4482 βοτρύων
520 4403 867 4475 στεφόμενος,
915 4401 1011 4456 καὶ
1057 4400 1349 4471 πορφυρίδι
1390 4396 1808 4471 χλευαζόμενος,

214 4503 592 4577 ὀρυττόμενος,
618 4500 711 4554 καὶ
734 4497 884 4562 τέλος
912 4494 1072 4566 τάφῳ
1092 4491 1628 4565 παραπεμπόμενος.

1881 3227 2045 3282 quam
2087 3212 2195 3268 alio
2241 3227 2347 3269 non
2401 3213 2571 3268 semel
2618 3224 2857 3284 tempore
2906 3213 3177 3284 appetitus
3224 3210 3464 3279 insidiis.

1881 3301 2272 3359 declinaverat.
2321 3302 2548 3374 Insuper
2592 3311 2647 3361 et
2691 3303 2993 3361 Jerusalem
3044 3302 3308 3373 deplorat,
3342 3318 3467 3375 quae

1881 3390 2262 3450 incredulitate
2301 3409 2400 3450 sua
2441 3395 2669 3451 exitium
2707 3396 2812 3452 sibi
2853 3395 3227 3465 comparabat,
3274 3401 3332 3450 et
3369 3407 3469 3450 su·

1880 3498 2086 3555 premae
2130 3487 2302 3541 ruiuae
2329 3487 2532 3543 addicit
2579 3487 2836 3557 templum
2884 3487 3014 3543 olim
3062 3486 3464 3556 famigeratum.

1882 3571 2163 3630 Patienter
2181 3590 2396 3648 quoque
2424 3592 2485 3633 se
2510 3577 2562 3631 iu
2588 3578 2771 3648 capite
2793 3591 3108 3647 percussum
3140 3574 3246 3632 sert
3265 3576 3335 3631 ab
3366 3574 3470 3633 ho-

1883 3666 2031 3723 mine
2062 3665 2351 3739 dupliciter
2396 3668 2605 3726 servili.
2648 3669 3000 3739 Exalapatus,
3036 3676 3351 3738 consputus.
3384 3665 3470 3723 vl-

1887 3766 2189 3829 tuperatus.
2224 3761 2587 3827 excruciatus.
2634 3759 2956 3830 flagellatus,
2995 3768 3052 3816 et
3092 3768 3368 3830 postremo
3407 3757 3465 3814 in

1885 3865 2103 3908 crucem
2130 3861 2306 3919 actus,
2328 3861 2384 3908 et
2411 3854 2590 3910 socios
2609 3851 2860 3923 supplicii
2879 3851 3172 3907 admittens
3191 3849 3467 3921 utrimque

1888 3941 2148 4008 latrones,
2192 3954 2247 4000 et
2290 3959 2413 4000 cum
2462 3944 2748 4001 homicidis
2776 3953 2942 4016 atque
2967 3943 3211 4002 scelestis
3246 3955 3471 4013 compu-

1893 4042 2059 4098 tatus.
2091 4044 2411 4105 acetumque
2456 4044 2509 4092 et
2562 4033 2635 4093 l'el
2685 4051 2753 4092 ex
2801 4035 2941 4091 mala
2992 4036 3103 4091 vite
3144 4032 3468 4106 percipiens.

1891 4125 2170 4196 spinisque
2202 4140 2301 4197 pro
2332 4126 2647 4197 palmitibus
2675 4136 2840 4199 atque
2878 4127 3116 4183 racemis
3154 4133 3468 4189 coronatus,

1889 4223 1947 4272 et
1994 4231 2230 4288 purpura
2281 4216 2493 4284 illusus,
2549 4218 2867 4299 calamoque
2918 4234 3227 4289 percussus,
3282 4217 3473 4274 huon

1889 4309 2036 4365 latus
2065 4306 2371 4378 perfossum*
2393 4317 2449 4364 et
2479 4307 2728 4381 denique.
2740 4309 2991 4382 sepulcro
3018 4308 3223 4364 illatus.
3551 4351 3564 4361 .

1886 4399 1983 4453 καὶ
2032 4396 2264 4471 καλάμῳ
2317 4399 2655 4470 παιόμενος,
2703 4400 2800 4455 καὶ
2859 4400 3035 4474 λόγχῃ
3080 4398 3184 4472 τὴν
3230 4396 3475 4470 πλευρὰν

253 4625 377 4683 Kz'.
419 4625 514 4692 Τίς
538 4621 662 4679 τῶν
690 4615 1080 4677 Aeo-:conxer-
1108 4612 1472 4685 παθημάτων
1500 4615 1540 4684 ἡ
1573 4613 1753 4669 uitta.
1822 4609 1866 4665 1)
1892 4606 2108 4664 xxvtt.
2150 4606 2407 4674 Quaenam
2446 4603 2741 4660 Dominicoe
2778 4602 3038 4672 passionis
3082 4617 3245 4657 εακεα
3288 4601 3510 4671 fuerit..

299 4732 588 4806 Ύπέμεινε
633 4729 693 4785 δέ
719 4729 913 4793 ταῦτα,
947 4725 1048 4798 τὴν
1080 4724 1355 4798 ἡμετέραν
1400 4720 1791 4795 μηχανώμενος

221 4825 531 4898 σωτηρίαν·
561 4823 750 4894 ἐπειδὴ
781 4821 892 4892 γὰρ
921 4819 972 4872 ol
998 4820 1067 4891 τῇ
1115 4813 1361 4887 ἀμαρτίᾳ
1401 4811 1792 4878 δουλεύσαντες

220 4921 332 4981 τοῖς
363 4913 659 4986 ἐπιτιμίοις
692 4909 985 4967 ὑπεύθυνοι
1029 4907 1127 4977 τῆς
1171 4904 1445 4978 ἁμαρτίας
1471 4900 1790 4974 ἐτύγχανον,

222 5006 384 5069 αὐτὸς
406 5002 682 5076 ἁμαρτίας
713 4998 1155 5074 ἀπηλλαγμένος,
1193 4996 1289 5051 καὶ
1312 4995 1403 5050 διὰ
1424 4993 1606 5065 πάσης
1645 4992 1795 5048 ὁδεύ-

227 5118 327 5166 σας
374 5094 741 5166 δικαιοσύνης,
778 5093 878 5165 τὴν
928 5091 1038 5147 τῶν
1087 5086 1429 5160 ἁμαρτωλῶν
1475 5083 1797 5149 κατεδέξατο

227 5190 518 5264 τιμωρίαν,
549 5185 639 5241 διά
668 5184 769 5256 μὲν
807 5181 905 5238 τοῦ
953 5178 1207 5251 σταυροῦ,
1236 5178 1336 5250 τῆς
1382 5176 1619 5240 παλαιᾶς
1664 5189 1799 5229 κατ-

230 5282 368 5354 ἀρας
417 5281 519 5351 τὴν
561 5276 834 5347 ἀπόφασιν
874 5273 1017 5327 λύων
1059 5288 1080 5323 ι
1113 5267 1385 5341 (Χριστὸς
1429 5267 1560 5338 γάρ,
1611 5266 1796 5338 φησὶν,

229 5371 560 5444 ἐξηγόρασεν
584 5369 730 5444 ἡμᾶς
758 5367 824 5421 ἐκ
859 5364 959 5436 τῆς
999 5363 1246 5434 κατάρας
1284 5359 1383 5414 τοῦ
1425 5360 1615 5433 νόμου,
1645 5358 1802 5430 γενό-

232 5482 389 5540 μενος
452 5464 593 5538 ὑπὲρ
624 5460 782 5535 ἡμῶν
817 5457 1063 5529 κατάρα·
1116 5454 1430 5526 γέγραπται
1477 5452 1608 5526 γάρ·
1649 5453 1802 5508 Ἐπι-

231 5556 543 5631 κατάρατος
574 5555 680 5620 πᾶς
701 5555 731 5608 ό
750 5548 1095 5624 κρεμάμενος
1125 5547 1184 5601 ἐν
1222 5544 1369 5616 ξύλῳ
1392 5544 1463 5616 ι),
1483 5544 1574 5600 διά
1594 5544 1652 5599 δέ
1689 5542 1798 5601 τῶν

302 5735 349 5768 ⁸⁸
376 5730 530 5790 loun.
567 5744 720 5795 xvut.
753 5728 806 5786 6.
878 5728 918 5762 '¹
946 5727 1119 5784 Galat.
1151 5739 1233 5789 m,
1272 5723 1352 5791 13,
1386 5723 1472 5778 Η.

1970 4719 2098 4777 Bac
2125 4730 2305 4776 autem
2336 4731 2626 4789 perpessus
2658 4723 2767 4780 est,
2797 4715 2924 4771 dum
2960 4713 3123 4770 saluti
3157 4720 3358 4768 nostre
3383 4713 3478 4769 dat

1897 4826 2142 4885 operam.
2174 4809 2305 4866 Nam
2324 4809 2452 4881 quia
2484 4809 2522 4864 ll
2549 4807 2642 4880 qul
2670 4814 2894 4878 peccato
2915 4804 3240 4871 servierant,
3263 4803 3476 4875 peceati

1895 4903 2074 4978 poenis
2103 4901 2227 4958 iacti
2256 4897 2675 4964 crantobnoxii‚
2706 4896 2825 4966 ipse
2850 4895 2998 4951 omni
3029 4901 3254 4964 peccato
3277 4892 3503 4949 immo-⁴

1899 4997 2007 5065 nis,
2044 5004 2099 5051 et
2125 4994 2217 5066 qul
2253 4991 2428 5049 omnis
2464 4988 2692 5060 justitiae
2730 5001 2947 5044 cursum
2989 4984 3319 5052 conteoerat,
3354 4997 3482 5054 peo-

1901 5087 2143 5144 cantium
2168 5083 2491 5156 supplicium
2528 5080 2717 5149 subiit,
2753 5077 2955 5135 veteris
2988 5076 3258 5133 maledicti
3284 5075 3479 5131 decre·

1905 5185 2017 5232 tum
2044 5189 2208 5231 cruce
2230 5188 2324 5231 sua
2354 5172 2563 5230 delens.
2594 5191 2614 5225 ι
2631 5169 2887 5227 Christus
2909 5166 3076 5231 enlm,
3103 5166 3281 5238 inquit
3311 5165 3481 5236 (Pau-

1905 5267 2043 5340 lus),
2078 5282 2176 5324 noo
2204 5266 2434 5323 redemit
2462 5265 2529 5321 de
2557 5262 2843 5321 maledicto
2872 5259 3029 5332 legis,
3053 5258 3229 5314 sactus
3257 5271 3358 5328 pro
3375 5273 3479 5314 no·

1905 5361 1992 5417 liis
2034 5359 2382 5416 maledictum
2417 5376 2433 5415 ι
2479 5356 2611 5428 quia
2662 5355 2925 5425 scriptum
2970 5361 3054 5407 est
3095 5367 3112 5408 ι
3160 5349 3481 5408 Ιειίεύῖοιιιε

1905 5451 2085 5508 omnis
2112 5450 2205 5521 qui
2243 5449 2437 5522 pendet
2463 5448 2518 5504 in
2551 5447 2699 5520 ligno
2724 5447 2804 5514 ⁸¹;
2843 5464 2864 5499 ι
2895 5443 3081 5516 spinea
3112 5456 3238 5497 vero
3279 5454 3479 5498 corona

1907 5542 2067 5603 tinem
2092 5541 2282 5599 Adami
2306 5539 2587 5614 suppliciis
2611 5541 2912 5612 imponens.
2952 5534 3169 5593 Etenim
3202 5542 3321 5606 post
3354 5547 3481 5606 pee-
