3809 6125
268 326 402 384 ¹⁴2¹

1435 321 1522 381 DE
1559 317 2078 381 lNCARNATIONE
2116 324 2372 383 noulxl.

3375 323 3517 381 “22

263 443 377 497 τῶν
428 442 487 493 ὲν
532 438 745 524 τούτοις
786 440 1166 511 ἀποκειμένων
1211 440 1425 515 μυελῶν
1453 439 1516 493 τὸ
1553 438 1842 510 χρειῶδες,
1875 445 1919 502 Α
1948 440 2215 497 dullarum
2263 442 2579 505 utilitatem,
2609 449 2668 496 et
2696 445 2966 509 quotquot
3011 437 3117 494 alia
3169 437 3225 492 iu
3275 437 3515 494 humano

265 533 364 589 καὶ
404 532 576 587 τᾶλλα
609 530 711 586 ὅσα
745 530 837 586 τοῦ
879 531 1221 605 ἀνθρωπίνου
1263 530 1407 596 ζῶον
1457 530 1520 584 τὸ
1566 528 1847 601 ὁρώμενον

256 622 406 693 ἔχει.
441 619 552 673 Καὶ
585 620 722 691 πρὸς
770 619 1012 686 τούτοις,
1060 620 1187 674 νοῦν
1232 618 1431 673 ἔδωκεν
1467 618 1714 691 ἡγεμόνα
1752 617 1849 672 καὶ

267 712 631 785 κυόερνητην,
670 712 858 780 σοφίας
892 710 1217 783 πληρώσας,
1262 710 1457 783 τέχνης
1497 710 1718 780 ἀπάσης
1754 713 1849 764 καὶ

267 804 582 875 ὶπιστήμης
606 803 917 878 ἐμπλήσας,
962 804 1054 857 καὶ
1091 803 1308 873 λογικδν
1337 805 1586 875 ἀπέφηνε
1610 802 1672 857 τὸ
1694 803 1851 873 πήλι-

266 914 362 952 νον
393 895 641 967 ἄγαλμα,
675 897 770 950 καὶ
799 896 1008 949 οἰκείαν
1038 895 1226 950 είκόνα
1252 897 1522 968 πεποίηκε
1541 894 1634 949 τὸν
1666 892 1849 965 χοϊκδν

269 988 588 1060 ἀνδριάντα,
628 987 692 1041 τὸ
728 988 954 1060 ἀρχικὸν
1001 988 1096 1042 καὶ
1136 986 1601 1061 αὐτοκρατορικδν
1626 986 1720 1040 καὶ
1754 985 1850 1057 δη-

274 1079 595 1153 μιουργικὸν
616 1082 692 1153 ’τῇ
726 1082 889 1152 νοερᾷ
935 1078 1081 1151 ψυχῇ
1113 1079 1209 1133 καὶ
1241 1079 1496 1151 ἀθανάτῳ
1534 1078 1852 1151 δωρησάμε-

270 1187 379 1235 νος.
411 1164 545 1224 Εἶτα
574 1167 798 1239 βασιλέα
839 1168 1073 1239 κτηνῶν,
1105 1168 1202 1221 καὶ
1233 1168 1601 1240 τετραπόδων,
1627 1169 1724 1222 καὶ
1758 1169 1852 1239 έρ-

273 1260 474 1327 πετῶν,
508 1258 745 1331 νηκτῶν,
789 1249 889 1313 &cti
915 1257 1215 1330 ἀμφιόίων,
1257 1258 1487 1312 καὶτῶν
1528 1257 1849 1329 ἀέροπόρων

270 1350 499 1425 ὀρνίθων
540 1347 938 1420 ἐχειροτόνησε.
979 1346 1094 1420 Πρὸ
1133 1347 1191 1401 δὲ
1230 1345 1436 1401 τούτων
1483 1338 1675 1418 ὥσπερ
1729 1346 1851 1400 τινὰ

271 1436 519 1491 παστάδα
580 1436 945 1509 χαριεστάτην
1009 1435 1216 1490 ἀνωθεν
1270 1435 1535 1518 ἐξέτεινεν
1595 1435 1847 1507 οὐρανὸν,

270 1528 541 1600 λειμῶνας
573 1528 819 1601 ἀστέρων
840 1526 1253 1598 ὲγκαταπήξας,
1281 1526 1474 1598 χρείαν
1503 1543 1567 1581 τε
1593 1527 1733 1598 ὁμοῦ
1754 1528 1852 1582 καὶ

271 1620 464 1693 τέρψιν
491 1620 860 1693 παρέχοντας·
890 1618 1044 1691 ἥλιόν
1066 1635 1128 1673 τε
1161 1618 1404 1689 ἀνίσχειν
1433 1618 1727 1685 κελεύσας,
1756 1619 1852 1673 καὶ

272 1711 515 1777 δύεσθαι,
567 1711 664 1766 καὶ
707 1713 882 1765 ποιεῖν
939 1708 1156 1782 ἡμέρας
1218 1709 1315 1763 καὶ
1355 1709 1579 1774 νύκτας,
1626 1709 1726 1765 καὶ
1770 1708 1851 1780 τῷ

1949 530 2169 586 animali
2215 530 2399 587 videre
2426 538 2531 585 est.
2566 528 2632 584 Et
2670 537 2875 599 praeter
2918 526 3057 597 baec,
3106 536 3342 585 mentem
3369 528 3515 585 dedit

1950 621 2142 676 ducem
2185 629 2242 677 et
2271 620 2735 689 gubernatricem,
2764 618 3029 689 sapientia
3063 618 3353 685 imbutam,
3383 620 3517 676 artis

1947 712 2125 765 omnis
2173 710 2523 781 scientiaeque
2557 724 2854 779 capacem;
2882 718 2939 765 et
2981 708 3303 766 rationalem
3356 711 3515 767 exbi-

1949 796 2065 852 buit
2091 797 2291 854 luteam
2323 804 2579 865 statuam,
2607 809 2770 869 atque
2791 797 2860 853 ad
2887 795 3178 869 imaginem
3206 811 3363 854 suam
3388 812 3519 855 con·

1950 886 2203 943 formavit
2229 886 2539 958 pulvereum
2561 886 2935 954 simulacrum,
2982 887 3359 958 imperativam
3382 890 3517 958 vim,

1951 974 2181 1037 liberum
2211 978 2518 1049 arbitrium,
2550 989 2607 1036 et
2637 979 2855 1051 quidvis
2882 980 3190 1038 fabricandi
3224 982 3519 1053 potentiam

1950 1070 2303 1127 intellectuali
2334 1070 2738 1143 immortalique
2769 1072 2968 1129 anima
2996 1074 3327 1130 concedens.
3350 1070 3519 1129 Dein·

1951 1162 2018 1218 de
2043 1161 2318 1218 bominem
2350 1162 2677 1228 belluarum,
2706 1173 2764 1219 et
2788 1162 3224 1235 quadrupedum,
3255 1178 3321 1220 ac
3349 1163 3519 1237 repti-

1953 1252 2147 1317 tilium,
2175 1251 2519 1323 aquatilium,
2547 1261 2604 1309 et
2655 1252 3079 1324 amphibiorum,
3124 1264 3181 1310 et
3216 1254 3517 1311 volatilium

1953 1348 2129 1403 avium
2158 1362 2343 1420 regem
2370 1349 2679 1407 constituit.
2705 1349 2847 1405 Ante
2877 1349 2996 1407 baec
3025 1360 3228 1418 autem,
3250 1349 3519 1421 quoddam

1954 1438 2120 1495 veluti
2144 1438 2603 1509 jucundissimum
2636 1438 2949 1497 cubiculum
2997 1440 3233 1509 desuper
3273 1437 3521 1495 extendit

1952 1526 2171 1592 coelum,
2206 1525 2446 1581 siderum
2491 1526 2839 1584 amoenitates
2891 1527 3159 1591 inserena,
3204 1541 3327 1598 quae
3359 1541 3518 1585 usum

1951 1615 2113 1673 simul
2158 1616 2682 1687 delectationemque
2734 1618 2978 1689 prebeat
3019 1617 3229 1674 :solem
3262 1618 3394 1675 oriri
3430 1617 3522 1689 iu-

1952 1712 2088 1769 bens
2107 1720 2162 1768 et
2189 1713 2535 1781 occumbere,
2564 1712 2793 1783 diesque
2815 1720 2872 1768 et
2913 1721 3100 1769 noctes
3130 1711 3367 1778 efficere,
3393 1727 3524 1769 cur-

272 1804 460 1876 δρόμῳ
506 1805 599 1858 τὸν
652 1802 846 1874 χρόνον
910 1804 1161 1874 μετρεῖν·
1215 1801 1449 1874 σελήνην
1495 1800 1706 1873 φθίνείν
1756 1802 1852 1856 καὶ
1882 1772 1926 1829 Β
1959 1818 2130 1873 suque
2157 1818 2256 1859 suo
2285 1813 2526 1874 tempora
2564 1803 2749 1859 metiri
2775 1818 2793 1870 ς
2821 1802 3005 1858 lunam
3030 1802 3201 1866 minui
3228 1812 3286 1860 el.
3314 1804 3521 1875 augeri,

275 1893 526 1965 πλήθειν,
562 1894 656 1948 καὶ
677 1896 797 1957 ταῖς
826 1895 1056 1957 πυκναῖς
1085 1894 1412 1964 μεταὸολαῖς
1437 1894 1587 1965 ἥδειν
1616 1911 1680 1948 τε
1713 1894 1872 1966 ὁμοῦ,

273 1986 375 2040 καὶ
408 1985 694 2057 σημαίνειν
723 1985 923 2040 κύκλον
949 1984 1041 2038 τὸν
1067 1984 1368 2040 ἐνιαύσιον·
1395 1986 1501 2056 γῆν
1522 1985 1581 2040 δὲ
1607 1985 1854 2040 κάτωθεν

279 2077 634 2149 ὑπεστόρεσε,
665 2077 760 2131 καὶ
785 2075 1031 2131 ποικίλον
1068 2076 1208 2147 αὐτῇ
1241 2076 1447 2147 κόσμον
1475 2076 1744 2145 δέδωκεν,
1773 2076 1854 2140 είς

277 2167 416 2240 ἄλση
445 2169 539 2221 καὶ
567 2168 693 2240 ληῖα
725 2168 822 2222 καὶ
852 2167 1129 2239 λειμῶνας
1159 2167 1439 2240 διακρίνας
1459 2181 1476 2197 ·
1518 2166 1623 2240 δρη
1651 2167 1856 2239 κιρτώ-

280 2275 381 2323 σας
404 2261 481 2322 είς
511 2258 644 2328 ὕψος
661 2298 678 2324 ι
728 2259 823 2313 καῖ
850 2258 1028 2324 νάπας
1060 2259 1334 2324 κοιλάνας,
1361 2259 1459 2314 καὶ
1489 2259 1650 2312 πεδία
1690 2256 1859 2313 ὕπτια

281 2348 378 2402 καὶ
410 2348 629 2401 ίσόπεδα
655 2347 857 2414 δείξας,
901 2348 998 2402 καὶ
1026 2349 1210 2421 πηγὰς
1248 2348 1569 2414 άναόλύζειν
1613 2351 1672 2403 ὲν
1706 2348 1860 2421 μέσῳ

279 2440 576 2503 κελεύσας,
637 2440 733 2493 καὶ
791 2440 1074 2510 ποταμοὺς
1140 2439 1356 2511 τρέχειν
1414 2440 1697 2503 emuna,
1766 2440 1861 2493 καὶ

277 2529 446 2587 τᾶλλα
472 2530 573 2583 ὅσα
600 2528 704 2600 γῆν
728 2526 1058 2592 καλλωπίζει
1082 2526 1494 2581 καὶθάλατταν.

282 2729 361 2786 Γ.
399 2728 504 2782 Διὰ
541 2728 599 2780 τί
641 2726 749 2781 τὸν
777 2725 1097 2795 ἄνθρωπον
1133 2727 1632 2795 προσηγόρευσεν
1663 2723 1859 2794 Ἀδάμ.

354 2842 510 2897 Οὕτω
533 2841 946 2913 δημιουργήσας
971 2839 1061 2894 τὸν
1087 2838 1306 2911 πρῶτον
1327 2837 1636 2909 ἄνθρωπον,
1668 2837 1764 2892 καὶ
1796 2839 1863 2907 τῇ
1893 2831 1902 2839 ’

283 2930 456 2986 είκόνι
488 2933 727 3002 τιμήσας
759 2930 856 2985 καὶ
883 2929 964 3001 τῷ
992 2929 1189 2999 πλήθει
1225 2928 1338 2984 τῶν
1367 2926 1589 3000 δωρεῶν
1627 2925 1873 2983 ἀποκλύ-

288 3039 410 3089 σας,
450 3021 664 3090 τίθησιν
688 3020 838 3092 αὐτῷ
874 3022 938 3075 τὸ
962 3022 1063 3092 τῆς
1088 3021 1306 3090 φύσεως
1335 3021 1538 3093 ὄνομαέ
1557 3017 1728 3091 ’Δδὰμ
1755 3018 1865 3090 γᾴρ

1956 1896 2180 1966 suisque
2209 1895 2585 1965 frequentibus
2625 1893 3054 1951 revolutionibus
3077 1892 3351 1951 delectare
3374 1896 3523 1966 pari·

1960 1994 2061 2050 ter,
2088 1992 2143 2039 et
2185 1998 2425 2039 annuum
2454 1982 2720 2039 circulum
2767 1981 3097 2052 signiticare.
3122 1980 3244 2038 «lem
3274 1982 3521 2040 ultorem

1957 2076 2046 2131 liic
2071 2074 2301 2132 inferius
2329 2076 2649 2140 substravit,
2690 2074 2851 2145 eique
2885 2075 3094 2130 varium
3131 2086 3384 2132 ornatum
3424 2075 3527 2131 de·

1958 2164 2059 2230 dit,
2093 2164 2268 2231 silvis,
2293 2166 2459 2230 arvis.
2490 2166 2775 2236 pratisque
2812 2164 3185 2236 distinguens,
3230 2174 3443 2223 montes
3470 2166 3526 2224 in

1958 2253 2322 2311 sublimitates
2354 2269 2612 2320 curvans,
2641 2254 2815 2311 valles
2838 2268 3134 2322 excavans,
3165 2238 3390 2327 campos
3430 2271 3528 2313 su-

1961 2348 2119 2418 pinos
2146 2347 2550 2418 aequabilesque
2577 2349 2895 2416 ostendeus,
2927 2346 3213 2420 fontesque
3252 2349 3322 2404 de
3357 2347 3533 2405 medi·

1964 2439 2117 2493 tullio
2162 2439 2431 2495 scaturire
2465 2438 2688 2508 iubens,
2737 2448 2793 2495 et
2834 2436 3057 2494 llumina
3082 2438 3396 2509 perenniter
3415 2438 3529 2497 dia·

1959 2544 2204 2593 currere,
2237 2537 2401 2600 atque
2428 2528 2535 2585 alia
2578 2530 2765 2586 omnia
2818 2536 3088 2601 quotquot
3118 2536 3320 2586 terram
3352 2543 3529 2587 mare-

1962 2634 2068 2690 que
2097 2629 2384 2675 exornant.

2138 2732 2229 2788 ltl.
2263 2731 2375 2788 Cer
2402 2734 2665 2789 hominem
2699 2731 3038 2803 appellaverit
3066 2733 3356 2789 Artemam.

2038 2846 2174 2903 Cum
2204 2845 2283 2900 sic
2307 2845 2543 2915 primum
2585 2844 2858 2900 bominem
2906 2842 3260 2911 condidisset,
3300 2851 3359 2900 et
3397 2842 3536 2900 ima-

1967 2935 2113 3007 ginis
2166 2949 2282 2991 suae
2352 2934 2560 2990 bonore
2617 2932 2896 3001 auxisset,
2958 2934 3331 3002 danorumque
3380 2932 3534 3003 copia

1968 3026 2264 3092 obruisset,
2302 3036 2496 3080 nomen
2542 3021 2592 3079 ei
2619 3030 2825 3079 naturae
2858 3021 3028 3094 ipsius
3055 3021 3335 3094 proprium
3366 3020 3539 3094 impo-

289 3113 455 3168 αὐτὸν
482 3112 927 3180 προσηγόρευσεν
947 3129 961 3142 ·
1006 3111 1165 3164 τοῦτο
1202 3113 1262 3164 δὲ
1302 3113 1399 3164 τὸν
1441 3112 1572 3181 χοῦν
1616 3111 1769 3180 δηλοῖ
1800 3114 1867 3182 τῇ
1895 3117 1940 3176 C
1971 3121 2079 3177 suit
2106 3137 2122 3187 ;
2146 3117 2347 3175 etenim
2372 3116 2639 3172 Adamum
2668 3115 3020 3186 nuncupavit,
3043 3114 3187 3184 quod
3214 3112 3536 3172 vocabulum

304 3200 571 3272 ⁰E6pelwv
599 3201 773 3271 φωνῇ.
797 3200 915 3253 Μία
941 3199 998 3253 δὲ
1020 3200 1115 3254 καὶ
1139 3199 1280 3270 αὕτη
1310 3199 1440 3270 περὶ
1467 3199 1563 3252 τὸν
1583 3198 1871 3269 ἄνθρωπον

295 3291 612 3364 κηδεμονία.
671 3289 890 3361 Ἐπειδὴ
935 3288 1047 3362 γάρ
1095 3289 1287 3360 ἔμελλε
1331 3288 1608 3355 τοσούτοις
1646 3290 1873 3360 ἀγαθοῖς

294 3384 673 3455 ἀντρυφήσειν,
712 3382 806 3436 καὶ
852 3381 1120 3436 τοσούτων
1162 3382 1345 3454 ἄρχων
1391 3380 1737 3452 ἀνηγορεύθη
1777 3384 1875 3436 καὶ

301 3475 570 3548 βασιλεὺς,
602 3475 689 3529 ἵνα
723 3475 799 3546 μὴ
831 3472 912 3545 τῷ
939 3471 1135 3544 πλήθει
1161 3472 1269 3527 τῶν
1301 3473 1520 3544 δωρεῶν
1546 3472 1874 3546 ύπερμαζη-

298 3584 420 3632 σας,
478 3569 573 3622 καὶ
618 3568 696 3639 τῷ
747 3567 874 3638 ὕψει
913 3566 1014 3639 τῆς
1059 3566 1352 3639 ἡγεμονίας
1393 3565 1658 3638 ἐπαρθεὶς
1702 3584 1876 3621 κατα-

300 3659 571 3728 σκιρτήσῃ
595 3656 688 3711 τοῦ
721 3656 1028 3723 κτίσαντος,
1075 3657 1168 3710 καὶ
1203 3656 1467 3729 μεγίστην
1511 3656 1577 3710 ὲκ
1625 3657 1726 3727 τῆς
1777 3673 1874 3709 τυ-

303 3742 546 3814 ραννίδος
606 3743 976 3814 ἀπενέγκηται
1036 3741 1240 3816 βλάδην
1265 3784 1280 3809 ,
1328 3744 1471 3799 κατὰ
1522 3744 1613 3798 τὸν
1659 3744 1874 3817 πρῶτον

300 3834 613 3905 ἀποστάτην
643 3835 847 3889 ἐκεῖνον
873 3835 965 3891 τὸν
993 3836 1069 3901 ὡς
1109 3836 1394 3908 ἀστραπὴν
1425 3840 1490 3891 ὲκ
1517 3838 1612 3891 τοῦ
1641 3836 1874 3909 ούρανοῦ

301 3922 539 3977 πεσόντα
565 3923 634 3976 δι’
654 3923 998 3991 ἀλαζονείαν,
1029 3927 1343 3995 ἀναγκαίως
1360 3930 1389 3981 ὁ
1418 3928 1580 3998 σοφὸς
1604 3928 1717 3982 τῶν
1738 3929 1877 3984 ὅλων

302 4012 568 4088 πρύτανις
595 4016 819 4070 κωλύων
845 4016 1012 4072 αὐτοῦ
1048 4019 1141 4072 τὸν
1184 4017 1346 4087 όγκον
1372 4019 1468 4073 τοῦ
1504 4023 1678 4093 φρονη
1686 4038 1874 4092 ματος,

316 4104 488 4176 ’Δδάμ
521 4107 983 4179 προσηγόρευσεν,
1032 4109 1118 4162 ἵνα
1153 4111 1217 4163 ὲκ
1245 4110 1345 4180 τῆς
1385 4113 1759 4184 προσηγορίας
1791 4114 1879 4166 ὲν-

307 4194 444 4250 νοῶν
469 4195 568 4268 τὴν
604 4197 952 4266 συγγένειαν,
979 4199 1074 4252 καὶ
1110 4199 1213 4263 τὰς
1239 4201 1496 4273 ἀφορμὰς
1523 4203 1623 4273 τῆς
1659 4205 1878 4274 φύσεως

306 4284 674 4356 λογιζόμενος,
704 4288 798 4341 καὶ
823 4287 915 4341 τὸν
957 4289 1220 4360 πρόγονον
1246 4293 1376 4363 χοῦν
1404 4293 1511 4365 πρὸ
1540 4293 1650 4348 τῶν
1675 4294 1881 4365 ὀφθαλ-

312 4376 429 4446 μῶν
455 4375 747 4448 θεώμενος,
771 4378 964 4434 ἑαυτὸν
996 4380 1095 4450 μὲν
1125 4381 1386 4454 γνωρίζῃ,
1410 4387 1691 4458 προσκυνῇ
1709 4384 1766 4439 et
1788 4386 1879 4440 τδν

309 4467 597 4539 τοσαύτην’
644 4469 975 4540 εὐπρέπειαν
1032 4471 1182 4543 αύτῷ
1236 4475 1332 4527 καὶ
1393 4475 1877 4547 μεγαλοπρέπειαν

308 4556 695 4628 δωρησάμενον
715 4572 729 4588 ·
794 4555 932 4629 αὕτη
1001 4557 1191 4630 πρώτη
1252 4561 1384 4632 περὶ
1437 4560 1530 4615 τὸν
1586 4562 1876 4634 ἄνθρωπον

310 4646 525 4717 ὶδείχθη
555 4647 649 4701 τοῦ
682 4649 917 4719 Ποιητοῦ
961 4649 1098 4721 μετὰ
1119 4651 1218 4722 τὴν
1241 4650 1599 4722 δημιουργίαν
1625 4653 1876 4725 πρόνοια·

310 4740 484 4801 οὕτως
512 4737 571 4804 ἐξ
604 4740 778 4811 ἀρχῆς
802 4738 890 4795 οἷά
917 4758 1003 4807 τις
1036 4743 1217 4814 πατὴρ
1264 4743 1360 4796 καὶ
1389 4743 1571 4815 ἰατρός
1601 4745 1698 4799 καὶ
1726 4743 1879 4798 διδά-

311 4828 532 4895 σκαλος,
582 4831 802 4902 κοσμῶν
847 4833 982 4904 ὁμοῦ
1029 4835 1125 4889 καὶ
1173 4835 1438 4905 ίατρεύων
1484 4835 1578 4890 καὶ
1615 4835 1883 4893 διδάσκων

313 4917 476 4972 αὐτὸν
501 4919 600 4990 τὴν
627 4921 852 4994 ἀρετὴν,
885 4924 1202 4981 διετέλεσεν.

314 5053 390 5107 Δ’.
412 5053 516 5107 Διὰ
537 5055 594 5108 τί
620 5055 734 5126 τὴν
760 5057 1014 5130 rin-aina
1044 5061 1113 5114 ὲκ
1135 5060 1242 5130 τῆς
1276 5061 1542 5131 πλευρᾶς
1568 5060 1880 5133 ἐδημιούρ-

1023 5147 1192 5201 moe.

388 5236 576 5303 Ούτως
607 5240 769 5294 αὑτὸν
806 5241 1107 5309 διαπλάσας
1132 5284 1148 5309 ,
1192 5243 1364 5310 οὕτως
1407 5244 1879 5318 προσαγορεύσας,

318 5326 514 5400 βοηθὸν
545 5330 694 5402 αὐτῷ
739 5332 834 5386 καὶ
880 5335 1141 5407 συνεργὸν
1187 5337 1282 5390 καὶ
1324 5334 1418 5390 τοῦ
1453 5335 1572 5408 βίου
1628 5335 1885 5390 κοινωνὸν

317 5423 661 5492 παραχρῆμα
703 5423 1160 5498 ἐδημιούργησεν
1211 5428 1313 5482 οὐκ
1352 5429 1418 5483 ὲκ
1467 5428 1633 5501 μόνης
1675 5427 1732 5483 δὶ
1786 5426 1887 5499 τῆς

319 5504 464 5578 γῆς,
502 5505 579 5570 ὡς
626 5509 715 5564 ἀπ’
752 5511 985 5580 ἐκείνου,
1033 5514 1297 5587 λαμὸάνει
1337 5515 1452 5582 τὰς·
1480 5515 1735 5588 ἀφορμὰς
1784 5518 1884 5588 τῆς

394 5705 412 5740 ¹
452 5704 559 5764 lsa.
587 5719 700 5772 xlv,
732 5707 819 5764 ¹2.

1972 3215 2027 3267 in
2080 3211 2431 3267 nebu-«eorum
2486 3208 2664 3278 lingua
2711 3207 2988 3278 pulverem
3039 3206 3331 3276 siguilicat.
3362 3205 3540 3276 'Atque

1973 3303 2088 3359 baec
2113 3302 2277 3358 etiam
2324 3313 2452 3372 erga
2492 3298 2769 3355 bominem
2806 3295 3145 3367 providentia
3172 3295 3391 3368 mm
3417 3294 3537 3351 l'uit.

1972 3391 2108 3446 Nam
2142 3389 2270 3460 quia
2312 3387 2479 3443 tantis
2504 3360 2663 3442 bonis
2688 3384 2957 3440 l'ruiturus
2984 3392 3127 3448 erat,
3164 3391 3355 3454 totque
3385 3396 3541 3439 crea·

1972 3489 2220 3537 turarum
2253 3478 2510 3550 princeps
2534 3476 2865 3533 constitutus
2888 3483 3239 3541 erat-etms,
3267 3486 3336 3530 ne
3371 3475 3542 3531 donc·

1975 3587 2095 3627 rum
2119 3568 2470 3634 multitudine
2497 3567 2786 3624 lasciviens
2822 3579 2879 3623 et
2924 3567 3263 3640 principatus
3303 3565 3540 3623 excelsi-

1976 3672 2086 3719 tate
2139 3661 2314 3717 elatus
2381 3659 2644 3716 adversus
2694 3657 3011 3715 Creatorem
3063 3658 3312 3730 petulans
3364 3657 3540 3724 lieret,

1976 3756 2379 3823 maximumque
2410 3766 2476 3807 ex
2509 3751 2621 3807 bac·
2640 3750 2807 3807 veluti
2841 3750 3129 3821 tyrannide
3154 3748 3542 3808 detrimentum

1975 3855 2217 3918 caperet,
2252 3859 2403 3900 more
2449 3844 2593 3900 illius
2624 3841 2785 3913 primi
2811 3849 3120 3911 apostata,
3162 3839 3255 3912 qui
3285 3848 3545 3911 tanquam

1976 3935 2155 4007 fulgur
2193 3934 2463 4005 superbiae
2504 3948 2617 3990 suae
2659 3946 2825 3989 causa
2870 3931 3012 3988 coelo
3037 3929 3242 3987 excidit
3270 3931 3314 3996 ¹,
3354 3943 3548 3987 neees-

1978 4027 2126 4083 sario
2176 4026 2398 4096 sapiens
2458 4038 2641 4080 rerum
2692 4023 2935 4080 omnium
2982 4030 3226 4086 curator,
3278 4029 3545 4077 tumorem

1978 4117 2150 4188 ipsius
2176 4115 2375 4171 mentis
2403 4115 2787 4186 comprimens,
2820 4113 3089 4169 Adatnum
3139 4110 3455 4184 appellavit,
3483 4122 3546 4167 ut

1977 4223 2045 4266 ex
2071 4207 2292 4265 nomine
2320 4199 2687 4263 conditionem
2734 4219 2890 4262 suam
2925 4212 3299 4275 reputans,·et
3336 4212 3549 4258 naturae

1982 4297 2276 4370 primordia
2310 4295 2692 4360 considerans,
2733 4303 3129 4365 parentemque
3171 4306 3335 4348 suum
3364 4291 3549 4362 pulve-

1983 4404 2099 4445 rem
2145 4398 2262 4457 prai
2301 4383 2475 4441 oculis
2506 4384 2734 4450 babens,
2774 4396 2833 4439 se
2879 4382 3056 4454 ipsum
3085 4382 3305 4453 quidem
3348 4395 3552 4452 eogno-

1983 4486 2181 4542 seeret,
2204 4474 2463 4531 adoraret
2487 4481 2667 4528 autem
2688 4471 2862 4541 illum,
2880 4471 2974 4544 qui
2996 4481 3204 4528 tantum
3225 4472 3276 4528 ei
3298 4471 3550 4529 decertem

1984 4584 2050 4626 ac
2076 4567 2476 4639 speciositatem
2502 4554 2746 4621 donavit.
2779 4562 2960 4620 Prima
2986 4563 3250 4636 baecerga
3273 4565 3549 4621 homiaem

1986 4659 2236 4716 Facterls
2257 4664 2381 4729 post
2413 4654 2745 4712 creationem
2773 4652 3115 4727 providentia
3146 4655 3380 4712 exstitit.
3409 4655 3486 4712 lta
3506 4655 3553 4712 is

1982 4755 2093 4825 jam
2121 4751 2246 4807 inde
2268 4749 2341 4806 ab
2370 4748 2550 4812 initio,
2570 4761 2673 4804 ceu
2706 4754 2860 4818 pater
2888 4746 3107 4817 quidam
3137 4755 3193 4803 ct
3224 4747 3466 4805 medicus
3494 4759 3553 4804 et

1983 4842 2259 4913 magister,
2287 4851 2499 4896 ornans
2529 4838 2689 4895 simul
2717 4846 2774 4894 et
2817 4850 3016 4894 sanans
3047 4838 3420 4908 virtutemque
3454 4835 3555 4893 do·

1983 4947 2133 4999 cens,
2156 4946 2215 4987 se
2244 4926 2432 5002 gessit.

2089 5068 2176 5125 tv.
2214 5067 2323 5123 Gur
2369 5069 2638 5123 ntalierem
2667 5080 2734 5120 ex
2772 5066 2871 5122 viri
2902 5065 3064 5121 latere
3105 5065 3436 5136 sormaverit.

2071 5248 2363 5320 Postquam
2416 5264 2540 5306 eum
2588 5249 2664 5304 ita
2715 5246 3049 5304 formaverat
3100 5255 3264 5314 atque
3308 5239 3541 5313 appelia-

1988 5346 2164 5405 verat,
2218 5338 2541 5396 auxiliarem
2570 5338 2746 5394 eidem
2774 5348 2831 5392 et
2869 5333 3292 5407 cooperatricem
3322 5330 3554 5400 vitaeque

1988 5428 2228 5487 sodalem
2263 5427 2413 5486 illico
2439 5427 2749 5485 fabricavit.
2792 5424 2948 5483 Baud
2986 5433 3168 5481 tamen
3204 5436 3275 5479 ex
3308 5418 3422 5476 sola
3448 5428 3551 5476 ter·

1991 5518 2325 5584 ra,·sicutin
2355 5520 2471 5592 ipso
2500 5518 2726 5588 lecerat,
2774 5518 3053 5578 materiam
3083 5512 3362 5590 plasmatis
3403 5527 3553 5569 sunt-
