3809 6125
307 338 412 397 655

370 452 400 507 1
419 451 612 517 Gonu,
638 451 819 506 tz-tt‘».
859 452 988 519 Quae
1014 461 1190 506 autem
1222 451 1513 521 loquimur,
1552 466 1659 506 non
1689 451 1743 505 iu
1772 451 1871 507 do·
1901 459 1949 514 A

315 548 419 600 rtis
445 546 695 600 hutnanae
726 544 1003 615 sapientiae
1028 545 1223 608 verbis,
1264 544 1358 599 sed
1389 544 1444 599 in
1475 544 1716 599 doctrina
1751 542 1875 613 Spi-

307 638 463 701 ritus,
493 636 863 705 spiritualibus
884 635 1180 706 spiritualia
1210 644 1607 704 comparantes,
1639 634 1865 689 Anima·

306 727 371 781 lis
397 735 576 781 autem
606 728 768 782 homo
801 741 905 780 non
951 725 1178 797 percipit
1202 739 1264 781 ea
1297 741 1414 796 quie
1466 735 1592 780 sunt
1642 726 1876 797 Spiritus

307 818 399 873 Dei
431 835 447 872 ε
477 817 701 873 stultitia
728 818 868 873 enim
893 826 975 872 est
999 817 1097 881 itti,
1125 825 1180 872 et
1208 830 1313 871 non
1340 826 1520 884 potest
1555 816 1873 885 intelligere,

305 910 430 978 quia
458 908 1186 977 spirituaiiterexatninatur.
1205 907 1511 978 spiritualis
1528 915 1708 962 autem
1726 906 1877 977 judi-

305 999 617 1066 catomnia,
665 1010 720 1054 et
756 999 867 1069 ipse
913 1016 943 1053 u
991 1000 1204 1055 nemine
1222 998 1514 1069 judicatur.
1557 997 1690 1066 Quis
1730 998 1873 1054 enim

302 1091 556 1158 cognovit
597 1105 814 1145 sensum
849 1087 1083 1153 Domini,
1129 1099 1223 1143 aut
1270 1088 1391 1157 quis
1419 1087 1678 1143 instruxit
1704 1088 1876 1143 eum?

303 1180 412 1234 Nos
443 1189 622 1233 autem
651 1177 853 1234 Christi
889 1193 1108 1233 sensum
1139 1177 1419 1233 habemus.

369 1269 394 1323 Ι
425 1269 551 1325 Cor.
588 1284 663 1336 vi,
695 1270 780 1323 Η.
819 1268 885 1324 Et
917 1270 1031 1324 haec
1061 1268 1354 1337 aliquando
1379 1268 1597 1338 quidem
1647 1267 1824 1325 fuistis
1858 1284 1871 1321 ε

303 1367 397 1420 sed
424 1365 590 1420 abluti
614 1366 765 1431 estis,
793 1364 886 1419 sed
916 1364 1235 1420 sanctificati
1271 1364 1427 1430 estis,
1467 1365 1562 1419 sed
1594 1360 1877 1431 iustificati

301 1457 434 1512 estis
462 1456 758 1511 innomine
787 1453 996 1511 Domini
1037 1457 1206 1511 nostri
1251 1455 1375 1512 <iesu
1429 1456 1650 1522 Christi,
1703 1465 1759 1509 et
1822 1458 1875 1509 iu

302 1548 509 1617 Spiritu
537 1546 699 1617 387
721 1546 815 1602 Dei
838 1548 1028 1603 nostri.

365 1641 478 1691 Act.
521 1652 632 1700 xvi,
675 1636 730 1703 6,
767 1637 817 1691 7.
858 1636 1229 1693 Transeuntes
1278 1647 1457 1691 autem
1496 1635 1780 1708 Phrygiam
1821 1645 1876 1690 et

301 1725 522 1780 Galatiae
554 1726 851 1796 regionem,
887 1726 1048 1781 vetati
1081 1735 1209 1781 sunt
1232 1741 1260 1779 a
1282 1723 1488 1795 Spiritu
1517 1737 1706 1780 sancto
1731 1724 1872 1793 loqui

1310 335 1367 390 S.
1407 333 1678 388 CYtttLLt
1719 334 2185 390 ALExANotttNt
2227 335 2542 393 AttentEP.

3448 326 3562 384 656

2057 452 2119 505 '0
2162 452 2627 517 Ἀπόστολος.“Α
2655 450 2715 503 δέ
2746 445 3034 517 λαλοῦμεν,
3067 442 3168 498 οὐκ
3193 442 3252 504 ἐν
3276 439 3559 505 διδακτοῖς

1980 543 2324 615 ἀνθρωπίνης
2373 542 2561 611 σοφίας
2606 542 2802 610 λόγοις,
2836 538 2951 593 ἀλλ’
2980 538 3039 590 ἐν
3069 534 3337 598 διδακτοῖς
3381 532 3561 587 Πνεύ-

1975 654 2171 708 ματος,
2205 637 2594 707 πνευματικοῖς
2623 630 2966 703 πνευματικὰ
3008 626 3411 697 συγκρίνοντες.
3445 624 3561 678 Ψυ·

1977 727 2128 797 χικὸς
2160 726 2216 779 δὲ
2239 727 2334 779 ἀνθ
2344 743 2522 796 ρωπος
2550 726 2611 779 ού
2636 723 2848 795 δέχεται
2878 720 2947 775 τά
2971 718 3063 772 τοῦ
3099 716 3439 790 [Πνεύματος
3461 715 3560 769 τοῦ

1970 815 2111 869 Θεοῦ
2134 832 2146 844 ·
2177 818 2357 886 μωρία
2383 816 2490 883 γὰρ
2521 813 2670 886 αὐτῷ
2695 814 2833 878 ἐστι,
2864 810 2959 864 καὶ
2987 810 3049 863 οὐ
3074 808 3300 862 δύναται
3327 806 3557 877 γνῶναι,

1977 908 2081 983 ὅτι]
2121 908 2504 980 πνευματικῶς
2550 906 2927 978 ἀνακρίνεται.
2978 904 3037 957 Ὀ
3074 901 3134 956 δέ
3184 900 3561 971 πνευματικὸς

1977 999 2261 1070 ἀνακρίνει
2295 1000 2393 1071 μὲν
2422 997 2491 1052 τὰ
2528 998 2727 1062 πάντα,
2764 996 2928 1058 αὐτὸς
2964 993 3023 1047 δὲ
3051 992 3143 1047 ὐπ’
3168 992 3395 1057 οὐδενὸς*
3422 992 3559 1045 ἀνα-

1978 1092 2243 1164 κρίνεται.
2280 1091 2375 1155 Τίς
2420 1089 2700 1164 γάρ,ἐγνω
2728 1087 2851 1142 νοῦν
2881 1086 3115 1159 Κυρίου,
3138 1085 3198 1149 ὃς
3231 1084 3558 1155 συμδιῦάσει

1975 1183 2171 1251 αύτόν;
2218 1182 2491 1253 Ἡμεῖςδέ
2519 1181 2643 1237 νοῦν
2676 1178 2914 1251 Χριστοῦ
2942 1177 3158 1250 ἔχομεν.

2047 1277 2158 1331 Καὶ
2195 1275 2366 1332 ταῦτά
2414 1292 2559 1339 τινες
2611 1270 2731 1347 ἦτε,
2780 1270 2918 1327 ἀλλὰ
2962 1268 3335 1325 ἀπελούσασθε
3356 1306 3371 1333 ,
3417 1268 3557 1323 ἀλλὰ

1976 1368 2296 1440 ἡγιάσθητε,
2346 1365 2482 1423 ἀλλὰ
2508 1364 2866 1436 ἐδικαιώθητε
2912 1365 2971 1417 ἐν
3000 1362 3077 1433 τῷ
3112 1362 3340 1433 ὀνόματι
3378 1360 3556 1432 Ἰησοῦ

1977 1460 2235 1533 Χριστοῦ,
2273 1460 2367 1515 καὶ
2394 1460 2454 1513 ἐν
2491 1457 2569 1531 τῷ
2595 1457 2872 1529 Πνεύματι
2904 1454 2999 1509 τοῦ
3027 1452 3165 1509 Θεοῦ
3193 1452 3377 1525 ἡμῶν.

2059 1644 2160 1695 Ἐν
2184 1640 2311 1707 ταῖς
2332 1639 2613 1708 Πράξεσι.
2646 1635 2953 1700 Διελθόντες
2978 1633 3036 1688 δέ
3063 1633 3162 1705 τὴν
3188 1632 3433 1704 Φρυγίαν
3461 1630 3555 1686 καὶ

1977 1733 2076 1805 τὴν
2126 1732 2429 1801 Γαλατικὴν
2468 1730 2677 1801 χώραν,
2722 1727 3056 1790 κωλυθέντες
3098 1725 3205 1780 ὕπο
3245 1724 3345 1780 τοῦ
3392 1725 3554 1794 ἁγίου

301 1818 522 1872 wsbum
559 1816 650 1873 Dei
683 1818 736 1871 in
768 1816 923 1871 Asia.
965 1815 1099 1871 Cum
1127 1820 1404 1872 venissent
1457 1826 1636 1871 autem
1664 1816 1717 1870 in
1761 1814 1872 1886 My·-
1901 1819 1945 1875 Β
1974 1826 2288 1897 Πνεύματος
2317 1823 2546 1895 λαλῆσαι
2579 1821 2671 1875 τὸν
2700 1820 2857 1889 λόγον
2896 1821 2954 1873 ἐν
2979 1820 3046 1889 τῇ
3095 1817 3269 1889 ’Δσίᾳ,
3301 1816 3556 1882 ἐλθόντες

298 1911 456 1973 siant,
489 1910 767 1964 tentabant
799 1910 878 1964 ire
908 1910 962 1963 in
987 1908 1316 1978 Bithyniam,
1342 1918 1397 1964 et
1457 1923 1563 1963 non
1624 1908 1871 1977 permisit

296 2018 394 2057 eos
410 2002 644 2071 Spiritus
668 2000 817 2057 lesu.

363 2095 514 2150 nom.
549 2109 665 2157 vin,
698 2094 856 2150 9-tt„
889 2092 999 2150 Vos
1031 2105 1211 2151 autent
1245 2111 1367 2149 -non
1397 2095 1528 2171 estis
1580 2095 1632 2150 in
1661 2109 1867 2160 -carne,

297 2189 392 2242 sed
417 2188 468 2240 in
500 2186 726 2255 Spiritu,
759 2186 1024 2255 siquidem
1059 2184 1294 2256 Spiritus
1330 2186 1420 2240 Dei
1450 2186 1739 2240 habitatin
1770 2201 1867 2241 vo·

295 2278 399 2332 bis.
431 2277 488 2331 Si
518 2276 638 2345 quis
668 2286 850 2331 antem
870 2274 1131 2346 Spiritum
1174 2275 1376 2330 Christi
1424 2291 1532 2331 non
1573 2276 1751 2343 habet,
1783 2276 1869 2331 hie

297 2374 508 2423 nonest
539 2368 729 2437 ipsius.
762 2367 818 2422 si
842 2379 1024 2422 autem
1043 2367 1297 2423 Christus
1348 2374 1432 2422 est
1462 2367 1514 2422 in
1545 2367 1867 2433 vobis,-cor-

296 2475 394 2528 pus
428 2458 643 2528 quidem
670 2468 942 2513 mortuum
965 2468 1048 2513 est
1073 2467 1295 2527 propter
1323 2467 1608 2526 peceatum
1640 2473 1656 2524 ;
1699 2458 1866 2528 spii-i-

268 2601 273 2606 ,
295 2562 383 2606 tus
402 2558 583 2605 autem
603 2549 736 2605 vivit
762 2561 982 2620 propter
999 2549 1468 2619 justificationem.
1502 2547 1653 2615 Quod
1669 2548 1715 2603 si
1744 2547 1868 2619 Spi-

230 2634 235 2638 ’
294 2643 431 2697 ritus
451 2639 570 2711 ejus
594 2640 684 2710 qui
719 2639 1007 2695 suscitavit
1038 2638 1222 2695 lesum
1255 2655 1283 2691 a
1309 2640 1537 2693 mortuis
1571 2638 1777 2693 habitat
1811 2639 1864 2692 in

293 2732 467 2797 vohis,
503 2732 594 2801 qui
656 2729 937 2785 suscitavit
985 2729 1172 2785 Jesnut
1225 2730 1504 2785 Christum
1547 2746 1578 2784 a
1638 2731 1865 2785 mortuis

290 2823 585 2877 vivificabit
616 2832 673 2876 et
707 2821 952 2876 mortalia
981 2836 1207 2892 corpora
1239 2831 1417 2876 vestra
1459 2830 1678 2891 propter
1707 2820 1862 2875 inha-

290 2913 550 2974 bitantem
575 2913 834 2983 Spiritum
864 2912 917 2966 in
941 2913 1113 2968 vobis.

355 3006 384 3058 1
411 3004 532 3059 Cor.
561 3019 649 3069 ιιι,
680 3003 766 3058 16.
793 3005 876 3058 Αιι
896 3002 1115 3057 nescitis
1137 3001 1280 3072 quod
1313 3001 1564 3074 templum
1597 3003 1688 3057 Dei
1707 3003 1861 3070 estiS,

288 3109 344 3153 et
371 3096 606 3167 Spiritus
627 3095 721 3150 Dei
748 3093 956 3149 habitat
988 3094 1039 3148 in
1068 3092 1252 3150 vobis?

1972 1916 2030 1969 δέ
2059 1917 2140 1980 είς
2178 1914 2280 1987 τὴν
2316 1914 2553 1978 Μυσίαν,
2583 1910 2869 1986 ἐπείραζον
2897 1911 2979 1973 είς
3013 1907 3114 1981 τὴν
3150 1906 3406 1963 Βιθυνίαν
3448 1926 3553 1962 m·

1976 2007 2254 2078 ρευθῆναι,
2303 2005 2399 2060 καὶ
2424 2005 2524 2058 οὐκ
2550 2002 2732 2057 εἴασεν
2756 2001 2952 2064 αὐτοὺς
2980 1998 3043 2053 τὸ
3083 1999 3308 2069 Πνεῦμα
3348 1996 3550 2069 Ἰησοῦ.

2055 2102 2116 2153 '0
2152 2097 2407 2164 Παῦλος.
2449 2097 2638 2167 Ὑμεῖς
2667 2096 2746 2161 δέ,
2780 2094 2885 2149 ούκ
2930 2092 3053 2146 ἐστέ
3098 2093 3156 2145 ἐν
3204 2090 3385 2162 σαρκὶ,
3425 2090 3549 2144 ἀλλ’

1971 2192 2029 2244 ἐν
2066 2190 2365 2260 Πνεύματι,
2397 2189 2554 2259 είπερ
2582 2185 2805 2258 Πνεῦμα
2849 2184 2982 2239 Θεοῦ
3025 2184 3166 2237 οἰκεῖ
3194 2184 3249 2236 ἐν
3267 2181 3426 2252 ύμῖν.
3472 2181 3545 2235 Et

1969 2283 2025 2337 δέ
2054 2300 2137 2346 τις
2182 2280 2408 2352 Πνεῦμα
2446 2276 2682 2350 Χριστοῦ
2731 2278 2831 2331 οὐκ
2882 2275 3015 2347 ἔχει,
3056 2269 3208 2337 οὗτος
3251 2270 3350 2325 ούκ
3394 2271 3547 2325 ἐστιν

1970 2374 2154 2429 αὑτοῦ.
2191 2372 2257 2428 Et
2293 2373 2349 2427 δὲ
2385 2370 2616 2441 Χριστὸς
2654 2369 2711 2421 ἐν
2744 2369 2893 2439 ὑμῖν,
2924 2367 2984 2421 τὸ
3019 2366 3118 2437 μὲν
3147 2364 3310 2436 σῶμα
3353 2363 3552 2436 νεκρὸν

1968 2463 2035 2517 δι’
2064 2462 2357 2533 ἁμαρτίαν,
2388 2461 2449 2514 τὸ
2480 2460 2538 2514 δέ
2580 2457 2795 2530 πνεῦμα
2822 2457 2936 2529 ζωὴ
2968 2454 3055 2510 διὰ
3081 2452 3453 2527 δικαιοσύνην.
3487 2453 3551 2508 E!

1962 2556 2025 2609 δὲ
2054 2555 2115 2607 τὸ
2144 2552 2369 2625 Πνεῦμα
2394 2552 2488 2606 τοῦ
2528 2552 2841 2624 ἐγείραντος
2880 2549 2972 2603 τὸν
3020 2546 3257 2620 Χριστὸν
3308 2547 3452 2600 obest
3488 2547 3547 2598 ἐν

1969 2648 2117 2718 ὑμῖν,
2144 2649 2172 2700 ὀ
2193 2646 2405 2717 ἐγείρας
2443 2649 2536 2697 τὸν
2572 2645 2805 2715 Χριστὸν
2834 2644 2899 2696 ἐκ
2934 2639 3163 2709 νεκρῶν,
3218 2638 3531 2709 ζωοποιήσει

1967 2741 2061 2794 καὶ
2083 2740 2151 2793 τά
2169 2740 2337 2811 θνητὰ
2367 2738 2596 2809 σώματα
2621 2739 2650 2790 ὐ
2658 2737 2776 2811 μῶν
2797 2737 2883 2791 διά
2905 2733 3000 2789 τοῦ
3021 2732 3365 2797 ἐνοικοῦντος
3378 2726 3529 2786 αὑτοῦ

1964 2831 2283 2903 Πνεύματος
2309 2832 2365 2883 ἐν
2397 2831 2545 2900 ὑμῖν.

2034 3007 2148 3060 Οὐκ
2172 3005 2347 3060 οἴδατε
2375 3007 2455 3059 ὄτι
2482 3005 2607 3070 ναὸς
2632 3004 2767 3058 Θεοῦ
2795 3005 2937 3071 ἐστε,
2970 3003 3148 3058 καὶτὸ
3176 3002 3405 3076 Πνεῦμα
3440 3000 3537 3057 τοῦ

1964 3093 2101 3147 Θεοῦ
2129 3094 2269 3148 οἰκεῖ
2294 3095 2353 3147 ἐν
2382 3094 2545 3164 ύμίν;

358 3187 386 3242 1
420 3187 544 3242 Cor.
570 3202 642 3255 vt,
674 3186 871 3251 ¹930.
901 3185 982 3239 An
1011 3184 1233 3239 nescitis
1262 3185 1406 3254 quod
1429 3197 1657 3254 corpora
1684 3194 1860 3238 vestra
1877 3188 1930 3246 c
2032 3187 2147 3241 Οὐκ
2172 3187 2351 3241 οἴδατε
2388 3186 2471 3245 ὅτι
2496 3188 2563 3240 τὰ
2589 3185 2816 3257 σώματα
2859 3185 3012 3258 ὑμῶν
3034 3185 3162 3250 ναὸς
3188 3184 3285 3240 τοῦ
3315 3187 3376 3240 ἐν
3414 3186 3549 3259 ὑμῖν

288 3278 544 3350 templum
584 3285 711 3333 sunt
738 3276 972 3346 Spiritus
993 3275 1171 3330 sanczi
1191 3275 1356 3344 quiin
1391 3275 1544 3329 vobis
1564 3285 1670 3341 est,
1697 3291 1856 3344 quem

285 3371 545 3426 habetisa
570 3368 700 3435 Deo.
730 3377 908 3423 etnon
942 3367 1076 3423 estis
1111 3365 1516 3437 vestriYEntpti
1546 3366 1690 3421 enim
1726 3367 1858 3422 estis

258 3463 460 3531 ‚pretio
491 3473 709 3527 magno.

353 3552 469 3607 Act.
495 3567 545 3616 ν,
573 3552 626 3619 ὅ,
658 3552 712 3605 4.
770 3549 1000 3616 Anania,
1051 3566 1149 3606 cur
1209 3549 1450 3618 implevit
1490 3548 1723 3605 Satanas
1759 3564 1858 3605 eor

283 3654 434 3699 tuum
485 3641 696 3697 mentiri
767 3652 818 3695 te
865 3641 1090 3711 Spiritui
1142 3650 1349 3706 sancto,
1392 3649 1448 3696 et
1482 3639 1738 3696 fraudare
1788 3641 1856 3696 de

284 3734 456 3804 pretio
502 3733 656 3805 agi-i?
682 3730 800 3787 Non
829 3747 889 3788 es
918 3732 1178 3788 mentitus
1215 3731 1553 3799 hominihus,
1596 3731 1693 3788 sed
1721 3731 1853 3790 Deo.

281 3914 284 3918 ’
347 3914 538 3970 ΜαιιΙι.
573 3930 673 3976 ιιι,
706 3913 793 3968 28.
821 3912 877 3969 Si
907 3929 1006 3984 ego
1032 3915 1084 3968 in
1118 3912 1322 3985 Spiritu
1353 3915 1513 3984 ejicio
1565 3916 1848 3982 daemonia,

261 4007 386 4077 jam
420 4009 661 4077 pervenit
690 4008 756 4060 ad
782 4021 876 4061 vos
902 4021 1125 4077 regnum
1150 4006 1266 4061 Dei.

351 4181 479 4239 Gen.
520 4197 592 4248 vt,
625 4183 678 4236 5.
712 4181 830 4236 Non
856 4191 1073 4237 maneat
1098 4180 1332 4252 Spiritus
1352 4198 1505 4239 meus
1559 4183 1616 4239 in
1669 4182 1848 4239 homi-

279 4274 438 4328 nibus
465 4274 568 4335 his,
597 4273 720 4341 quia
751 4272 934 4328 carnei
964 4283 1111 4329 sunt.

334 4362 488 4420 Itonia.
544 4379 572 4417 ν
599 4404 614 4428 ,
653 4362 708 4419 5.
783 4364 924 4432 Quin
987 4365 1223 4422 charitas
1275 4366 1368 4421 Dei
1418 4365 1610 4423 diffusa
1661 4377 1747 4424 est
1793 4368 1846 4424 in

273 4457 524 4513 eordibus
553 4457 745 4512 vestris
775 4472 872 4528 per
933 4455 1197 4530 Spiritum
1252 4468 1499 4516 sanctum
1545 4460 1638 4531 qui
1687 4462 1846 4518 datus

271 4557 353 4602 est
378 4548 552 4604 vobis.

331 4638 560 4696 Fecistis
589 4641 952 4698 consiliumet
991 4656 1096 4698 non
1123 4657 1221 4714 per
1264 4657 1373 4711 me,
1410 4652 1465 4701 et
1493 4654 1672 4715 pacta,
1733 4659 1840 4700 non

271 4748 364 4803 pet·
390 4732 650 4802 Spiritum
674 4746 872 4787 meum.

338 4826 467 4893 ⁴499·
493 4837 552 4888 ιι,
581 4823 637 4888 5,
663 4822 716 4877 6.
750 4823 957 4878 Idcirco
980 4838 1081 4894 ego
1107 4825 1377 4881 vobiscum
1414 4840 1556 4893 sum,
1580 4824 1710 4882 dicit
1738 4828 1839 4883 Do-

267 4915 442 4970 minus
456 4915 819 4983 omnipotens,
842 4924 897 4968 et
931 4913 1168 4986 Spiritus
1199 4930 1351 4973 meus
1387 4917 1540 4973 stetit
1569 4917 1624 4973 in
1657 4918 1831 4974 medio

267 5007 454 5063 vestri.

331 5096 495 5152 Joan.
537 5096 685 5164 1,15.
714 5094 830 5150 Nun
864 5111 930 5152 ex
969 5098 1340 5170 sanguinibus,
1401 5110 1496 5156 aut
1542 5113 1608 5154 ex
1642 5100 1828 5157 volun-

267 5199 376 5245 tate
398 5191 600 5258 earnis,
628 5204 802 5261 neque
826 5205 890 5246 ex
914 5190 1189 5248 voluntate
1216 5194 1337 5261 viri,
1372 5194 1465 5249 sed
1496 5208 1560 5250 cx
1589 5193 1695 5250 Deo
1717 5195 1825 5248 nati

260 5289 409 5337 sunt.

1963 3277 2120 3347 ἁγίου
2155 3275 2483 3349 «Πνεύματος
2505 3277 2670 3342 ἐστιν,
2703 3273 2763 3332 οῦ
2806 3278 2957 3349 ἔχετε
2983 3279 3090 3333 ἀπὸ
3128 3277 3288 3342 Θεοῦ,
3322 3281 3422 3334 καὶ
3446 3281 3551 3336 οὐκ

1960 3369 2084 3424 ἐστὲ
2125 3369 2370 3435 ἐαυτῶν;
2419 3368 2794 3441 Ἠγοράσθητε
2819 3372 2927 3441 γὰρ
2962 3372 3144 3443 τιμῆς.
3360 3360 3369 3371 ’

2042 3548 2144 3604 ἐν
2173 3547 2301 3615 ταῖς
2332 3548 2614 3616 apage-m.
2660 3547 2897 3616 Ἀνανία,
2930 3550 3020 3604 διὰ
3055 3550 3109 3603 τε
3145 3535 3468 3624 eampum-'w
3503 3555 3538 3608 ο

1957 3640 2198 3705 Σατανᾶς
2230 3641 2328 3713 τὴν
2364 3641 2590 3711 καρδίαν
2627 3658 2720 3694 σου
2757 3641 3062 3711 ψεύσασθαί
3099 3660 3158 3696 σε
3204 3644 3264 3696 τὸ
3300 3643 3525 3714 Πνεῦμα

1955 3729 2017 3784 τὸ
2054 3730 2209 3800 ἅγιον
2228 3731 2321 3783 καὶ
2352 3729 2707 3799 νοσφίσασθαι
2728 3730 2837 3784 ἀπὸ
2862 3731 2958 3801 τῆς
2990 3731 3159 3802 τιμῆς
3194 3732 3288 3786 τοῦ
3319 3733 3524 3805 ἀγροῦς

1956 3821 2071 3875 Οὐκ
2108 3820 2323 3891 ἐψεύσω
2351 3819 2680 3892 ἀνθρώποις,
2710 3821 2846 3874 ἀλλὰ
2871 3822 2948 3892 τῷ
2978 3822 3116 3894 Θεῷ.

2038 3912 2135 3966 Ἐν
2162 3910 2242 3978 τῷ
2278 3912 2643 3982 Εὑαγγελίῳ.
2677 3912 2740 3965 Ei
2772 3912 2829 3965 δὲ
2871 3912 2983 3982 ἐγὼ
3024 3916 3083 3967 ἐν
3130 3914 3409 3988 Πνεύματι
3437 3917 3527 3971 ἐκ·

1954 4002 2135 4057 offla>
2165 4002 2235 4057 τὰ
2252 4003 2526 4074 δαιμόνια,
2556 4004 2666 4074 ἄρα
2687 4003 2919 4073 ἔφθασεν
2942 4006 3026 4076 ἐφ’
3052 4007 3195 4076 ὑμᾶς
3220 4009 3252 4078 ἠ
3284 4008 3530 4080 βασιλεία

1951 4091 2045 4146 τοῦ
2079 4091 2238 4148 Θεοῦ.

2033 4186 2130 4237 Ἐν
2149 4183 2418 4239 Psi-sose..
2454 4185 2529 4239 Ού
2564 4186 2640 4257 μὴ
2677 4185 2833 4258 μείνῃ
2864 4188 2925 4241 τὸ
2949 4187 3173 4260 Πνεῦμά
3195 4207 3298 4262 μου
3327 4192 3387 4246 ἐν
3411 4195 3530 4259 τοῖς

1947 4274 2261 4349 ἀνθρώποις
2292 4277 2503 4341 τούτοις
2537 4277 2625 4332 διὰ
2665 4279 2726 4333 τὸ
2767 4275 2911 4334 εἷναι
2949 4282 3148 4347 αὐτοὺς
3182 4283 3419 4354 σάρκας.

2032 4368 2095 4422 ‘O
2131 4368 2391 4434 Παῦλος.
2450 4369 2571 4423 Ὅτι
2620 4371 2652 4442 ἡ
2692 4372 2879 4442 ἀγάπη
2918 4372 3013 4426 τοῦ
3058 4373 3193 4428 Θεοῦ
3230 4376 3525 4448 ἐκκέχυται

1948 4462 2007 4516 ἐν
2035 4463 2156 4525 ταῖς
2189 4462 2442 4534 καρδίαις
2471 4463 2622 4534 ὑμῶν
2654 4463 2744 4518 διὰ
2778 4465 3095 4537 Πνεύματος
3120 4466 3278 4536 ἁγίου
3314 4469 3411 4523 τοῦ
3437 4470 3526 4525 δο-

1873 4541 1918 4598 D
1947 4552 2131 4616 θέντος
2164 4554 2311 4624 ὑμῖν.

2028 4645 2353 4716 Ἐποιήσατε
2382 4644 2579 4718 βουλὴν
2604 4647 2698 4702 καὶ
2734 4648 2795 4702 ού
2821 4649 2889 4703 δι’
2911 4648 3071 4720 ἐμοῦ,
3098 4650 3194 4703 καὶΙ
3219 4651 3518 4724 συνθήκας,

1942 4734 2004 4789 ού
2035 4735 2127 4789 διὰ
2156 4734 2251 4789 τοῦ
2294 4737 2609 4808 Πνεύματος
2649 4756 2775 4809 μου.

2028 4827 2130 4882 Ἐν
2161 4827 2242 4893 τῷ
2283 4829 2549 4899 'Am-atq>-
2576 4831 2722 4884 Διότι
2752 4831 2863 4900 ἐγὼ
2893 4832 3012 4904 μεθ’
3040 4832 3184 4905 ὑμᾶς
3210 4834 3349 4904 είμι,
3369 4833 3517 4904 λέγει

1938 4918 2143 4991 Κύριος
2170 4921 2585 4994 παντοκράτωρ,
2613 4926 2707 4978 καὶ
2740 4924 2800 4978 τὸ
2829 4925 3051 4997 Πνεῦμά
3082 4942 3184 4998 μου
3214 4927 3517 4998 ἐφέστηκεν

1938 5008 1997 5063 ἐν
2032 5011 2183 5083 μέσῳ
2216 5012 2390 5082 ὑμῶν.
3270 5070 3276 5077 .

2020 5104 2123 5156 Ἐν
2158 5101 2239 5168 τῷ
2266 5105 2629 5174 anm-saio).
2663 5107 2723 5160 Et
2769 5108 2869 5160 οὐκ
2897 5107 2957 5171 ἐξ
2985 5107 3258 5177 αἱμάτων,
3288 5107 3411 5162 ούδέ
3449 5108 3516 5162 ἐκ

1937 5192 2237 5262 θελήματος
2280 5194 2499 5266 σαρκὸς,
2538 5195 2657 5250 οὐδὲ
2695 5199 2757 5249 ἐκ
2800 5195 3100 5268 θελήματος
3128 5196 3349 5272 ἀνδρὸς,
3395 5196 3512 5254 ἀλλ’

1942 5287 2005 5338 ἐκ
2041 5284 2176 5338 Θεοῦ
2208 5285 2592 5358 ἐγεννήθησαν.
