3809 6125
1134 148 1196 161 *-

265 233 403 293 1099

1252 226 1312 282 S.
1351 224 1624 281 emtum
1659 224 2130 281 AbuxANan
2167 220 2483 281 AttctttEt’.

3415 210 3517 268 tii!

333 350 396 405 Β.
427 345 649 417 Utique.
676 343 880 400 Verum
924 341 1070 400 enim
1100 353 1188 399 est
1225 341 1372 413 quod
1403 340 1516 398 Deo
1544 347 1794 397 cantatur
1820 358 1834 395 ε
1863 347 1915 405 Α
2011 342 2073 396 Β.
2108 340 2254 395 Πάνυ
2284 339 2384 410 μὲν
2406 330 2520 391 οὗν.
2563 330 2784 404 Ἀληθές
2812 326 2922 400 γάρ
2951 341 3066 380 που
3094 318 3172 375 τδ
3204 318 3522 392 ouva-ipsu.

267 460 286 493 ι
319 436 585 506 Quoniam
610 433 794 491 omnia
818 433 1062 489 serviunt
1091 431 1189 489 tibi
1211 430 1279 486 ⁴⁶.
1312 446 1334 483 ι

329 530 398 584 A.
427 526 581 595 Quod
610 525 775 595 igitur
799 524 1064 580 servitute
1093 537 1312 581 servum
1338 533 1558 588 exuere,
1596 529 1648 575 et
1676 518 1836 575 libcr-

259 620 392 678 tatis
421 617 595 689 gloria
617 616 894 673 iilustrare
919 613 1085 687 645
1128 615 1292 672 etiam
1320 627 1389 669 ex
1425 611 1606 683 seipso
1637 615 1837 682 potest,

261 707 477 767 servilis
509 706 686 776 ipsum
731 704 977 763 conditio
1020 704 1173 775 prius
1215 704 1505 774 relinquet,
1538 710 1593 759 et
1630 709 1840 757 naturae

261 802 370 855 erit
416 811 684 870 supremas
730 811 796 862 ‚ac
833 796 1037 853 liberae.
1086 795 1181 851 Sic
1236 794 1380 852 enim
1417 802 1477 849 et
1519 805 1652 863 erga
1703 790 1839 847 alias

263 890 591 955 libertatem,
621 886 917 984 ⁸proprium
965 893 1019 942 et
1051 884 1275 943 insitum
1317 882 1680 941 essentialiter
1729 878 1839 937 sibi

263 984 489 1048 bouum,
515 979 814 1052 praestabit.

337 1163 398 1218 B.
424 1160 685 1233 Equidem
714 1158 810 1215 tibi
831 1165 979 1215 recte
1000 1155 1201 1213 dicenti
1234 1153 1394 1210 facile
1417 1153 1705 1211 assentior.

336 1258 406 1312 A.
433 1254 645 1311 Clamet
666 1250 830 1322 igitur
851 1249 1049 1306 beatus
1084 1246 1284 1305 Paulus
1315 1262 1329 1300 :
1360 1264 1379 1300 ι
1406 1244 1518 1301 Nos
1561 1258 1692 1301 vero
1718 1257 1840 1299 om-

266 1361 366 1404 nes
417 1344 658 1401 revelata
690 1341 827 1399 l'acie
855 1340 1083 1411 gloriam
1137 1337 1354 1394 Domini
1384 1335 1752 1408 speculantes,
1785 1334 1841 1390 in

265 1437 514 1497 eamdem
556 1433 848 1504 imaginem
888 1426 1347 1486 transformamur
1412 1442 1444 1482 a
1487 1426 1743 1509 claritate
1786 1423 1841 1479 in

266 1530 596 1593 claritatem,
650 1533 907 1594 tanquam
960 1537 992 1577 a
1036 1520 1253 1577 Domini
1290 1519 1525 1592 Spiritu.
1582 1516 1843 1573 Dominus

266 1631 446 1677 autem
494 1616 738 1687 Spiritus
784 1621 913 1681 est3
952 1613 1042 1669 ubi
1093 1619 1274 1668 autem
1317 1608 1558 1683 Spiritus
1604 1606 1840 1674 Domini,

267 1711 341 1767 ibi
370 1708 594 1765 libertas
609 1704 680 1761 ⁸⁸.
721 1721 745 1759 ι
776 1702 911 1761 ltem
944 1719 961 1758 ι
995 1719 1016 1754 ι
1055 1700 1176 1757 Non
1207 1700 1355 1758 enim
1381 1698 1674 1771 accepistis
1713 1694 1840 1765 spi·
1873 1682 1918 1740 Β
1946 1698 2009 1759 ὥ
2035 1704 2092 1758 δὲ
2131 1704 2194 1760 τὸ
2218 1702 2443 1776 Πνεῦμα,
2482 1703 2721 1776 Κυρίου,
2766 1701 3083 1774 ἐλευθερία.
3109 1721 3134 1756 s
3181 1703 3305 1758 Καὶ
3329 1702 3430 1776 μὴν
3450 1704 3521 1757 nl

267 1801 431 1856 ritum
469 1796 746 1854 servitutis
792 1796 988 1851 iterum
1043 1793 1098 1848 in
1138 1792 1369 1860 timore,
1416 1790 1514 1848 sed
1555 1789 1843 1860 accepistis

269 1890 533 1963 Spiritum
580 1886 892 1958 adoptionis
940 1884 1198 1949 liliorum,
1244 1882 1444 1954 inquit,
1479 1881 1536 1937 in
1577 1895 1685 1952 quo
1729 1880 1842 1936 cla-

269 1997 480 2040 mamus
530 1981 758 2047 :Abba,
803 1977 966 2035 Pater
995 1977 1064 2033 ⁸⁸.
1104 1993 1126 2030 ι
1177 1976 1250 2031 At
1300 1972 1574 2031 filiationis
1616 1969 1840 2043 gloriam

267 2076 456 2146 utique
472 2073 696 2129 libertas
715 2070 1087 2141 consequitur.
1103 2066 1366 2137 QuocIrea
1385 2064 1643 2121 Dominus
1658 2073 1843 2120 noster

265 2163 424 2221 Jesus
446 2161 695 2219 Christus
717 2168 934 2217 sanctos
960 2158 1235 2230 apostolos
1252 2157 1407 2214 donis
1426 2154 1846 2228 supernaturali·

265 2258 370 2315 bus
404 2269 604 2312 ornare
620 2267 742 2309 cum
773 2252 1077 2317 statuisset,
1101 2259 1231 2323 puta
1267 2249 1361 2321 qui
1383 2250 1556 2304 sancti
1585 2255 1643 2303 et
1685 2246 1840 2303 liberi

270 2348 505 2421 Spiritus
567 2361 674 2402 non
734 2344 905 2399 muito
942 2352 1061 2413 post
1102 2341 1270 2397 l'uturi
1323 2350 1481 2396 erant
1528 2339 1843 2411 participeS,

267 2442 476 2496 amicos
509 2437 623 2508 jam
668 2442 782 2490 tum
815 2445 871 2491 et
904 2434 1104 2491 liberos
1146 2434 1393 2489 vocabat.
1426 2450 1445 2483 t
1507 2429 1626 2487 lam
1676 2430 1843 2496 enim,

268 2531 573 2601 inquiebat,
622 2541 730 2584 non
774 2527 953 2583 dicam
1003 2541 1098 2582 vos·
1128 2539 1315 2581 servos
1349 2541 1363 2577 ι
1398 2537 1496 2579 vos
1549 2522 1706 2579 amici
1739 2523 1843 2577 mei

267 2624 404 2679 estis
423 2620 492 2674 δ’.
524 2637 546 2673 s
574 2618 709 2677 Cum
764 2634 897 2691 ergo
945 2619 1210 2675 Dominus
1248 2616 1484 2687 Spiritus
1516 2616 1608 2681 sit,
1639 2627 1694 2670 et
1725 2614 1845 2671 ubi-

266 2725 483 2783 cunque
547 2722 632 2766 est
676 2709 910 2781 Spiritus
950 2709 1186 2775 Domini,
1240 2709 1313 2763 ibi
1357 2707 1647 2778 quaerenda
1682 2706 1755 2763 sit
1780 2706 1845 2761 li-

268 2806 475 2870 bertas,
519 2801 587 2857 de
610 2807 804 2856 natura
828 2799 993 2872 igitur
1019 2800 1185 2855 libera
1217 2798 1506 2870 prodiisse,
1533 2811 1639 2854 non
1664 2806 1844 2853 autem

269 2896 412 2949 inter
441 2900 719 2949 creaturas
759 2890 1080 2958 collocatus,
1126 2898 1183 2946 et
1228 2889 1284 2945 in
1342 2904 1520 2945 rerum
1576 2888 1844 2944 saetarum

268 2998 498 3041 numero
543 2996 669 3039 esse
708 2982 1045 3049 censebitur,
1086 2982 1154 3049 is,
1189 2996 1286 3052 per
1324 2994 1485 3050 quem
1526 2988 1582 3034 et
1631 2979 1685 3034 in
1735 2992 1843 3050 quo

269 3078 497 3133 liberam
523 3075 759 3147 gloriam
774 3084 1025 3132 creatura
1052 3075 1427 3145 consequitur,
1453 3071 1732 3129 servitutis
1749 3073 1842 3128 de·

271 3168 468 3225 decore
493 3163 713 3237 repulso
734 3174 792 3222 et
817 3165 1106 3224 declinato.

342 3427 403 3483 B.
453 3427 560 3484 Sed
609 3428 814 3496 dicent,
863 3428 1074 3498 opinor,
1123 3425 1385 3497 Spiritum
1429 3428 1846 3485 ministratorius

269 3519 416 3574 vices
458 3518 766 3588 implentem
811 3518 1017 3574 sanctis
1068 3515 1263 3573 afferre
1313 3531 1377 3573 ca
1427 3532 1547 3587 quae
1597 3520 1695 3575 abs
1733 3519 1846 3575 Deo

270 3620 418 3670 sunt.

339 3702 408 3755 A.
456 3698 857 3755 Existimabunt
877 3698 1157 3767 nimirum,
1181 3708 1240 3755 ut
1269 3699 1504 3769 videtur,
1539 3699 1842 3756 libertatem

271 3794 417 3848 inter
439 3807 501 3847 ea
523 3805 643 3861 quae
679 3805 775 3861 per
804 3793 980 3861 ipsum
1005 3792 1407 3859 ministrantur,
1435 3809 1601 3848 unum
1638 3792 1843 3864 aliquid

269 3895 390 3937 esse
422 3896 704 3952 magnum,
729 3890 783 3935 et
807 3891 1062 3937 creatura
1087 3882 1282 3954 majus.
1335 3881 1566 3939 Servum
1591 3883 1736 3940 enim
1762 3893 1845 3940 est

269 3973 629 4046 quodcunque
657 3974 978 4043 productum
1005 3983 1110 4030 est.

337 4065 400 4120 Β.
441 4064 840 4123 Existituabuut
866 4063 1069 4121 forsan.

337 4159 405 4213 A.
443 4156 620 4226 {psum
650 4157 831 4227 itaque
862 4157 1004 4226 quod
1041 4156 1335 4225 ministrat,
1391 4171 1583 4215 natura
1615 4161 1841 4219 liberum

269 4263 378 4306 non
407 4258 511 4315 est,
549 4249 816 4318 siquidem
846 4246 981 4302 nibil
1006 4248 1108 4303 sibi
1154 4250 1450 4314 ministrat,
1489 4252 1584 4304 sed
1612 4254 1841 4321 gratiam

269 4343 449 4414 potius
465 4342 532 4396 ab
554 4339 661 4394 alio
677 4348 949 4408 acceptam
977 4339 1028 4392 in
1051 4339 1260 4408 aliquos
1291 4340 1558 4411 deportat.
1576 4341 1839 4400 Caeterum

1936 432 2075 505 πρὸς
2094 430 2250 497 Θεδν,
2274 431 2357 484 ὅτι
2379 429 2460 482 Τὰ
2494 425 2805 498 σύμπαντα,
2829 418 2998 475 δοῦλα
3031 416 3134 472 σά.

2004 524 2071 575 A.
2107 521 2201 587 Τὸ,
2240 518 2483 581 δουλείας
2517 512 2610 571 οὖν
2642 513 2754 586 ἄρα
2797 509 2860 564 τὸ
2908 506 3114 562 δοῦλον
3163 502 3527 574 ἀπογυμνοῦι,

1937 613 2035 668 καὶ
2082 614 2196 674 τοῖς
2240 610 2341 680 τῆς
2373 606 2685 679 ἐλευθερίας
2742 601 3037 673 αὐχήμασι
3096 592 3530 666 κατασεμνῦνιο

1939 701 2097 768 εἰδδς,
2138 699 2234 754 καὶ
2257 698 2317 767 ἐξ
2343 695 2539 754 ἑαυτοῦ
2580 694 2898 763 δυνάμενον,
2943 684 3398 758 &sinape-mou<
3429 686 3531 741 mid

1940 791 2410 864 προαποφοιτὴσει
2442 787 2666 859 μέτρου,
2690 783 2784 838 καὶ
2824 780 3053 853 φύσεως
3086 776 3273 832 ἔσται
3297 775 3403 849 τῆς
3425 776 3534 832 tim·

1938 884 2090 940 τάτω
2116 882 2212 937 καὶ
2238 879 2547 953 ἐλευθέρας.
2571 875 2860 951 [Ἐνεργδν
2886 872 3005 945 γὰρ
3031 870 3199 926 οὕτω
3232 868 3339 925 καὶ
3355 865 3532 934 eteu-

1943 992 2046 1050 ρας
2071 973 2268 1045 γένοιτ’
2301 970 2372 1028 ἂν
2395 969 2526 1027 ίδίου
2556 985 2617 1022 τε
2650 968 2745 1022 καὶ
2768 962 3262 1038 προσπεφυκότος
3288 957 3536 1025 oben&

1943 1064 2175 1138 ἀγαθοῦ,
2213 1064 2315 1137 τῆς
2346 1058 2711 1134 ἐλευθερίας.]

2014 1159 2076 1213 Β.
2113 1156 2497 1225 Συναινέσαιμ’
2518 1153 2585 1207 ἂν
2615 1150 2792 1223 ὀρθῶς
2824 1148 3054 1219 λέγοντί
3085 1164 3209 1203 σοι.
3595 1201 3598 1225 Ι

2014 1252 2081 1305 Α.
2131 1245 2583 1318 Ἀνακεκραγέτω
2628 1242 2813 1297 τοίνυν
2858 1242 2890 1295 δ
2951 1241 3260 1312 μακάριος
3318 1237 3524 1303 nauh:-
3593 1252 3599 1300 ε

1948 1357 1967 1393 ι
2002 1339 2197 1411 Ἡμεῖς
2226 1337 2285 1391 δὲ
2328 1337 2533 1399 πάντες
2561 1332 3087 1405 ἀνακεκαλυμμένῳ
3132 1328 3425 1403 προσώπῳ
3447 1330 3526 1404 τῇ
3595 1321 3598 1358 ³

1940 1432 2099 1499 δόξαν
2138 1430 2348 1504 Κυρίου
2400 1426 2926 1499 κατοπτριζόμενοι,
2978 1422 3087 1496 τὴν
3139 1424 3332 1496 αὐτὴν
3378 1423 3524 1481 etat-⁸

1946 1518 2450 1594 μεταμορφούμεθα
2479 1518 2587 1573 ἀπὸ
2620 1517 2781 1590 δόξης
2812 1517 2892 1582 είς
2926 1516 3134 1583 δόξαν,
3164 1513 3523 1589 καθάπερᾰὸ

1942 1610 2152 1686 Κυρίου
2177 1612 2513 1683 Πνεύματος.
2544 1612 2603 1666 Ὀ
2632 1611 2690 1666 δέ
2720 1608 2953 1682 Κύριος,
2988 1609 3055 1664 τὸ
3102 1610 3354 1681 neten&
3376 1612 3517 1665 ἐστιν·

1950 1798 2154 1870 ἑτέρως
2174 1814 2187 1828 ·
2220 1815 2238 1849 t
2260 1797 2336 1851 Οὐ
2363 1796 2471 1869 γὰρ
2496 1796 2717 1850 ἐλὰὃετε
2748 1794 2977 1867 πνεῦμα
3009 1794 3283 1862 δουλείας
3301 1796 3516 1863 παλαιὴ

1948 1888 2136 1957 φόὸον,
2165 1886 2281 1941 ἀλλ’
2319 1886 2539 1943 ἐλάθετε
2587 1885 2814 1956 Πνεῦμα
2847 1885 3170 1956 υἱοθεσίας,
3202 1889 3395 1960 φησὶν,
3417 1879 3514 1958 ἐνῦ

1949 1978 2250 2050 κράζομεν,
2283 1978 2473 2045 Ἀ66ἄ,
2503 1978 2531 2032 ὁ
2582 1979 2797 2050 Πατήρ.
2835 1995 2855 2031 s
2900 1978 2991 2049 Τῇ
3045 1978 3107 2032 δὲ
3163 1980 3275 2053 τῆς
3318 1982 3505 2053 uum

1948 2071 2077 2144 δόξῃ
2130 2072 2724 2144 συμπαρομαρτήσειεν
2775 2070 2843 2125 ἂν
2893 2071 3135 2136 πάντως
3185 2090 3300 2127 που
3351 2074 3441 2129 καὶ
3469 2071 3506 2126 ί

1947 2163 2253 2236 ἐλεύθερον.
2286 2164 2393 2219 Καὶ
2420 2163 2553 2236 γοῦν
2578 2165 2607 2218 ὁ
2640 2161 2846 2234 Κύριος
2873 2163 3049 2234 ἡμῶν
3085 2164 3307 2236 Ἰησοῦς
3347 2167 3377 2220 ό
3413 2166 3514 2237 Χρ-
3595 2187 3598 2193 ·

1950 2258 2072 2319 στὸς
2095 2257 2223 2321 τοὺς
2248 2257 2447 2326 ἁγίουςΙ
2468 2255 2803 2319 ἀποστόλους
2825 2254 3029 2327 ἐπειδὴ
3067 2260 3191 2323 τοῖς
3216 2258 3359 2329 ὑπὲρ
3387 2257 3517 2329 φύσιν

1947 2347 2254 2420 ἀξιώμασιν
2284 2348 2428 2417 ἔγνω
2466 2350 2662 2421 τιμᾷν,
2693 2349 2788 2404 ὅτε
2813 2348 2880 2422 δὴ
2905 2351 3013 2405 καὶ
3047 2353 3316 2425 μετόχους
3336 2355 3430 2407 οὐκ
3454 2353 3517 2417 τίς

1951 2438 2169 2513 μακρὰν
2193 2440 2485 2511 ἐσομένους
2508 2439 2603 2494 τοῦ
2644 2441 2798 2510 ἁγίου
2837 2458 2898 2495 τε
2923 2443 3030 2497 καὶ
3053 2443 3337 2517 ἐλευθέρου
3360 2445 3517 2500 ssve-3·

1953 2547 2146 2603 ματος,
2182 2532 2369 2602 φίλους
2412 2551 2469 2587 τε
2506 2533 2607 2604 ἤδη
2636 2534 2730 2587 καὶ
2767 2533 3100 2608 ἐλευθέρους
3132 2536 3327 2591 ἐκάλει.
3359 2556 3381 2588 c
3405 2538 3515 2591 05ae

1947 2616 2184 2688 ἐτιγὰρ,
2215 2619 2454 2688 ἔφασκε,
2499 2621 2644 2689 λέγω
2696 2623 2843 2693 ὑμᾶς
2890 2623 3137 2689 δούλους·
3185 2625 3339 2695 ὑμεῖς
3369 2625 3508 2695 φίλοι

1949 2707 2052 2780 μού
2084 2708 2228 2762 ἐστε.
2266 2730 2284 2761 v
2324 2711 2456 2765 ’Ὅτε
2488 2713 2666 2767 τοίνυν
2705 2717 2733 2768 ό
2773 2718 2994 2789 Κύριος
3034 2718 3093 2774 τὸ
3119 2718 3347 2791 Πνεῦμὰ
3378 2721 3513 2787 ἐστι,
3595 2783 3598 2794 Ι

1947 2799 2042 2855 καὶ
2070 2797 2305 2873 ἔνθαπερ
2340 2801 2407 2856 ἂν
2435 2798 2469 2876 ᾖ
2500 2804 2561 2857 τὸ
2598 2804 2823 2877 Πνεῦμα
2859 2810 3102 2881 Κυρίου,
3128 2810 3387 2885 ζητητέον
3414 2814 3517 2868 ἐκεί

1945 2892 2045 2965 τὴν
2070 2893 2401 2967 ἐλευθερίαν,
2435 2897 2651 2967 φύσεως
2681 2900 2788 2972 ἄρα
2817 2904 2921 2974 τῆς
2970 2906 3271 2980 ἐλευθέρας
3306 2911 3512 2983 ἐκπεφυ-

1871 3022 1917 3085 c
1949 2984 2065 3051 κὸς,
2100 2984 2197 3039 καὶ
2219 2985 2342 3057 οὐχὶ
2360 2990 2428 3059 τῇ
2448 2989 2622 3043 κτίσει
2645 2997 3099 3068 συντεταγμένον
3120 3001 3220 3055 καὶ
3247 3005 3353 3067 τοῖς
3373 3019 3507 3073 γεη-

1947 3078 2060 3142 τοῖς
2099 3079 2420 3151 ἐναρίθμιον
2449 3085 2606 3137 νοοῖτ’
2639 3084 2704 3139 ἂν
2728 3087 3014 3161 ὑπάρχειν
3054 3092 3142 3160 τὸ,
3174 3094 3249 3149 δι’
3275 3089 3329 3152 οὗ
3347 3095 3426 3150 καὶ
3451 3092 3508 3149 ἐν

1945 3160 1990 3236 ᾧ
2017 3167 2118 3240 τὴν
2150 3168 2441 3279 ἐλευθέραν
2473 3173 2507 3244 ἡ
2540 3174 2715 3238 κτίσις
2746 3177 3156 3251 ἀποκερδαίνει
3184 3183 3424 3253 ostam*
3445 3182 3502 3239 h
3521 3178 3552 3223 ’Ἲ-

2018 3442 2079 3497 Β.
2126 3443 2289 3511 Ἀλλ’,
2321 3442 2476 3516 οἶμαί
2509 3465 2634 3516 που,
2668 3453 2827 3520 φαῖεν
2859 3455 2927 3507 ἂν
2959 3456 3057 3512 ὅτι
3097 3461 3410 3541 aramum
3431 3462 3505 3518 h·

1946 3535 2170 3603 ουργίαν
2204 3536 2498 3592 ἀποτελοῦν
2523 3539 2827 3614 διακομίζει
2863 3546 2925 3600 τὸ
2960 3549 3217 3625 Πνεῦμα
3249 3554 3506 3626 τοίςᾰγῆ

1948 3624 2017 3678 τὰ
2045 3627 2199 3698 παρὰ
2227 3627 2381 3682 Θεοῦ.
3469 3618 3480 3627 ’

2019 3718 2083 3772 A.
2131 3719 2454 3788 Λογιοῦνται
2499 3723 2562 3795 δὴ
2595 3721 2708 3791 οὖν,
2740 3728 2884 3783 κατὰ
2913 3745 2984 3800 γε
3030 3735 3100 3789 τὸ
3144 3741 3330 3807 εἰκὸς,
3356 3733 3498 3794 stin&
3595 3766 3598 3771 ·

1947 3812 2114 3867 αὐτοῦ
2142 3814 2575 3889 διακονουμένων
2606 3820 2664 3873 ἓν
2705 3812 2847 3876 εἷναί
2884 3842 2940 3877 τι
2970 3829 3088 3901 τὴν
3130 3824 3478 3908 theospita!
3591 3872 3598 3899 2

1950 3902 2092 3973 μέγα
2145 3905 2239 3958 καὶ
2286 3906 2426 3977 ὺπέρ
2471 3909 2650 3963 κτίσιν
2696 3911 2948 3983 ἀξίωμα·
2984 3917 3196 3976 δοῦλον
3253 3920 3486 3998 γὰρ,ίὶ
3595 3945 3598 3951 ·

1948 3996 2225 4067 παρῆκται
2262 3996 2400 4070 πρὸς
2433 3999 2667 4067 γένεσιν.

2021 4089 2082 4143 Β.
2120 4091 2441 4158 Λογιοῦνται
2469 4094 2650 4164 τυχόν.

2016 4177 2080 4231 Α.
2122 4179 2263 4232 Αὐτὸ
2310 4183 2602 4253 τοιγαροῦν
2659 4187 2719 4238 τὸ
2766 4187 3065 4246 διακονοῦν
3101 4197 3211 4252 οὐκ
3260 4199 3500 4272 ἐλεύθερ

1950 4270 2215 4339 φυσικῶς,
2249 4273 2407 4345 εἴπερ
2435 4278 2614 4348 ἐαυτῷ
2645 4279 2881 4334 διακονεῖ
2927 4284 3036 4354 μὲν
3076 4291 3261 4359 οὐδὲν,
3319 4294 3504 4363 διαπρ·

1874 4403 1919 4459 υ
1950 4360 2139 4432 θμεύει
2166 4363 2223 4416 δὲ
2254 4365 2452 4434 μᾶλλον
2481 4368 2563 4432 εἷς
2601 4386 2751 4434 τινας
2785 4373 2884 4443 τὴν
2917 4380 3057 4448 παρ’
3097 4383 3298 4455 ἑτέρου
3321 4384 3501 4454 ³0⁰1!-

270 4440 324 4494 id
360 4433 504 4508 quod
576 4431 848 4488 ministrat
876 4440 931 4486 et
965 4430 1199 4486 medium
1228 4440 1334 4500 est,
1385 4446 1562 4490 nonne
1613 4435 1840 4507 idipsum
1951 4468 2037 4521 ριν
2060 4468 2073 4482 ·
2103 4451 2135 4523 ἢ
2178 4455 2278 4507 οὐκ
2310 4455 2523 4529 ἀνάγκη
2560 4458 2620 4511 τὸ
2672 4460 2957 4516 διακονοῦν
2986 4482 3050 4519 τε
3087 4471 3188 4524 καὶ
3220 4474 3401 4544 μέσον,
3425 4473 3500 4527 οὐκ

271 4527 598 4586 censendum
627 4539 736 4582 non
767 4533 852 4581 cst
876 4522 1021 4594 quod
1047 4524 1384 4582 ministratur
1409 4526 1433 4581 ί

341 4618 402 4676 Β.
436 4617 687 4675 Omnino.

338 4713 405 4764 A.
437 4709 716 4777 Quomodo
744 4724 875 4779 ergo
908 4711 1169 4766 Dominus
1199 4710 1436 4782 Spiritus
1467 4721 1570 4778 est,
1597 4713 1640 4768 si
1667 4712 1834 4769 libera

272 4801 439 4872 gloria
478 4801 722 4868 orbatus,
749 4801 896 4857 servi
937 4802 1123 4870 utique
1157 4811 1210 4856 et
1236 4802 1433 4859 subditi
1471 4805 1834 4860 conditionem

272 4909 376 4949 non
409 4892 637 4964 ellugit?
664 4893 750 4960 Et,
776 4892 821 4947 si
862 4889 1095 4960 quidem>
1122 4892 1356 4948 naturali
1399 4893 1569 4967 gloria
1619 4897 1835 4953 deitatis

271 4994 351 5040 est
382 4985 656 5056 praeditus,
684 5000 790 5041 non
811 4983 1082 5038 ministrat
1107 4985 1338 5056 amplius
1363 5003 1376 5042 ε
1406 4986 1629 5043 multum
1651 4988 1835 5056 abest;

269 5076 364 5131 scd
405 5075 560 5130 nobis
608 5074 773 5146 646
811 5075 946 5144 ipsis
967 5075 1113 5131 velut
1149 5078 1393 5132 innatum
1438 5079 1635 5136 bonum
1677 5081 1839 5136 liber-

272 5177 435 5224 tatem
491 5166 782 5222 distribuit.
827 5165 923 5223 Sin
979 5176 1161 5225 autem
1211 5169 1427 5224 deitatis
1463 5181 1653 5225 natura
1711 5187 1836 5226 vere

269 5260 492 5326 excidit,
539 5258 606 5316 ‚in
645 5272 924 5314 servorum
980 5261 1197 5330 quidem
1250 5270 1305 5316 et
1333 5259 1701 5319 ministrorum
1737 5280 1836 5319 nu·

272 5369 479 5408 merum
539 5352 885 5408 ascribetur:
915 5352 1059 5422 quod
1115 5362 1293 5409 autem
1341 5354 1572 5410 alienum
1609 5365 1690 5412 est
1731 5355 1835 5411 mi-

273 5444 542 5511 nistrabit,
578 5452 633 5500 et
667 5444 840 5515 dignis
866 5458 981 5500 rem
1011 5444 1271 5516 majorem
1291 5459 1455 5516 quam
1480 5447 1535 5502 in
1561 5463 1620 5504 se
1636 5449 1834 5517 capiat,

1948 4541 2079 4595 αὐτὸ
2105 4541 2166 4596 τὸ
2195 4545 2387 4616 χρῆμα
2421 4547 2659 4601 νοεῖσθαι
2687 4550 2748 4603 τὸ
2766 4551 3230 4628 διακονούμενον;

2015 4631 2075 4684 Β.
2125 4633 2383 4704 Ἀνάγκη.

2012 4722 2075 4776 Α.
2113 4723 2238 4788 Πῶς
2261 4720 2354 4779 οὖν
2376 4729 2404 4779 ὁ
2433 4727 2638 4798 Κύριος
2670 4731 2731 4784 τὸ
2768 4733 2998 4805 Πνεῦμά
3027 4739 3205 4809 ἐστιν,
3235 4747 3295 4799 εἴ
3313 4763 3393 4809 τις
3408 4742 3497 4817 [w-

1943 4815 1991 4866 εί
2018 4813 2139 4886 τῆς]
2174 4816 2464 4889 ἐλευθέρας
2514 4819 2671 4891 δόξης
2711 4824 3047 4893 τητώμενον,
3089 4832 3155 4886 τὸ
3209 4834 3499 4890 &offilo-em

1943 4906 2159 4970 πάντως
2190 4907 2283 4960 καὶ
2314 4909 2417 4962 ὑπὸ
2447 4907 2610 4979 ζυγὸν
2648 4913 2710 4965 οὐ
2738 4913 2920 4983 διέδρα
2951 4919 3196 4991 μέτρονς
3226 4927 3341 4979 Καὶ
3358 4928 3404 4980 εί
3423 4924 3501 4996 μὲν

1943 4997 2089 5051 ἐστιν
2118 5001 2173 5051 ὲν
2195 4999 2318 5070 δόξῃ
2343 5000 2593 5072 θεότητος
2626 5009 2851 5077 φυσικῇ,
2881 5008 3127 5066 διακονεῖ
3158 5016 3263 5085 μὲν
3294 5019 3392 5071 οὐκ
3418 5018 3498 5078 ἔτι,

1947 5091 2138 5144 πολλοῦ
2158 5109 2220 5161 γε
2245 5094 2338 5145 καὶ
2366 5093 2465 5155 δεῖ,
2497 5094 2739 5169 διανέμει
2769 5099 2824 5151 δὲ
2852 5101 3055 5170 μᾶλλον
3110 5109 3209 5161 καὶ
3258 5112 3341 5174 είς
3376 5108 3499 5179 ἠμῖς

1946 5180 2162 5247 αὐτοὺς,
2212 5182 2288 5245 ὡς
2317 5182 2555 5253 ἔμφυτον
2606 5188 2813 5256 ἀγαθὸν
2847 5190 2946 5260 τὴν
2996 5194 3341 5270 ἐλευθερίαν.
3368 5200 3428 5254 Et
3453 5197 3499 5250 ἃ
3595 5190 3598 5197 ’

1943 5271 2039 5324 τοῦ
2069 5273 2208 5326 κατὰ
2235 5274 2395 5343 φύσιν
2433 5272 2572 5331 εἷναι
2597 5278 2730 5344 Θεὸς
2770 5283 3114 5355 παρώλιοθεν
3150 5291 3389 5363 ἀληθῶς,
3422 5307 3497 5360 γε·

1944 5362 2215 5432 γράψεται
2249 5365 2346 5434 μὲν
2370 5368 2427 5418 ὲν
2462 5367 2733 5434 διακόνοις
2769 5373 2861 5426 καὶ
2898 5375 3199 5447 ὐπουργοῖς
3222 5399 3237 5413 ·
3273 5380 3495 5448 &tatwi-

1947 5468 2025 5504 σει
2052 5452 2108 5505 δὲ
2149 5454 2209 5507 τὸ
2265 5454 2567 5528 ἀλλότριον,
2595 5461 2689 5513 καὶ
2732 5463 3041 5534 διακομίσει
3080 5475 3198 5536 τοῖς
3246 5474 3412 5539 ἀξίοις
3446 5469 3493 5521 θ

339 5615 385 5647 ⁸⁸
407 5613 550 5671 Psal.
580 5630 765 5684 cxvttt,
791 5616 881 5675 91.
957 5616 1003 5648 ⁸⁸
1042 5617 1087 5672 tl
1123 5616 1251 5675 cor.
1289 5633 1370 5686 ut,
1413 5621 1502 5678 17.
1537 5621 1621 5677 18.
1698 5624 1746 5657 ⁸⁸
1783 5623 1941 5680 Rom.
1989 5643 2105 5692 vm,
2147 5627 2229 5682 15.
2308 5630 2350 5662 ⁸⁷
2387 5632 2543 5688 ioan.
2577 5651 2664 5701 xv,
2708 5638 2792 5702 14,
2831 5638 2916 5693 15.
3591 5628 3598 5823 ⁴
