3809 6125
347 304 454 363 ss?

1761 307 2205 369 Tussssunu&

3498 315 3605 373 538

337 415 605 489 φαίνηται
644 415 868 485 γεγονὸς
894 415 1021 489 παρ’
1040 417 1177 489 ὅπερ
1201 412 1267 489 ἦν
1293 419 1351 485 ἐξ
1389 421 1583 493 ἀρχῆς,
1617 424 1922 498 ὲξηλκύσθη
1955 436 1999 492 Λ
2030 428 2221 485 melius
2252 428 2305 484 id
2350 427 2563 485 efficere
2608 436 2803 499 petest,
2874 427 3026 483 aliud
3072 426 3346 499 quidpiam
3398 427 3602 483 laetum

331 508 539 578 τρόπον
568 505 694 559 τινὰ
747 503 840 559 τοῦ
888 506 1092 561 οἰκείου
1141 508 1329 575 τόπου,
1384 513 1478 565 καὶ
1527 512 1663 583 πρὸς
1695 514 1795 585 τὴν
1826 515 1923 568 τοῦ

333 598 679 670 βελτιοῦντος
733 595 1166 669 μετακεχωρηκε
1214 599 1383 657 θέσιν.
1417 601 1588 657 Τοῦτο
1625 606 1720 659 καὶ
1761 607 1923 677 ἡμεῖς

327 689 754 762 ὑπομείναντες,
777 690 858 752 είς
884 688 1112 759 υίότητα
1130 690 1230 763 τὴν
1249 692 1384 747 Θεοῦ
1403 695 1498 746 καὶ
1520 697 1739 767 Πατρὸς
1774 714 1876 767 μετ
1895 727 1922 739 -

327 784 574 854 ἔστημεν
623 782 690 835 ἐκ
746 779 1012 845 δουλείας,
1073 782 1137 835 τὸ
1183 783 1283 853 μὲν
1331 786 1530 840 οἰκεῖον
1559 787 1921 852 ἐκδεὸηκάτες

326 875 560 945 μέτρον,
587 874 668 937 είς
706 872 763 925 δὲ
807 872 869 925 τὸ
914 872 1009 926 τοῦ
1042 874 1405 947 χαριζομένου
1447 880 1540 931 καὶ
1581 878 1739 933 τοῦτο
1782 882 1918 952 ἡμῖν

324 963 846 1035 μεταπηδήσαντες,
881 965 930 1018 εί
964 964 1058 1018 καὶ
1094 963 1170 1037 μὴ
1201 968 1270 1038 τῇ
1327 967 1487 1038 φύσει
1511 970 1653 1025 κατὰ
1679 972 1811 1041 γοῦν
1854 971 1917 1025 τὸ

320 1053 632 1125 κεκλῆσθαι
664 1054 834 1110 τέκνα
858 1052 1016 1109 Θεοῦ.
1046 1048 1171 1125 'Ap'
1201 1052 1295 1110 οῦν
1348 1058 1450 1113 οὑκ
1475 1060 1784 1131 ὠφελῆσθαι
1815 1064 1916 1134 τὴν

321 1144 625 1218 ἀνθρώπου
657 1143 821 1214 φύσιν
860 1144 1029 1224 κατὰ.
1052 1144 1213 1202 τοῦτο
1240 1148 1526 1219 φήσομεν;
1593 1151 1734 1208 Ἀλλ’
1764 1152 1912 1206 ἔστιν

319 1236 782 1309 ὁμολογούμενον.
824 1232 958 1294 Εἶτα
984 1235 1073 1302 τίς
1106 1236 1262 1292 ἔσται
1289 1242 1388 1311 τῆς
1411 1240 1676 1311 ὠφελείας
1719 1245 1747 1296 ὁ
1783 1246 1911 1315 τρό-

321 1346 451 1394 πος.
483 1331 534 1383 εί
563 1328 734 1401 μηδὲν
774 1329 913 1393 ὅλως
936 1329 997 1383 τὸ
1030 1331 1232 1402 μεταξὺ
1268 1333 1572 1405 ποιήματος
1614 1336 1708 1395 καὶ
1741 1335 1905 1405 Υἱοῦ;

320 1420 465 1477 Ποία
491 1420 550 1474 δὲ
571 1420 711 1486 ὅλως
739 1422 798 1475 ἐν
839 1423 971 1493 ἡμῖν
992 1424 1242 1491 φαίνεται
1268 1427 1597 1497 μετάστασις
1638 1432 1670 1501 ἡ
1703 1431 1795 1484 ἐπὶ
1846 1431 1909 1484 τὸ

320 1510 572 1582 ἄμεινον,
613 1513 663 1565 εἰ
695 1512 864 1583 μηδὲν
893 1513 952 1567 ὲν
996 1514 1204 1585 υίότητι
1226 1517 1287 1570 τὸ
1327 1518 1490 1576 πλέον
1526 1522 1680 1593 παρὰ
1703 1522 1765 1576 τὸ
1811 1540 1908 1576 πε-

321 1600 585 1672 ποιῆσθαι
618 1602 903 1670 κείσεται;
933 1604 1004 1657 Ἢ
1034 1603 1153 1669 πῶς
1179 1604 1246 1660 ἂν
1272 1607 1426 1660 αὐτοὶ
1463 1610 1905 1682 χρηματίσαιμεν

319 1691 454 1760 utet,
479 1692 555 1757 ὡς
583 1692 842 1757 λαδόντες
868 1695 925 1748 ὲν
964 1695 1145 1759 αὑτοῖς
1177 1696 1265 1751 τὸν
1305 1698 1400 1752 τοῦ
1429 1698 1563 1754 Θεοῦ
1613 1702 1805 1771 Λόγον,
1853 1702 1904 1756 εί

2029 519 2263 585 videtur,
2330 534 2490 590 quam
2547 520 2691 588 quod
2742 517 2897 586 initio
2948 526 3100 583 erat,
3162 525 3463 572 extractum
3518 525 3605 573 est

2025 608 2418 676 quodammodo
2445 624 2476 663 e
2508 609 2723 677 proprio
2751 622 2849 662 suo
2882 606 3024 672 loeo,
3046 617 3104 662 et
3127 606 3178 660 in
3204 605 3348 660 illius
3374 604 3465 673 qni
3487 619 3603 658 eor-

2025 698 2197 767 rigere
2224 698 2521 769 meliusque
2549 697 2758 753 essieere
2795 706 2991 767 potest,
3024 696 3384 752 conditionem
3418 704 3600 748 trans-

2021 788 2211 844 latum.
2266 789 2497 859 idipsum
2544 790 2707 844 etiam
2751 788 2803 842 in
2859 788 3013 844 nohis
3059 787 3311 843 usuvenit
3355 802 3369 839 z
3418 799 3603 838 name

2019 880 2190 935 serris
2215 880 2266 934 in
2309 881 2445 937 lilios
2478 881 2568 934 Dei
2602 878 2832 934 traducti
2874 893 3084 945 sumus,
3112 886 3353 932 nostram
3382 876 3598 943 quidem

2018 972 2382 1027 conditionem
2438 971 2668 1040 egressi,
2726 973 2886 1039 atque
2928 971 2979 1025 in
3034 969 3155 1040 ejus
3202 968 3292 1037 qni
3328 968 3379 1021 id
3443 967 3597 1020 nohis

2017 1060 2245 1132 largitur
2283 1061 2552 1127 translati,
2608 1075 2670 1115 ac
2706 1060 2922 1114 tametsi
2966 1075 3071 1114 non
3110 1067 3325 1122 natura,
3356 1056 3594 1127 appella-

2019 1152 2161 1208 tione
2199 1162 2374 1206 tamen
2426 1166 2611 1206 snmus
2659 1149 2752 1204 lilii
2785 1149 2897 1204 Dei.
2948 1148 3030 1203 An
3060 1164 3163 1204 non
3193 1150 3374 1218 itaque
3404 1149 3595 1203 hnma-

2013 1258 2139 1297 nam
2162 1252 2409 1301 naturam
2444 1242 2545 1297 hae
2570 1242 2622 1295 in
2655 1249 2812 1313 parte
2867 1238 3108 1309 adjutam
3158 1254 3280 1293 esse
3310 1240 3594 1293 dicemus?

2014 1333 2205 1391 Procul
2236 1335 2418 1390 dubio.
2456 1335 2524 1388 At
2557 1348 2685 1387 vero
2705 1345 2951 1403 qnaenam
3001 1329 3106 1385 erit
3133 1330 3385 1384 utilitatis
3417 1330 3589 1394 ratio,

2011 1426 2054 1482 si
2085 1425 2219 1481 nihil
2251 1426 2471 1479 omnino
2497 1424 2721 1479 interest
2752 1424 2896 1477 inter
2940 1430 3249 1494 ereaturam
3278 1429 3330 1474 et
3358 1419 3593 1474 Filium?

2008 1518 2114 1572 Aut
2142 1530 2391 1586 quaenam
2428 1515 2481 1569 in
2531 1514 2686 1568 nobis
2720 1512 2947 1567 mutatio
2982 1513 3035 1566 ln
3072 1510 3267 1564 melius
3297 1511 3514 1574 accidit,
3543 1511 3588 1565 si

2010 1605 2061 1659 in
2092 1606 2378 1675 adoptione
2410 1607 2461 1659 in
2495 1603 2632 1659 lilios
2673 1603 2807 1658 nihil
2840 1602 3070 1673 amplius
3114 1601 3278 1655 situm
3300 1608 3385 1655 est
3427 1616 3587 1670 quam

2010 1696 2061 1750 in
2093 1696 2406 1756 creatione?
2435 1696 2541 1750 Aut
2562 1694 2834 1767 quomodo
2858 1706 3112 1748 vocemur
3139 1690 3254 1754 lilii,
3289 1698 3347 1742 ut
3372 1691 3463 1758 qui
3497 1707 3589 1744 ae-

325 1782 404 1857 μὴ
441 1784 583 1840 κατὰ
632 1783 799 1853 φύσιν
841 1785 971 1849 Υἱὸς
1029 1787 1264 1858 ὑπάρχει
1303 1789 1397 1842 τοῦ
1448 1792 1701 1863 Πατρ6,·;
1740 1794 1803 1845 Εἰ
1849 1793 1908 1847 δὲ
1937 1768 1979 1821 Β
2010 1788 2312 1857 ceperimus
2342 1787 2394 1841 in
2426 1786 2581 1840 nobis
2606 1784 2843 1840 Verbum
2876 1781 2995 1849 Dei,
3026 1782 3073 1837 si
3096 1797 3199 1835 non
3242 1791 3327 1835 est
3369 1789 3588 1835 natura-

321 1874 454 1940 Υίὸς
489 1875 636 1930 κατὰ
669 1874 834 1947 φύσιν
870 1877 1008 1939 ἐστὶ,
1042 1878 1157 1942 πῶς
1182 1878 1247 1933 ἂν
1293 1882 1376 1952 εἴη
1414 1882 1507 1936 καίΙ
1551 1883 1782 1956 ποίημα,
1804 1885 1907 1965 οὑκ

316 1967 677 2042 ὶνδεχομὲνου
709 1968 787 2042 μὴ
829 1969 1048 2033 πάντως
1081 1972 1146 2025 ἐκ
1173 1972 1274 2042 τῆς
1313 1972 1407 2026 τοῦ
1439 1976 1799 2047 γεννήσαντος
1826 1972 1905 2031 εί-

315 2074 411 2122 vat
428 2057 671 2130 φύσεως,
696 2058 833 2130 ὅπερ
852 2058 919 2113 ἂν
947 2060 1032 2132 εἴη
1063 2061 1324 2135 γεννηθὲν
1351 2063 1457 2117 ὑπό
1477 2081 1659 2132 τινος;

1005 2259 1210 2316 ΑΑΛΟ.

417 2385 441 2421 ε
472 2368 598 2422 Ὀτι
620 2366 822 2439 ὀνόμος
837 2368 922 2424 διὰ
949 2370 1194 2436 Μωσέως
1226 2371 1404 2444 ἐδόθη,
1445 2375 1478 2446 ἡ
1515 2373 1676 2447 χάρις
1724 2376 1820 2431 καὶ
1858 2377 1893 2448 ἠ

334 2458 567 2532 ἀλήθεια
607 2460 691 2516 διὰ
730 2460 898 2534 Ἰησοῦ
948 2462 1185 2534 Χριστοῦ
1231 2464 1466 2533 ἐγένετο.
1507 2482 1529 2518 ο
1560 2466 1626 2520 Et
1661 2467 1737 2538 μὴ
1758 2466 1893 2532 Θεὸς

322 2552 470 2607 κατὰ
486 2552 647 2621 φύσιν
662 2552 809 2608 ἐστίν
829 2556 859 2612 ὁ
884 2554 1035 2622 Υἱὸς,
1052 2556 1208 2619 θετὸς
1233 2555 1343 2626 ἄρα
1362 2557 1459 2611 καὶ
1484 2557 1886 2629 διεψευσμένος.

327 2641 475 2696 Ἀλλ’
492 2642 653 2716 εἴπερ
683 2643 912 2717 ἀλήθεια
933 2647 1028 2700 καὶ
1053 2648 1153 2717 τῆς
1179 2647 1439 2718 ἀληθείας
1467 2648 1707 2721 ἐργάτης
1739 2650 1888 2717 ἐστὶ,

300 2732 431 2798 πῶς
482 2733 553 2789 ἂν
607 2735 693 2807 εἴη
748 2737 844 2791 καὶ
881 2738 1256 2808 ὲψευσμένος;
1309 2739 1521 2793 Οὐκοῦν
1558 2741 1698 2795 κατὰ
1727 2740 1890 2811 φύσιν

292 2822 461 2891 Θαίς.
516 2824 579 2882 ’0
613 2824 847 2882 δὶτοῦτο
869 2827 1135 2901 ὑπάρχων
1154 2871 1168 2896 ,
1203 2829 1321 2895 πῶς
1349 2830 1414 2885 ἂν
1436 2832 1525 2904 εἴη
1552 2833 1814 2905 γενητός;

995 3030 1199 3087 ΑΛΛΟ.

286 3230 389 3288 τοῦ
408 3230 648 3304 κόσμου.
679 3251 698 3284 ι
732 3231 871 3304 Φησί
903 3249 1007 3286 που
1039 3234 1176 3304 πρὸς
1200 3234 1291 3287 τὸν
1324 3234 1432 3287 τῶν
1453 3235 1590 3288 ὅλων
1610 3237 1887 3307 Δεσπότην

298 3323 636 3395 δμωιάριος
681 3325 970 3395 προφήτης
1014 3325 1272 3389 Ἡσαΐας·
1313 3343 1333 3375 ι
1369 3324 1467 3388 Τίς
1513 3325 1646 3390 Θεὸς
1698 3326 1888 3400 ὥσπερ

312 3408 407 3475 dr,
428 3408 666 3482 ὶξαίρων
685 3411 917 3481 ἀνομίας
938 3412 1032 3467 καὶ
1058 3410 1406 3484 ὑπερὸαίνων
1437 3411 1682 3482 ἀδικίαν;
1711 3435 1728 3466 ι
1754 3417 1886 3470 Ὅτε

306 3492 655 3559 1’ὕωνθιοῦ
685 3502 858 3557 ταῦτα
886 3504 1064 3557 ποιεῖν
1114 3503 1429 3573 λεγομένου,
1467 3505 1697 3574 Χριστός
1740 3507 1886 3560 ὲστιν

292 3592 555 3666 ἀφαιρῶν
594 3593 698 3664 τὴν
754 3593 1027 3666 ἁμαρτίαν
1054 3595 1145 3648 τοῦ
1180 3596 1409 3665 κόσμου,
1452 3595 1568 3659 πῶς
1621 3596 1720 3650 οὑκ
1770 3595 1885 3650 ἐστι

288 3684 468 3754 Θεὸςς
496 3687 560 3740 Et
590 3686 646 3740 δὲ
669 3686 846 3754 τοῦτο,
875 3688 935 3742 οὑ
968 3688 1198 3758 ποίημα.

993 3801 1197 3856 ΑΛΛΟ.

373 3931 397 3966 ε
432 3913 519 3985 Τῇ
549 3910 831 3982 ἐπαύριον,
859 3910 1043 3980 φησιν,
1094 3909 1361 3980 ἠθέλησεν
1394 3907 1627 3973 ἐξελθεῖν
1672 3909 1750 3972 εἰς
1787 3907 1885 3978 τὴν

294 3999 624 4063 Γαλιλαίαν,
658 4001 750 4054 καὶ
778 3997 1024 4069 εὑρίσκει
1061 3998 1346 4064 Φίλιππον,
1378 4000 1472 4052 καὶ
1514 3998 1664 4065 λέγει
1703 3997 1882 4069 αὑτῷ·

314 4090 630 4148 Ἀκολούθει
669 4108 778 4163 μοι.
809 4109 828 4142 ι
876 4089 1280 4144 ’Δναδείκνυσιν
1337 4092 1395 4144 ὲν
1453 4090 1662 4154 τούτοις
1705 4091 1886 4162 μαθη-

299 4183 404 4259 τὴν
442 4185 538 4240 τὸν
569 4183 835 4237 Φίλιππον
862 4184 890 4236 ὸ
924 4182 1132 4253 Σωτήρ.
1171 4182 1374 4236 Σκόπει
1398 4181 1463 4254 δὴ
1490 4176 1584 4236 οῦν
1611 4184 1661 4236 εἰ
1690 4184 1764 4255 μὴ
1797 4200 1886 4237 σο-

299 4276 404 4347 φός
452 4293 542 4341 τις
593 4277 687 4330 καὶ
732 4276 819 4328 ἐπ’
865 4273 1014 4345 αὐτῷ
1058 4273 1367 4345 διήρτισται
1404 4273 1583 4344 λόγος,
1613 4277 1885 4329 συναινεῖν

294 4368 637 4431 ἀναπείθων,
676 4369 758 4422 ὅτι
784 4366 850 4437 δὴ
884 4366 980 4420 καὶ
1006 4365 1245 4439 ὑπάρχοι
1292 4367 1425 4433 Θεὸς
1471 4368 1612 4422 κατὰ
1645 4367 1806 4437 φύσιν
1856 4369 1886 4421 ὸ

298 4458 451 4524 Υἱός.
487 4457 708 4513 Πολλῶν
739 4459 830 4513 ἀεὶ
856 4457 936 4530 τῷ
985 4457 1198 4530 Σωτῆρι
1251 4459 1745 4531 προσεδρευόντων,
1791 4459 1884 4512 καὶ

299 4551 637 4625 μυριάνδρου
669 4551 798 4615 τοὺς
833 4550 1084 4622 μαθητὰς
1105 4549 1451 4621 περιθέοντος
1484 4549 1743 4622 πλήθους,
1783 4551 1881 4602 ὲπ-

297 4626 451 4715 ἄρας
478 4643 607 4708 τοὺς
645 4642 980 4713 ὀφθαλμοὺς,
1017 4642 1219 4713 ἔφησεν
1255 4643 1440 4708 αὑτοῖς
1472 4643 1501 4696 ὁ
1530 4644 1740 4715 Σωτήρ·
1779 4661 1798 4695 ι
1827 4641 1885 4697 ⁰0

298 4737 403 4808 μὲν
430 4735 693 4807 θερισμὸς
722 4739 911 4801 πολὺς.
947 4738 997 4792 ol
1041 4737 1100 4791 δὲ
1141 4739 1367 4809 ἐργάται
1419 4737 1607 4807 ὀλίγοι·
1657 4737 1884 4809 δεήθητε

292 4820 395 4880 οἷον
425 4825 521 4880 τοῦ
552 4826 759 4898 Κυρίου
798 4827 893 4880 τοῦ
916 4826 1205 4899 θερισμοῦ,
1231 4829 1378 4891 ὅπως
1412 4826 1615 4900 ὲκῦάλῃ
1639 4827 1875 4900 ἐργάτας

293 4915 381 4981 είς
403 4915 496 4972 τὸν
524 4915 781 4989 θερισμὸν
815 4917 980 4973 αὑτοῦ
1001 4935 1014 4949 ·
1043 4937 1062 4970 ι
1109 4917 1365 4990 θερισμὸν
1385 4918 1538 4972 οὐδὲν
1580 4918 1768 4989 ἕτερον
1794 4911 1874 4969 εἷ-

294 5025 384 5064 ναι
415 5008 614 5080 λέγων,
645 5011 678 5082 ἢ
706 5012 833 5075 τοὺς
865 5011 954 5066 διὰ
986 5011 1087 5082 τῆς
1148 5011 1387 5073 πίστεως
1410 5011 1510 5082 τῆς
1561 5012 1641 5074 είς
1685 5010 1877 5065 ἑαυτὸν

295 5101 587 5172 ἀσταχύων
603 5102 759 5172 δίκην
778 5102 1226 5166 ἀναὸλαστῶντας
1243 5103 1323 5166 είς
1343 5102 1645 5156 εὐλάὸειαν.
1660 5099 1876 5154 Τούτων

297 5191 357 5247 δὲ
387 5193 475 5256 τίς
496 5193 565 5247 ἂν
592 5193 677 5266 εἴη
711 5192 934 5266 Κύριος,
966 5197 1014 5249 εί
1040 5195 1115 5266 μὴ
1146 5195 1364 5249 πάντων
1396 5193 1527 5255 Θεός
1548 5209 1564 5259 ;
1587 5186 1660 5263 ᾮ
1690 5190 1753 5262 δὴ
1786 5192 1880 5245 καὶ

297 5285 331 5338 δ
363 5284 577 5348 Παῦλος
599 5285 687 5339 διὰ
716 5287 1005 5358 μετανοίας
1039 5285 1407 5342 συνάπτεσθαι
1429 5286 1553 5351 τοὺς
1577 5283 1657 5337 ἔτι
1682 5283 1880 5356 κληρο-

198 5425 203 5435 ,
299 5374 503 5446 νόμους
548 5377 861 5449 παρακαλεῖ
891 5377 1050 5447 βοῶν·
1103 5397 1122 5429 ‹
1157 5375 1400 5447 Δεόμεθα
1429 5376 1569 5447 ὑπὲρ
1613 5373 1875 5445 Χριστοῦ,

300 5466 682 5540 καταλλάγητε
719 5468 798 5540 τῷ
836 5468 975 5540 Θεῷ.
1010 5487 1029 5521 ο
1071 5471 1192 5522 Ὅτι
1222 5468 1402 5522 τοίνυν
1435 5467 1593 5538 μόνος
1632 5468 1746 5521 ἐστὶ
1782 5467 1874 5521 τοῦ

301 5558 568 5632 θερισμοῦ
624 5560 828 5632 Κύριος
870 5562 898 5614 ὀ
931 5561 1081 5627 Θεὸς,
1113 5560 1207 5614 ἅτε
1254 5560 1318 5631 δὴ
1346 5559 1562 5614 πάντων
1611 5559 1872 5630 ὑπάρχων

365 3161 390 3197 ε
428 3141 541 3198 Ἴδε
569 3143 601 3197 ὸ
638 3143 841 3215 ’Δμνὸς
878 3143 971 3198 τοῦ
1001 3143 1159 3209 Θεοῦ,
1191 3147 1219 3198 ὁ
1253 3145 1425 3217 αἴρων
1475 3146 1573 3218 τὴν
1604 3147 1879 3220 ἁμαρτίαν
1912 3095 1959 3158 c

2009 1880 2131 1934 liter
2156 1877 2324 1933 Filius
2362 1877 2672 1933 PatrisiAt
2702 1878 2746 1933 si
2783 1886 2866 1932 est
2889 1874 3061 1930 Filius
3099 1873 3263 1945 316
3318 1872 3585 1927 naturali-

2005 1978 2110 2034 ter,
2136 1969 2402 2039 quomodo
2426 1970 2498 2025 sit
2530 1977 2804 2034 ereatura,
2834 1981 2960 2023 eum
2992 1964 3107 2021 fieri
3141 1980 3247 2019 nou
3286 1966 3461 2034 possit
3526 1976 3585 2019 ut

2003 2060 2147 2130 quod
2171 2072 2233 2115 ex
2257 2061 2441 2132 aliquo
2466 2059 2705 2132 genitum
2728 2065 2833 2128 est,
2886 2057 3152 2132 genitoris
3185 2065 3435 2111 naturam
3475 2071 3583 2111 non

2004 2149 2239 2206 reserat?

2671 2260 2907 2319 Amul).

2076 2395 2095 2429 ι
2125 2375 2283 2442 Quia,
2307 2375 2508 2447 inquit,
2540 2375 2627 2430 lex
2650 2389 2748 2444 per
2775 2373 2966 2429 Mosen
2998 2372 3122 2427 data
3174 2379 3276 2435 est,
3325 2372 3499 2442 gratia
3524 2380 3580 2427 et

2000 2467 2202 2523 veritas
2231 2480 2327 2536 per
2352 2465 2534 2522 lesum
2563 2464 2839 2522 Christum
2863 2463 3005 2520 faeta
3035 2470 3119 2518 est
3154 2462 3222 2518 ⁸¹.
3263 2481 3282 2515 ι
3322 2460 3379 2517 Si
3406 2461 3579 2518 Filius

1996 2571 2102 2612 non
2123 2565 2207 2613 est
2228 2556 2369 2613 Deus
2403 2556 2699 2612 seeundum
2733 2564 3021 2620 naturam,
3084 2552 3371 2623 adoptivus
3398 2554 3578 2621 itaque

1992 2659 2074 2705 est
2100 2658 2154 2703 et
2187 2664 2294 2704 non
2327 2664 2507 2705 verus.
2529 2647 2826 2714 Caeterum,
2862 2661 2986 2703 cum
3010 2647 3079 2702 sit
3120 2645 3323 2700 veritas
3357 2655 3409 2700 et
3440 2646 3579 2700 veri-

1993 2741 2120 2795 tatis
2147 2748 2426 2810 operator,
2470 2739 2741 2808 quomodo
2789 2751 2895 2792 non
2938 2736 3012 2791 sit
3069 2736 3274 2791 verus?
3301 2735 3577 2791 Naturalis

1988 2829 2174 2901 itaque
2228 2829 2371 2886 Deus
2435 2837 2542 2886 est.
2602 2827 2674 2883 At
2726 2826 2773 2885 si
2828 2826 3129 2896 naturalis,
3182 2829 3453 2897 quomodo
3502 2827 3577 2881 sit

1989 2920 2203 2978 laetius?

2658 3033 2892 3094 Auno.

2066 3170 2085 3203 ι
2122 3151 2283 3216 Ecce,
2334 3149 2531 3219 inquit,
2567 3150 2754 3220 Agnus
2783 3148 2901 3215 Dei,
2941 3163 3071 3205 ecce
3127 3147 3220 3219 qui
3247 3145 3388 3202 tollit
3444 3162 3572 3216 pec-

1990 3251 2111 3298 cata
2139 3240 2319 3295 mundi
2347 3241 2413 3295 ⁸¹.
2442 3259 2461 3293 ι
2498 3240 2697 3295 Beatus
2738 3239 2999 3310 propheta
3050 3238 3219 3295 lsaias
3258 3237 3456 3292 alicubi
3503 3239 3569 3292 ad

1992 3331 2155 3387 totius
2176 3329 2412 3385 universi
2460 3327 2742 3383 Dominum
2779 3327 2851 3379 ita
2877 3325 2954 3381 ait
2984 3342 3000 3380 ι
3034 3343 3053 3376 ι
3091 3323 3221 3390 Quis
3261 3323 3401 3377 Deus
3429 3323 3570 3378 sient

1992 3431 2067 3489 tn,
2094 3421 2183 3491 qni
2220 3421 2362 3475 tollis
2383 3420 2778 3489 iniqnitateS,et
2806 3416 3051 3487 praeteris
3085 3415 3381 3485 injustitias
3405 3415 3472 3446 ⁸⁸·
3496 3416 3519 3468 ’ἒ
3545 3435 3562 3467 ι

1988 3513 2123 3567 Cum
2152 3513 2317 3582 igitur
2344 3514 2451 3566 Deo
2489 3511 2590 3566 hoe
2620 3511 2954 3577 ascribatur,
2996 3508 3247 3565 Christus
3282 3515 3458 3562 autem
3496 3507 3571 3559 sit

1995 3605 2087 3674 qni
2122 3602 2260 3658 tollit
2295 3607 2513 3673 peccata
2542 3601 2750 3667 mundi,
2782 3599 3055 3670 quomodo
3102 3613 3207 3655 non
3264 3599 3335 3653 sit
3390 3597 3568 3654 neus?

1990 3696 2059 3751 At
2083 3695 2128 3751 si
2166 3695 2326 3761 Deus,
2350 3709 2456 3750 non
2483 3707 2612 3766 ergo
2635 3702 2885 3750 creatura
2914 3700 3019 3749 est.

2660 3807 2896 3865 Auno,

2062 3938 2081 3970 «
2120 3917 2405 3980 Postridie,
2436 3915 2630 3986 inquit,
2649 3917 2820 3973 voluit
2837 3917 2994 3974 lesus
3011 3917 3164 3975 exire
3194 3917 3246 3972 in
3266 3916 3564 3985 Galilaeznn,

1986 4020 2039 4067 et
2078 4008 2280 4064 invenit
2300 4006 2630 4076 Philippum,
2671 4015 2727 4062 et
2758 4006 2897 4063 dixit
2928 4009 2977 4063 ei
3003 4027 3017 4064 :
3056 4007 3299 4080 Sequere
3328 4026 3414 4066 me
3442 4011 3510 4065 ⁸⁸.
3543 4029 3560 4061 ι

1988 4101 2239 4157 Salvator
2296 4100 2349 4153 in
2394 4099 2482 4155 his
2544 4097 2851 4169 Philippum
2918 4099 3243 4171 discipulum
3304 4101 3561 4156 declarat.

1986 4192 2368 4249 Animadverte
2397 4198 2577 4245 autem
2628 4203 2770 4244 anne
2819 4188 2983 4244 etiam
3021 4190 3074 4244 in
3107 4190 3208 4245 hoe
3256 4191 3565 4245 testimonio

1985 4281 2245 4354 praeelara
2294 4280 2435 4334 ratio
2483 4278 2677 4343 subsit,
2713 4277 3047 4347 persuadens
3111 4278 3310 4334 Filium
3369 4289 3561 4332 natura

1987 4388 2083 4429 sua
2113 4372 2280 4429 Deum
2314 4385 2457 4427 esse.
2499 4371 2632 4425 Cum
2670 4371 2822 4427 multi
2854 4371 3100 4442 quotidie
3123 4371 3190 4427 ad
3222 4370 3560 4425 Salvatorem

1916 4437 2337 4525 Dconfluerent,
2381 4470 2543 4528 atque
2596 4461 2877 4514 immmera
2934 4461 3092 4515 turba
3146 4460 3211 4515 ad
3274 4461 3563 4530 discipulos

1990 4561 2365 4616 concurreret,
2396 4550 2624 4605 sublatis
2678 4552 2851 4606 oculis
2878 4553 2949 4607 ita
2994 4553 3059 4606 ad
3109 4551 3402 4621 discipulos
3431 4553 3565 4608 dixit

1992 4643 2285 4700 Salvator:
2347 4659 2368 4694 ι
2410 4641 2602 4696 Messis
2653 4643 2872 4711 quidem
2935 4642 3125 4708 multa,
3169 4644 3407 4712 operarii
3433 4659 3564 4698 vero

1992 4737 2171 4810 pauci.
2231 4735 2437 4807 Rogate
2480 4737 2642 4805 igitur
2667 4732 2954 4787 Duminnm
3010 4734 3227 4800 messis,
3259 4743 3322 4788 ut
3364 4735 3530 4790 nmlto
3560 4753 3583 4790 s

1981 4831 2036 4886 in
2072 4843 2300 4884 messem
2356 4843 2507 4884 suam
2554 4825 2833 4898 operarios
2887 4825 3145 4880 immittat
3168 4826 3238 4894 ⁸⁸3
3272 4845 3291 4879 ο
3329 4841 3559 4881 messem

1982 4920 2114 4976 nihil
2143 4920 2287 4976 aliud
2317 4917 2593 4990 appellans
2643 4931 2803 4987 quam
2844 4916 2934 4986 qui
2965 4930 3060 4986 per
3087 4915 3246 4971 fldem
3282 4916 3336 4972 in
3364 4917 3559 4985 ipsum,

1984 5013 2153 5069 instar
2186 5013 2479 5083 spicarum,
2515 5010 2878 5080 germinarent
2924 5009 2990 5062 all
3046 5009 3323 5078 pietatem.
3352 5010 3558 5063 Horum

1984 5121 2110 5161 vero
2129 5107 2373 5175 quisnam
2393 5105 2462 5159 sit
2487 5102 2772 5166 Dominus,
2799 5102 2900 5157 nisi
2941 5103 3103 5157 totius
3132 5101 3368 5156 universi
3387 5098 3562 5154 Dens?

1986 5199 2082 5254 Cui
2116 5197 2280 5252 etiam
2331 5196 2528 5250 Paulus
2557 5203 2617 5248 nt
2673 5210 2767 5263 per
2811 5192 3186 5264 poenitentiam
3237 5191 3551 5260 copulentur

1986 5290 2228 5346 haeredes
2259 5290 2506 5344 hortatur
2539 5288 2730 5344 dicens
2766 5305 2781 5344 ι
2815 5305 2836 5340 ι
2871 5288 3145 5357 Rogamus
3178 5298 3275 5351 pro
3307 5280 3552 5348 Christo,

1986 5380 2406 5435 reconcilimnini
2435 5378 2545 5435 Deo
2575 5379 2644 5435 ⁸¹⁵.
2677 5397 2696 5431 ο
2732 5377 2867 5434 Cum
2918 5376 3082 5445 igitur
3136 5373 3286 5428 solus
3314 5373 3454 5428 Deus
3482 5373 3555 5427 sit

1988 5470 2247 5525 Dominus
2277 5469 2487 5535 messis,
2519 5477 2705 5538 utpote
2756 5463 2996 5519 onmium
3023 5461 3286 5517 Dominus
3313 5471 3367 5517 et
3400 5475 3553 5515 erea-

1985 5573 2086 5625 tor‚
2118 5561 2219 5631 ipsi
2243 5561 2403 5617 etiam
2456 5559 2829 5630 operariorum
2890 5553 3315 5625 designationem
3349 5565 3549 5608 eonve-

386 5712 428 5743 ⁸¹
451 5709 605 5770 Joan.
632 5732 668 5783 t,
710 5716 790 5770 l7.
868 5714 912 5749 ⁸²
942 5716 1070 5773 ihid.
1094 5717 1184 5775 ⁸29.
1263 5718 1324 5750 ⁸¹·
1356 5697 1468 5775 isa.
1505 5733 1655 5786 xmn,
1682 5718 1770 5771 23.
1852 5718 1897 5750 ⁸³
1936 5715 2087 5773 suan.
2124 5718 2276 5791 1,45.
2355 5716 2397 5747 ’·’·
2432 5714 2561 5772 Luc.
2596 5730 2649 5777 x.
2673 5713 2728 5767 ²2.
2787 5711 2849 5744 ‘⁸⁸
2874 5708 3061 5766 llCor·
3101 5706 3263 5774 v‚20·
