3809 6125
207 300 339 357 1441
1359 295 1446 349 1)ss
1486 294 1995 350 tNCAnMnorOE
2033 293 2287 350 bom-Nl.
3318 297 3461 357 15⁴2

203 430 318 477 τοις
338 411 603 484 ἐκέχρητο
631 412 889 483 ῥήμασιν,
920 411 1054 465 ἀλλὰ
1080 412 1295 484 θαρρῶν
1326 412 1553 483 προσῄει
1579 412 1770 478 λέγων·
1804 416 1846 468 Α
1878 409 2106 465 fidenter
2137 411 2421 465 accedebat
2452 410 2635 465 dicens
2670 426 2684 463 :
2727 428 2745 461 ι
2780 410 2871 466 Dic
2903 419 2959 466 ut
2989 410 3193 482 lapides
3226 412 3315 467 isti
3354 428 3452 480 pa·-

212 525 230 558 ι
265 502 402 557 Εἰπὲ
431 503 519 555 ἵνα
544 504 593 555 οἱ
626 502 764 556 λίθοι
791 495 935 555 οὗτοι
969 503 1121 573 ἄρτοι
1155 502 1437 570 γένωνται.
1473 522 1491 553 s
1531 502 1641 569 Τῆς
1679 500 1777 571 μὲν
1879 517 1975 557 nes
2023 502 2171 556 liant.
2206 521 2224 553 ι
2257 500 2388 554 Nam
2430 518 2739 572 supernam,
2789 503 2983 571 inquit,
3017 517 3202 558 vocem
3252 503 3450 568 audivi,

202 593 311 664 γὰρ
344 592 550 648 ἄνωθεν
584 592 844 663 ἐλθούσης
877 593 1057 664 φωνῆς
1087 594 1313 663 ἥκουσα,
1344 593 1500 662 φησὶ,
1532 592 1688 645 τοῦτό
1718 608 1776 645 σε
1879 590 2072 646 Filium
2116 602 2165 647 te
2212 594 2573 659 vocitantcm;
2610 595 2795 664 ignoro
2825 604 3027 659 autem,
3065 591 3239 649 donee
3285 611 3450 665 expe·

204 684 534 754 καλεσάσης,
569 682 781 737 ἀπιστῶ
813 683 868 736 δὲ
899 683 1002 746 ἓως
1034 684 1102 736 ἂν
1144 682 1294 737 >taem
1325 682 1422 753 τὴν
1463 684 1656 751 πεῖραν
1699 680 1777 733 δι·
1878 680 2129 735 rientiam
2163 684 2472 751 magistram
2506 695 2696 738 nactus
2730 683 2903 738 suero.
2947 683 3127 739 Factis
3155 684 3296 757 ,mihi
3329 700 3455 753 per-

1877 773 2064 837 suade,
2099 774 2190 841 qui
2234 773 2699 843 appellari3„eum
2731 784 2781 827 te
2813 790 2933 830 esse
2978 789 3187 829 revera.
3231 773 3454 846 Nainmsi

1878 863 1979 918 lmc
2009 866 2270 929 didicero,
2304 866 2522 934 fugiam,
2555 865 2803 931 evadam,
2830 867 3114 934 quominus
3142 877 3317 921 tecum
3344 866 3455 919 col·
3502 870 3511 891 ⁸

1878 953 2054 1008 lucter
2080 954 2429 1023 deprecabor.
2467 953 2678 1009 Etenim
2721 965 2978 1025 quantum
3018 957 3159 1011 inter
3190 972 3286 1010 nos
3320 959 3454 1012 duos

1879 1045 2112 1109 intersit,
2151 1046 2282 1101 scio.
2323 1046 2638 1100 Demonstra
2674 1062 2802 1117 ergo
2840 1049 3163 1119 prodigium,
3195 1059 3454 1120 tuamque

1878 1131 2135 1187 miracula
2166 1135 2411 1202 patrandi
2443 1134 2769 1198 efficaciam;
2806 1136 2938 1190 doce
2973 1150 3056 1190 me
3087 1137 3317 1207 prodigii
3350 1152 3452 1190 an-

205 774 495 829 δάσκαλον.
530 775 722 827 Πεῖσόν
764 791 831 844 με
874 774 962 828 διὰ
989 773 1098 827 τῶν
1126 774 1483 845 πραγμάτων,
1521 772 1595 836 ὡς
1628 772 1656 824 ὃ
1682 772 1777 825 κέ-

204 866 422 938 κληται,
457 865 670 936 ἀληθῶς
695 866 1084 937 ὑπάρχεις.“Αν
1113 865 1221 937 γὰρ
1247 865 1406 919 τοῦτο
1433 863 1609 935 μάθω,
1640 862 1774 932 φεύ-

203 957 388 1027 ξομαι,
419 955 515 1008 καὶ
541 955 913 1039 δραπετεύσιρ,
944 957 1038 1010 καὶ
1064 957 1162 1026 τὴν
1194 955 1329 1028 πρὸς
1360 955 1419 1008 σὲ
1443 954 1777 1025 παραιτήσο-

208 1062 305 1115 μαι
335 1043 514 1113 πάλην
536 1060 550 1074 ·
582 1038 697 1096 οἶδα
722 1044 831 1115 γὰρ
852 1044 977 1097 ὅσον
1006 1043 1140 1115 ἐμοῦ
1167 1049 1261 1097 καὶ
1292 1042 1385 1097 σοῦ
1415 1043 1476 1097 τὸ
1500 1043 1773 1113 διάφορον.

205 1131 386 1197 Δεῖξον
403 1131 584 1184 τοίνυν
608 1130 669 1183 τὸ
690 1131 872 1203 θαῦμα
902 1133 997 1185 καὶ
1018 1133 1113 1204 τὴν
1140 1133 1239 1187 θαυ
1249 1133 1605 1204 ματουργίαν,
1635 1131 1779 1185 δίδα-

206 1224 296 1290 ξον
339 1222 431 1277 τὸν
465 1222 560 1275 τοῦ
595 1222 870 1295 θαύματος
898 1226 1158 1296 ποιητήν·
1201 1245 1217 1276 ι
1254 1226 1386 1279 Εἰπὲ
1419 1226 1507 1279 ἵνα
1550 1226 1599 1277 οἱ
1642 1224 1779 1278 λίθοι

204 1309 346 1371 οῦτοι
384 1314 539 1385 ἄρτοι
577 1314 861 1383 γένωνται.
893 1334 911 1368 ι

276 1402 493 1457 Τούτων
536 1399 1036 1474 ἀκούσας’κρύπτει
1076 1403 1174 1474 μὲν
1211 1402 1310 1473 τὴν
1352 1401 1602 1473 θεότητα,
1633 1403 1695 1456 ὲκ
1723 1401 1780 1455 δὲ

204 1498 301 1568 τῆς
332 1496 674 1567 ἀνθρωπείας
716 1475 1017 1565 διαλέγεται
1054 1494 1302 1565 φύσεως·
1334 1513 1352 1546 ι
1381 1495 1495 1548 ϋύκ
1524 1494 1610 1547 ἐπ’
1633 1495 1781 1565 ἄρτῳ

210 1588 376 1657 μόνῳ,
406 1584 600 1653 λέγων,
634 1583 867 1655 ζήσηται
901 1581 1208 1653 ἄνθρωπος,
1246 1580 1362 1635 ἀλλ’
1390 1583 1449 1634 έν
1478 1580 1648 1633 παντὶ
1681 1579 1781 1650 ρη·

208 1694 340 1749 ματ-ι
383 1676 470 1730 διὰ
513 1676 778 1745 στὸματος
807 1672 1224 1745 ἐκπορευομένῳ
1249 1670 1407 1725 Θεοῦ.
1447 1691 1465 1722 s
1499 1670 1770 1741 Δύναμαι,

1879 1233 2113 1277 ctorem:
2150 1242 2168 1274 ‹
2204 1222 2299 1278 Dic
2331 1235 2388 1278 ut
2415 1225 2615 1295 lapides
2641 1225 2728 1279 isti
2762 1242 2928 1295 panes
2961 1226 3089 1280 liant
3144 1246 3163 1278 s

1952 1394 2095 1465 Ergo
2134 1396 2216 1451 liis
2252 1398 2471 1462 auditis,
2499 1398 2637 1453 celat
2675 1400 2929 1455 deitatem
2966 1401 3233 1469 Christus,
3263 1404 3453 1459 liuma-

1888 1501 2076 1555 naeque
2097 1497 2298 1542 naturae
2316 1503 2462 1544 more
2486 1488 2720 1560 loquitur
2751 1508 2765 1544 ι
2793 1489 3034 1562 821ηι.
3058 1513 3076 1546 ι
3100 1496 3211 1549 Νοη
3239 1510 3302 1550 ex
3333 1496 3453 1551 solo

1882 1591 2017 1645 pane
2046 1578 2176 1633 vivit
2219 1578 2397 1647 boma,
2440 1584 2533 1636 sed
2576 1599 2642 1638 ex
2669 1586 2816 1639 omni
2853 1587 3015 1639 verbo
3037 1588 3179 1655 quod
3208 1590 3450 1655 procedit

1881 1669 1947 1721 de
1975 1682 2068 1723 ore
2095 1667 2190 1724 Dei
2215 1670 2279 1724 ⁸⁸.
2313 1690 2332 1722 s
2368 1671 2615 1737 Possum,
2662 1674 2853 1743 inquit,
2883 1676 3002 1729 sine
3050 1691 3187 1744 pane
3233 1679 3449 1731 nutriri.

210 1771 392 1839 φησὶν.
422 1768 547 1822 ἄνευ
571 1768 737 1837 ἄρτου
768 1763 1062 1836 τραφῆναι.
1089 1764 1164 1816 Οὐ
1196 1763 1356 1834 μόνον
1383 1762 1493 1833 γὰρ
1524 1761 1710 1832 ἄρτοις
1741 1762 1773 1830 ἡ
1810 1737 1852 1795 Β
1879 1759 2069 1829 Neque
2102 1761 2245 1816 enim
2288 1765 2512 1833 panibus
2543 1774 2748 1819 tantum
2788 1766 2893 1820 vita
2933 1768 3206 1821 lioniinum
3242 1781 3457 1824 susten-

210 1856 316 1910 τῶν
362 1855 661 1926 ἀνθρώπων
713 1854 1090 1924 συγκροτεῖται
1138 1850 1273 1922 ζωὴ,
1303 1850 1438 1905 ἀλλὰ
1467 1852 1618 1923 ῥῆμα
1644 1849 1778 1904 Θεοῦ

210 1949 368 2018 ἀρκεῖ
416 1948 592 1999 πᾶσαν
643 1942 751 1997 τῶν
804 1942 1106 2014 ἀνθρώπων
1132 1942 1419 2015 διαθρέψαι
1447 1943 1546 2013 τὴν
1578 1942 1739 2011 φύσιν
1765 1959 1778 1972 ·

211 2038 383 2101 οὕτως
411 2038 440 2089 ὁ
485 2034 874 2107 Ἰσραηλιτικὸς
903 2033 1165 2105 διετράφη
1194 2032 1342 2099 λαὸς,
1373 2032 1781 2104 τεσσαράκοντα

211 2133 304 2203 ἐτη
334 2128 602 2198 συλλέγων
625 2129 684 2182 τὸ
710 2128 904 2199 μάννα,
929 2127 1025 2180 καὶ
1050 2125 1222 2197 θήρας
1243 2125 1530 2179 ἀπολαύων
1555 2124 1783 2197 ὀρνίθων

213 2239 278 2274 πε
289 2220 594 2291 πεδημένης
624 2217 784 2289 βουλῇ
809 2217 942 2270 Θεοῦ
968 2234 981 2247 ·
1008 2217 1098 2270 καὶ
1122 2215 1304 2280 Ἠλίας
1331 2216 1571 2287 κόρακας
1602 2214 1786 2269 ἑστιά-

214 2327 377 2381 τορας
429 2312 553 2379 ἔσχε
578 2326 592 2339 ·
645 2309 739 2360 καὶ
785 2307 1048 2371 Ἐλισαῖος
1099 2305 1310 2376 ἀγρὲοις
1356 2305 1610 2376 λαχάνοις
1660 2305 1789 2369 τοὺς

217 2399 490 2463 θιασώτας
533 2397 783 2469 διέθρεψε
805 2415 817 2427 ·
869 2397 963 2450 καὶ
992 2397 1045 2449 τί
1083 2413 1150 2467 με
1181 2396 1261 2448 δεῖ
1286 2396 1353 2449 τὰ
1383 2396 1586 2450 παλαιὰ
1625 2413 1792 2449 κατα-

216 2494 427 2561 λέγειν;
489 2488 741 2559 Ἰωάννης
785 2479 940 2550 οὗτος
985 2489 1013 2540 ὁ
1057 2485 1286 2556 ἔναγχος
1337 2487 1394 2539 ὲν
1443 2485 1518 2555 τῷ
1554 2485 1792 2559 Ἰορδάνῃ

221 2582 518 2653 βαπτίζων,
548 2578 728 2634 πᾶσαν
752 2596 811 2632 τε
836 2577 932 2648 τὴν
963 2577 1176 2648 ἡλικίαν
1205 2578 1263 2630 ὲν
1301 2579 1365 2647 τῇ
1395 2578 1589 2648 ἐρήμῳ
1612 2576 1792 2630 διατε-

219 2676 275 2729 λέ
286 2691 403 2739 σας,
429 2672 615 2748 ἀκρίσι
638 2669 915 2742 τρέφεται,
936 2670 1029 2721 καὶ
1052 2665 1318 2739 μελιττῶν
1339 2668 1548 2738 ἀγρίων
1571 2667 1789 2740 καρπῷ·

184 2825 193 2834 ,
220 2768 373 2822 οὐδὲν
394 2765 573 2820 τοίνυν
607 2762 856 2825 ἀπεικὸς,
880 2750 974 2815 καῖ.
1001 2763 1033 2833 ἡ
1044 2762 1147 2831 μᾶς
1173 2760 1281 2814 ἀπὸ
1300 2758 1435 2813 Θεοῦ
1466 2760 1592 2833 ξένῃ
1615 2761 1797 2813 ἑστια-

224 2859 381 2931 θῆναι
418 2860 615 2930 τροῖιῇ,
652 2859 749 2909 καὶ
785 2853 950 2924 ἄρτου
994 2852 1068 2924 μὴ
1103 2851 1381 2923 δεηθῆναι.

293 2950 508 3004 Τούτων
545 2947 783 3009 ἀκούσας
811 2948 839 2999 ὁ
869 2944 1134 3009 διὰὃολος,
1163 2944 1370 3027 1ἤλγησε
1405 2948 1504 3019 μὲν
1538 2948 1614 3013 ὡς
1639 2952 1800 3023 ἡττη-

1883 1856 2050 1916 tatur,
2102 1852 2194 1905 sed
2230 1850 2324 1906 Dei
2369 1854 2592 1907 verbum
2627 1852 2820 1907 suflicit
2871 1855 3132 1910 universae
3177 1857 3453 1912 hominum

1883 1942 2087 1997 alendae
2118 1953 2343 1997 naturae.
2377 1943 2467 1999 Sic
2496 1944 2818 2000 israeliticus
2856 1957 3041 2014 pastus
3071 1946 3168 2002 suit
3207 1948 3456 2018 populus.

1885 2033 2242 2103 qnadraginta
2269 2035 2424 2089 annis
2448 2050 2645 2089 manna
2672 2036 2952 2106 colligens,
2981 2048 3035 2092 et
3058 2040 3233 2092 avium
3263 2049 3457 2093 venatu

1888 2126 2071 2181 l'ruens
2106 2140 2222 2194 qua:
2262 2125 2354 2181 Dei
2389 2126 2667 2182 voluntate
2700 2127 3102 2184 irretiebantur.
3150 2128 3278 2184 ltem
3312 2129 3461 2186 Elias

1888 2232 2083 2272 corvos
2114 2217 2311 2271 altores
2341 2217 2556 2280 haimim
2592 2219 2812 2274 Elisaens
2860 2231 3037 2275 autem
3078 2222 3275 2291 agresti
3310 2221 3459 2277 olere

1888 2307 2101 2363 sodales
2150 2324 2276 2363 suos
2325 2309 2570 2364 nutrivit.
2628 2310 2735 2364 Scd
2786 2327 2883 2366 cnr
2935 2322 3114 2367 vetera
3162 2313 3463 2368 enumero?

1890 2397 2145 2463 loannes,
2187 2400 2276 2469 qui
2310 2415 2480 2470 nuper
2515 2401 2653 2469 apud
2674 2399 2961 2456 Jordanem
2988 2403 3308 2472 baptizabat,
3335 2419 3458 2459 om·

1894 2502 2123 2559 nemque
2152 2500 2363 2545 aetatem
2391 2491 2442 2544 in
2486 2492 2702 2546 deserto
2737 2494 3019 2558 transegit,
3051 2495 3274 2550 lucustis
3299 2494 3461 2549 alitur

1893 2589 1945 2633 ct
1987 2595 2145 2649 apum
2192 2580 2516 2636 silvestrium
2548 2582 2745 2637 fructu.
2792 2584 2944 2639 llaud
2983 2600 3111 2654 ergo
3151 2586 3463 2641 incredibile

1894 2679 2001 2735 est,
2026 2685 2125 2724 nos
2147 2685 2359 2741 qnoque
2404 2655 2619 2727 insolito
2641 2687 2670 2726 a
2704 2674 2813 2728 Deo
2836 2674 2956 2730 cibo
2987 2675 3208 2741 nutriri,
3238 2687 3291 2731 et
3324 2690 3464 2747 pane

1898 2776 2004 2816 non
2032 2763 2287 2831 indigere.

1973 2936 2097 2993 llaec
2124 2940 2350 2995 audiens
2377 2940 2648 3008 diabolus,
2674 2942 2874 2997 victum
2914 2944 3132 3013 quidem
3168 2960 3226 3000 se
3251 2946 3465 3015 deluit;

226 3042 358 3102 θεὶς,
384 3040 484 3092 ούκ
510 3037 854 3108 ἀπηγόρευσε
885 3034 942 3088 δὲ
973 3034 1070 3105 τὴν
1108 3035 1289 3106 νίκην,
1324 3039 1562 3106 ἀκούσας
1597 3041 1673 3108 ὡς
1717 3046 1810 3101 ἄν.
1834 3070 1876 3128 C
1910 3031 2004 3087 sed
2034 3039 2348 3086 tamencum
2374 3031 2675 3102 intelligetis
2703 3034 2972 3091 bominem
2999 3052 3137 3104 csse,
3161 3038 3226 3095 de
3248 3038 3469 3095 victoria

228 3133 441 3200 ορωπος
492 3127 611 3195 εἴη·
649 3125 729 3178 διὸ
775 3123 1035 3194 δευτέραν
1082 3126 1231 3194 αὐτῷ
1285 3130 1378 3180 καὶ
1424 3136 1614 3202 τρίτην
1646 3134 1803 3205 αὔρῃς
1911 3137 2017 3176 non
2039 3122 2364 3192 desperavit.
2390 3123 2683 3196 Propterea
2718 3128 3006 3183 secundam
3043 3129 3116 3183 illi
3148 3131 3473 3200 tertiamque

229 3222 422 3288 πεῖραν
445 3217 729 3286 προσάγει,
749 3215 827 3284 πὴ
853 3213 950 3283 μὲν
971 3213 1162 3280 λέγων,
1189 3234 1207 3265 ι
1227 3216 1289 3268 Εί
1312 3216 1437 3281 Υἱὸς
1458 3214 1511 3272 εἴ
1526 3222 1619 3274 τοῦ
1643 3225 1799 3293 Θεοῦ,

233 3310 359 3378 βάλε
408 3306 631 3361 σεαυτὸν
666 3302 872 3360 ἄνωθεν
905 3304 1084 3358 κάτω·
1115 3323 1134 3355 s
1184 3304 1260 3376 πὴ
1298 3305 1354 3359 δὲ
1393 3310 1491 3375 τὰς
1526 3311 1803 3383 βασιλείας

229 3406 328 3472 τῆς
368 3399 693 3470 οἰκουμένης
736 3396 1074 3461 ὑποδεικνὺς,
1105 3397 1198 3449 καὶ
1246 3397 1448 3464 ταύτας
1492 3404 1804 3464 ἀντιδώσειν

232 3492 678 3563 ὑπισχνούμενος,
705 3489 753 3541 εἰ
784 3489 1044 3559 πρότερον
1072 3488 1201 3556 παρ’
1232 3491 1396 3544 αὐτοῦ
1429 3493 1526 3564 τὴν
1558 3500 1801 3567 προσκύ-

233 3599 387 3655 νησιν
420 3581 572 3635 λάδοι
593 3597 607 3610 ·
644 3579 719 3644 ὡς
748 3577 805 3630 δὲ
847 3577 1007 3630 πάλιν
1039 3577 1201 3631 αὐτὸν
1229 3579 1336 3632 τῶν
1367 3581 1610 3639 παλαιῶν
1649 3589 1800 3658 νομί-

237 3696 352 3748 μων
378 3674 668 3744 ἀνέμνησε,
705 3689 724 3722 ι
751 3669 1084 3740 Γέγραπται,
1116 3671 1309 3741 λέγων,
1328 3673 1532 3745 Κύριον
1554 3677 1644 3730 τὸν
1668 3678 1799 3736 Θεόν

225 3786 331 3830 ,σου
364 3764 780 3838 προσκυνήσεις,
816 3761 908 3816 καὶ
940 3761 1086 3834 αὐτῷ
1118 3763 1262 3834 μόνῳ
1291 3763 1629 3834 λατρεύσεις,
1656 3789 1674 3821 ι
1708 3771 1805 3824 καὶ

236 3858 470 3925 ἐδίδαξεν
512 3857 594 3910 ὅτι
633 3854 734 3908 οὐκ
760 3853 1003 3920 ἀνέξεται
1032 3853 1201 3926 ἑτέρῳ
1231 3856 1340 3909 τινὶ
1374 3855 1432 3908 τὸ
1463 3857 1605 3912 θεῖον
1635 3862 1803 3933 γέρας

240 3950 641 4022 προσενεγκεῖν,
680 3947 773 4000 καὶ
818 3945 1016 4018 ἑτέρων
1045 3946 1099 3999 δὲ
1137 3947 1489 4020 ὑπομέμνησε
1546 3953 1804 4022 ῥημάτων

238 4039 330 4095 τοῦ
348 4039 480 4091 Θεοῦ
504 4038 598 4091 καὶ
617 4035 956 4106 διδαγμάτων
980 4034 1404 4103 διαγορευύντων
1425 4037 1504 4109 μη
1530 4041 1805 4110 πειράζειν

239 4133 330 4185 τὸν
375 4127 482 4183 τῶν
533 4126 669 4180 ὅλων
714 4125 865 4189 Θεὸν,
895 4126 924 4177 ὁ
957 4125 1055 4195 μὲν
1089 4124 1316 4197 ἀπέδρα,
1350 4127 1448 4197 τῆς
1493 4129 1662 4200 ἥττης
1707 4132 1805 4203 τὴν

242 4220 500 4292 αἰσχύνην
525 4217 586 4272 ού
610 4217 808 4288 φέρων,
833 4218 924 4270 καὶ
949 4217 1178 4284 δειλιῶν,
1208 4220 1299 4272 καὶ
1325 4219 1562 4291 τρέμων,
1592 4222 1684 4276 καὶ
1708 4225 1805 4293 τῆς

244 4311 554 4386 τυραννίδος
600 4307 1032 4378 ἐκόληθήσεσθαι
1075 4311 1412 4378 προσδοκῶν.
1463 4314 1647 4368 Πάντα
1697 4314 1808 4386 γὰρ

1910 3217 2159 3270 admovet
2197 3217 2575 3284 tentationem;
2609 3218 2777 3296 modo-
2795 3219 2980 3275 dicens
3008 3238 3022 3274 ε
3050 3240 3068 3272 ι
3106 3221 3161 3276 Si
3193 3223 3357 3279 Filius
3377 3224 3471 3279 Dei

1908 3314 1987 3364 εε,
2015 3303 2167 3356 mitte
2206 3312 2257 3357 te
2297 3302 2426 3358 hinc
2454 3304 2704 3360 deorsum
2733 3307 2812 3372 ⁸⁸;
2847 3326 2867 3360 s
2898 3309 3057 3363 modo
3097 3326 3257 3379 regna
3290 3314 3474 3368 {nundi

1909 3392 2226 3458 ostendenS,
2250 3406 2420 3462 eaque
2444 3410 2503 3450 se
2532 3396 2783 3451 daturum
2810 3400 3147 3468 promittens,
3167 3403 3211 3455 si
3236 3416 3296 3457 se
3326 3403 3477 3473 prius

1910 3482 2211 3538 adorasset.
2238 3483 2342 3539 Sed
2370 3485 2459 3540 ubi
2483 3485 2733 3543 Christus
2761 3488 3041 3559 illi-prisca
3068 3492 3206 3545 dicta
3242 3493 3294 3547 in
3326 3509 3475 3549 ineli-

1914 3580 2017 3627 tem
2052 3574 2344 3639 revocavit‚
2378 3593 2398 3627 ι
2445 3575 2717 3646 Scriptum
2757 3588 2860 3642 est,
2895 3579 3162 3649 inquiens,
3192 3581 3476 3640 Dominum

1913 3663 2080 3720 Deum
2107 3675 2255 3718 tuum
2287 3665 2559 3731 adorabis,
2591 3675 2645 3720 et
2677 3665 2749 3720 illi
2781 3669 2879 3722 soli
2903 3670 3106 3724 servies
3132 3669 3206 3737 ⁸⁸3
3235 3689 3254 3721 s
3290 3671 3478 3726 admo-

1911 3757 2151 3826 nuitque,
2196 3773 2467 3827 nunquam
2514 3773 2574 3813 se
2616 3758 3033 3814 commissurum
3078 3770 3134 3815 ut
3174 3764 3346 3819 cuivis
3388 3766 3480 3821 alii

1910 3847 2148 3902 divinum
2178 3847 2500 3918 obsequium
2524 3846 2779 3918 offerrem
2807 3860 2967 3920 atque
3005 3852 3108 3906 alia
3143 3853 3362 3926 insuper
3382 3855 3478 3912 Dei

1910 3939 2067 3996 effata
2096 3956 2171 4006 ,ae
2214 3951 2478 4011 praecepta
2526 3945 2987 4007 coinmemoravit‚
3038 3961 3158 4014 quae
3193 3948 3477 4005 universa·

1912 4034 2015 4088 lem
2047 4033 2211 4088 Deum
2255 4044 2462 4089 tentare
2500 4036 2788 4103 vetabant;
2827 4036 2915 4091 illc
2956 4037 3173 4106 quidem
3219 4037 3475 4110 fugiebat,

1915 4124 2259 4192 ignominiam
2302 4123 2472 4179 cladis
2518 4140 2623 4179 non
2664 4125 2859 4189 serens,
2889 4124 3084 4179 timens
3116 4133 3477 4197 tremensque,

1914 4223 2050 4271 etse
2078 4216 2359 4287 tyrannide
2386 4216 2663 4286 depulsum
2704 4216 2767 4270 iri
2800 4227 3141 4285 exspectans·
3184 4215 3318 4271 Nam
3357 4231 3478 4272 cum

1917 4306 2019 4361 tela
2054 4308 2229 4361 onmia
2258 4308 2654 4377 insumpsisset,
2691 4318 3022 4376 cunctasque
3072 4306 3279 4362 l'raudis
3311 4307 3481 4362 luctas

243 4402 405 4458 αὐτοῦ
430 4400 666 4461 κενώσας
694 4398 761 4451 τὰ
791 4397 938 4466 βέλη,
963 4398 1056 4451 καὶ
1077 4398 1255 4462 πάσας
1282 4400 1444 4454 αὑτοῦ
1468 4401 1567 4470 τῆς
1591 4404 1806 4473 ἀπάτης
1837 4419 1883 4477 1)
1917 4397 2015 4468 ipsi
2054 4398 2399 4462 admovisset,
2427 4397 2867 4452 invulnerabilem
2901 4398 3272 4468 invictumque
3307 4396 3482 4454 athle-

244 4498 341 4560 τὰς
363 4494 534 4555 πάλας
561 4486 955 4561 προσενεγκὼν,
984 4487 1224 4558 ἄτρωτον
1249 4485 1374 4560 εὗρε
1421 4492 1512 4545 καὶ
1541 4493 1805 4563 ἀήττητον

245 4590 335 4641 τὸν
379 4583 637 4653 ἀθλητήν.
663 4580 773 4634 Καὶ
805 4578 880 4642 ὡς
919 4576 998 4647 τῷ
1032 4577 1201 4649 ’Λδὰμ
1235 4580 1563 4649 προσελθὼν,
1588 4583 1686 4653 οὐχ
1722 4578 1810 4637 εῦ-

250 4698 339 4752 ρεν
388 4678 444 4731 ὃν
495 4671 923 4746 προσεδόκησεν·
960 4669 1178 4738 ἄγγελοι
1206 4669 1262 4723 δὲ
1292 4670 1369 4740 τῷ
1412 4676 1602 4744 νικητῇ
1648 4690 1812 4744 προσ·

251 4772 440 4831 ιόντες,
470 4764 518 4819 οἳ
549 4761 828 4835 πόρρωθεν
856 4761 1040 4832 ἑώρων
1060 4759 1156 4832 τὴν
1172 4760 1367 4831 πάλην,
1399 4761 1648 4834 καθάπερ
1675 4764 1814 4828 τινὲς

249 4855 472 4930 ἐρασταὶ
508 4853 808 4924 διηκόνουν,
831 4851 1104 4922 ἐχόρευον,
1139 4851 1414 4922 εὐφήμουν
1440 4852 1531 4905 τὸν
1555 4853 1814 4926 ἀθλητὴν,

1909 4497 2015 4541 tam
2042 4501 2161 4541 esse
2196 4488 2466 4556 cognovit.
2507 4487 2716 4542 Etenim
2761 4502 2882 4542 cum
2920 4503 3045 4544 eum
3080 4487 3271 4543 Adami
3313 4489 3484 4544 instar

1909 4577 2100 4633 luisset
2117 4595 2417 4649 aggressus,
2442 4595 2545 4634 non
2568 4580 2783 4650 qualem
2807 4580 3176 4650 exspectabat,
3201 4581 3481 4651 comperit.

1910 4669 2079 4725 Porro
2124 4671 2297 4740 angeli
2344 4671 2409 4726 ad
2442 4672 2701 4726 victorem
2749 4674 3083 4738 accedentes,
3134 4674 3225 4743 qui
3272 4672 3485 4728 eminus

1915 4770 2071 4815 antea
2117 4760 2314 4816 luctam
2357 4770 2764 4832 spectaverant,
2812 4777 2911 4818 ceu
2945 4765 3159 4833 quidam
3215 4771 3489 4819 amatores

1910 4854 2022 4923 jam
2055 4853 2456 4921 ministrabant,
2494 4854 2746 4910 choream
2792 4854 3041 4922 agebant,
3079 4855 3336 4909 athletam
3372 4872 3489 4908 ma-

250 4945 597 5018 ἐστεφάνουν,
636 4943 1022 5015 ἀνεκήρυττον,
1060 4939 1276 5012 ἔχαιρον
1309 4943 1400 4996 ἐπὶ
1446 4945 1510 5014 τῇ
1552 4942 1658 4996 τῶν
1684 4947 1816 5014 ὁμο·
1914 4940 2262 5010 gnilicabant.
2297 4944 2648 5008 coronabant,
2678 4945 3059 5013 praedicabant,
3096 4943 3338 5014 822⁶&
3365 4959 3488 5015 gra-
3543 4992 3552 5008 ,

249 5042 447 5097 δούλων
471 5036 774 5110 ἀνθρώπων
812 5033 1113 5106 ἐλευθερία,
1149 5034 1436 5103 έγάννυντο
1464 5034 1558 5086 τοῦ
1587 5035 1818 5089 ἀντιπά-

251 5136 345 5188 λου
380 5131 479 5204 τὴν
515 5125 685 5189 ἧτταν
722 5126 977 5199 ὁρῶντες.

1918 5032 2227 5089 tulabantur
2255 5049 2643 5090 conservorum
2687 5037 2965 5091 bominum
2997 5035 3254 5102 libertati,
3295 5037 3487 5093 adver·

1916 5125 2044 5179 sarii
2073 5126 2276 5180 cladem
2303 5136 2610 5196 spectantes
2634 5129 2960 5198 gaudebant.

253 5226 506 5283 muron
543 5224 596 5278 el
631 5220 780 5276 νοῦν
802 5221 914 5272 οὐκ
945 5216 1254 5279 ἀνέλαὸεν,
1288 5216 1468 5271 οὐδὲν
1493 5217 1640 5283 πρὸς
1667 5216 1819 5286 ἡμᾶς
1918 5214 2032 5271 XV.
2077 5216 2198 5271 Nisi
2227 5218 2465 5277 Clarium
2496 5231 2713 5273 „velitem
2750 5235 2954 5290 quoque
2983 5220 3367 5284 assumpsisset,
3400 5219 3485 5272 ni·

324 5299 363 5364 ἡ
409 5287 556 5349 κατὰ
601 5291 705 5345 τοῦ
742 5289 1024 5343 διαὸόλου
1056 5288 1214 5352 νίκη.
1249 5286 1406 5340 Κατὰ
1445 5285 1551 5339 τοῦ
1590 5288 1818 5341 Ἀπολι-

320 5366 532 5433 ναρίου
571 5363 668 5432 (1).

325 5457 507 5510 Ταῦτα
540 5456 637 5523 τὴν
676 5446 1042 5518 Ἀπολιναρῖου
1083 5446 1292 5516 ἐλέγχει
1327 5447 1732 5516 ματαιολογίαν,
1759 5449 1817 5511 ὃς

327 5570 372 5602 “
401 5569 583 5623 Manli.
622 5584 692 5653 iv:
722 5567 775 5620 k.
862 5566 905 5599 ⁸⁸
938 5565 1064 5618 ibid.
1101 5563 1152 5627 5,
1181 5562 1233 5615 6.
1309 5563 1354 5593 ⁸⁸
1378 5563 1505 5619 ibid.
1533 5563 1585 5630 9,
1616 5564 1698 5618 ¹0.

1983 5287 2057 5339 leil
2097 5299 2330 5342 nostrum
2358 5290 2626 5344 interesse!
2656 5290 2878 5344 victoria
2919 5293 2983 5342 de
3023 5290 3255 5342 diabolo.
3290 5286 3490 5341 Contra

1994 5357 2368 5423 Apollinarem.

1997 5446 2118 5502 llaec
2151 5450 2372 5503 stultum
2418 5451 2741 5520 Apollinaris
2774 5451 3185 5505 deliramentum
3233 5447 3489 5510 refutant,

333 5691 408 5762 (l)
450 5689 523 5744 De
561 5687 724 5742 variis
762 5683 1086 5757 Apollinaris
1133 5680 1412 5744 erroribus
1464 5683 1682 5740 memini
1736 5697 1822 5741 me
1859 5683 1985 5741 olim
2053 5680 2320 5737 disserere
2350 5678 2544 5750 Script.
2578 5688 2679 5735 ret.
2717 5689 2752 5735 t.
2784 5678 2825 5753 1,
2853 5679 2944 5736 ed.
2998 5679 3155 5750 prim.
3188 5694 3241 5750 p.
3277 5676 3402 5746 ¹85.
3429 5676 3489 5734 in
