3809 6125
267 288 292 345 1
301 288 410 346 1253

1427 280 1520 337 DE
1557 275 2073 337 lNcsRNATtONF:
2113 277 2364 337 notttxl.

3380 284 3522 341 4⁴3⁴

277 403 471 478 λογικὴ
508 398 605 458 2⁴²²
633 364 728 458 τόῦ
757 400 898 468 ζῶον
943 402 1040 473 τὴν
1075 400 1368 473 ἠγεμονίαν
1413 399 1843 472 πεπιστευμένη,
1874 405 1919 461 Α
1951 395 2402 453 ιιιοιιαιιεωιωιιι
2441 403 2497 453 et
2540 359 2845 465 anonam,
2902 398 2990 453 mn
3036 399 3329 455 antmamn
3377 403 3522 471 'regi-

264 499 326 555 ού
357 495 686 569 κατελείφθη
709 497 792 559 είς
811 494 960 567 ᾅδου,
983 493 1118 549 ἀλλὰ
1138 494 1272 566 πρὸς
1304 492 1406 565 τὴν
1431 492 1639 547 οἰκείαν
1672 495 1841 547 ἐπαν-

263 591 369 663 ῆκε
434 588 615 661 σάρκα
633 604 647 621 ·
709 589 804 641 καὶ
863 586 1040 657 μάτην
1089 582 1467 655 ἀδολεσχοῦσιν
1487 624 1502 649 ,
1557 582 1763 654 ἄψυχον
1804 583 1839 653 ἢ

262 682 427 738 ἄνουν
455 678 551 733 τοῦ
596 675 734 733 Θεοῦ
780 675 958 746 Λόγου
991 675 1084 731 τὸν
1125 675 1251 729 ναὸν
1313 674 1839 748 προσαγορεύοντες.

273 772 469 844 Ἡμεῖς
489 769 548 825 δὲ
575 767 768 841 Πέτρῳ
795 767 1062 839 ἑψόμεθα,
1085 767 1180 822 καὶ
1202 766 1381 839 σάρκα
1408 765 1732 838 κηρύττοντι
1762 766 1840 839 μὴ

260 861 561 935 δεξαμίνην
585 859 904 933 διαφθορὰν,
939 859 1035 913 καὶ
1068 858 1248 932 ψυχὴν
1281 858 1356 931 μὴ
1385 856 1841 929 καταλειφθεῖσαν

263 956 343 1020 εἰς
368 952 515 1025 ᾅδου,
558 952 674 1007 ἁλλ’
704 950 1106 1006 ἐπανελθοῦσαν
1137 951 1230 1006 καὶ
1271 950 1351 1023 τῷ
1402 950 1587 1022 οίκείῳ
1625 949 1840 1023 σώματι

269 1043 664 1114 συναφθεῖσαν·
691 1040 1019 1113 πιστεύομεν
1044 1040 1103 1095 δὲ
1131 1041 1228 1096 καὶ
1259 1039 1410 1113 αύτῷ
1434 1041 1512 1113 τῷ
1531 1040 1723 1115 Κυρίῳ
1753 1040 1843 1096 λί-

267 1151 446 1205 γοντι·
481 1152 502 1187 «
525 1132 828 1206 Περίλυπός
849 1134 998 1187 ἐστιν
1023 1134 1058 1205 ὴ
1091 1132 1237 1203 ψυχή
1272 1150 1375 1204 μου
1400 1132 1505 1197 ἐως
1525 1131 1780 1189 θανάτου.
1814 1152 1835 1187 ο

267 1227 381 1299 Τῆς
405 1224 514 1297 γὰρ
542 1224 720 1295 λύπης
741 1224 840 1295 τὴν
859 1223 1110 1296 αίσθησιν
1136 1223 1198 1276 τὸ
1225 1225 1285 1279 ἐν
1308 1226 1444 1296 ἡμῖν
1469 1224 1684 1294 λογικὸν
1703 1224 1839 1278 ὐπο-

266 1315 513 1388 δόχεται·
548 1316 599 1369 εί
648 1314 705 1368 δέ
744 1315 868 1370 ἀντὶ
903 1311 993 1366 νοῦ
1032 1313 1062 1366 ό
1092 1312 1224 1379 Θεὸς
1266 1314 1436 1382 Λόγος
1467 1315 1842 1387 ύπάρχων,τὰ

266 1405 361 1461 τοῦ
391 1403 484 1461 νοῦ
515 1404 837 1476 κατεδέχετο
871 1400 1042 1475 πάθη,
1077 1402 1241 1468 αὐτὸς
1276 1398 1347 1476 ἦν
1373 1406 1402 1458 ό
1427 1402 1712 1474 λυπηθεὶς,
1748 1403 1842 1459 καὶ

267 1495 548 1568 φοὸηθεὶς,
585 1487 681 1549 καὶ
718 1494 1016 1565 ἀγνοήσας,
1041 1494 1137 1547 καὶ
1183 1493 1516 1566 ἀγωνιάσας,
1550 1496 1645 1548 καὶ
1671 1495 1840 1565 ἀγγε-

263 1590 392 1661 λικῇ
414 1586 703 1658 συμμαχία
731 1585 958 1658 ρωσθείς
979 1601 992 1616 ·
1021 1588 1072 1638 εί
1102 1584 1160 1639 δὲ
1185 1584 1473 1639 καὶταῦτα
1501 1588 1763 1657 φήσουσιν
1790 1588 1840 1638 oi

266 1679 366 1749 τῆς
409 1674 786 1746 ’Λπολιναρίου
846 1671 1235 1746 ματαιολογίας
1281 1672 1649 1744 κληρονόμοι,
1701 1672 1841 1744 μετὰ

1944 502 2071 543 men
2124 496 2213 545 est
2266 488 2639 556 commissum,
2690 502 2795 545 non
2850 500 2929 545 est
2976 488 3029 546 in
3091 490 3303 549 inferno
3358 493 3522 550 dere-

1944 580 2103 644 licta.
2150 580 2247 638 sed
2299 581 2367 637 ad
2402 596 2554 637 suam
2587 581 2755 637 rediit
2799 597 3019 639 carnem
3055 602 3068 640 ε
3102 583 3334 655 ideoque
3401 586 3519 642 sru-

1948 679 2063 727 stra
2091 679 2365 744 nugantur
2402 671 2480 737 bi,
2527 672 2620 741 qui
2674 671 2915 729 inanime
2956 681 3013 729 et
3050 673 3277 730 rationis
3324 688 3524 746 expers

1945 764 2113 821 l'uisse
2136 766 2324 822 dicunt
2354 763 2449 821 Dei
2484 765 2645 821 Verbi
2682 764 2967 835 templum.
3006 764 3119 823 Nos
3145 775 3328 823 autem
3357 766 3522 824 Petro

1944 858 2309 915 assentiemur
2365 850 2460 927 quii
2504 866 2559 914 et
2602 871 2823 912 carnem
2868 857 3126 925 praedicnt
3175 860 3524 928 corruptione

1943 958 2243 1019 expertem,
2273 955 2329 1003 et
2362 947 2602 1003 animam
2647 948 2701 1004 in
2751 948 2966 1005 inferno
3013 963 3123 1005 non
3177 949 3521 1019 derelictam,

1943 1038 2037 1096 sed
2070 1039 2323 1094 reducem
2352 1048 2517 1110 atque
2556 1038 2625 1095 ad
2681 1053 2882 1110 corpus
2929 1051 3090 1094 suum
3146 1040 3521 1097 recollectam.

1944 1129 2231 1187 Credimus
2267 1131 2432 1188 etiam
2462 1130 2692 1186 Domino
2722 1130 2823 1200 ipsi
2871 1131 3075 1187 dicenti
3109 1148 3124 1187 z
3162 1150 3184 1185 ι
3216 1132 3413 1190 Tristis
3442 1144 3526 1191 est

1944 1222 2125 1279 anima
2172 1236 2291 1278 mea
2332 1236 2506 1294 usque
2541 1223 2609 1278 ad
2652 1232 2881 1278 mortem
2926 1222 3009 1290 ⁸¹3
3058 1240 3079 1275 ο
3123 1239 3246 1279 nam
3290 1226 3525 1282 tristitiae

1943 1328 2161 1370 sensum
2192 1328 2319 1385 pars
2368 1322 2554 1370 nostra
2602 1312 2889 1369 rationalis
2916 1314 3141 1385 exeipit.
3191 1313 3345 1383 Quod
3390 1317 3523 1373 siin

1947 1404 2147 1461 mentis
2191 1405 2309 1461 loco
2356 1401 2498 1461 Deus
2540 1403 2781 1460 Verbum
2822 1405 3130 1473 exsistens,
3175 1408 3374 1463 mentis
3400 1423 3526 1476 pas-

1944 1494 2126 1552 siones
2144 1494 2480 1566 excipiebat,
2504 1495 2694 1567 utique
2720 1497 2893 1565 ipsum
2918 1493 3154 1554 Verbum
3178 1497 3522 1566 tristabatur,

1946 1584 2241 1651 metuebat,
2279 1585 2591 1657 ignorabat,
2624 1586 2994 1658 agonizabat,
3035 1599 3090 1643 et
3134 1588 3379 1659 angelica
3420 1604 3525 1657 opc

1946 1673 2373 1732 confortabatur.
2403 1673 2523 1731 Iam
2568 1675 2617 1732 si
2640 1680 2756 1734 baec
2780 1691 2997 1748 quoque
3027 1679 3212 1734 dicant
3245 1678 3527 1751 Apollina-

280 1767 494 1841 ’Λρείου
513 1768 609 1822 καὶ
633 1765 899 1838 Εύνομίου
921 1762 1028 1819 τῶν
1049 1763 1430 1837 χριστομάχων
1449 1763 1836 1836 ταχθητωσαν·
1875 1785 1919 1844 Β
1950 1768 2113 1823 rianae
2138 1766 2384 1823 stultitiae
2420 1767 2684 1836 haeredes,
2703 1768 2738 1824 il
2766 1769 3010 1839 profecto
3032 1785 3156 1826 cum
3200 1770 3404 1828 Christi
3428 1771 3527 1828 bo-

268 1855 347 1915 ὧν
376 1859 485 1931 γὰρ
536 1859 628 1929 ἴση
680 1859 715 1929 ἡ
769 1854 1109 1929 βλασφημία,
1138 1853 1343 1909 τούτων
1378 1853 1509 1927 μίαν
1556 1848 1695 1910 εἶναι
1742 1853 1842 1926 τὴν

273 1950 514 2025 ἑταιρίαν
539 1950 749 2005 δίκαιον
773 1946 852 2020 (l)
868 1964 886 1993 ·-
910 1947 1075 2019 ἡμεῖς
1091 1945 1148 2000 δὲ
1170 1945 1498 2018 ἀκούσωμεν
1514 1945 1611 2001 τοῦ
1633 1946 1843 2017 Κυρίου

272 2043 523 2112 λὲγοντος
540 2058 557 2077 ·
585 2062 604 2095 ι
640 2040 920 2107 Ἐξουσίαν
946 2038 1055 2110 ἔχω
1078 2037 1249 2092 θείναι
1273 2037 1371 2110 τὴν
1392 2038 1569 2111 ψυχήν
1599 2056 1724 2111 μου,
1749 2038 1846 2097 καὶ

273 2133 521 2204 ἐξουσίαν
549 2131 657 2204 ἔχω
677 2130 840 2187 πάλιν
861 2130 1049 2186 λαδεῖν
1072 2131 1245 2202 αὐτὴν
1267 2144 1283 2162 ·
1310 2129 1483 2195 οὐδεὶς
1508 2130 1653 2201 αίρει
1677 2129 1846 2202 αὐτὴν

272 2225 368 2281 ἀπ’
388 2222 544 2295 ἐμοῦ.
571 2240 592 2277 ι
630 2222 728 2276 Ἐκ
754 2222 864 2294 γὰρ
890 2221 1000 2276 τῶν
1028 2221 1204 2293 λόγων
1225 2220 1432 2275 τούτων
1460 2220 1841 2294 μαθησόμεθα,

271 2318 348 2383 ὡς
381 2318 569 2388 ἕτερος
594 2314 694 2388 μὲν
722 2315 750 2368 ό
778 2314 974 2379 τιθεὶς,
1008 2313 1197 2387 ἕτερον
1217 2314 1276 2369 δὲ
1310 2314 1372 2369 τὸ
1403 2313 1687 2387 τιθέμενον
1707 2330 1722 2347 ·
1751 2315 1846 2373 καὶ

273 2408 406 2474 Θεὸς
436 2408 535 2480 μέν
562 2410 591 2462 ό
609 2406 781 2472 τιθεὶς
807 2406 901 2460 καὶ
918 2404 1232 2476 λαμὸάνων,
1258 2404 1405 2477 ψυχὴ
1432 2405 1490 2460 δέ
1522 2408 1556 2478 ὴ
1585 2403 1846 2478 τιθεμένη

274 2501 368 2555 καὶ
394 2496 814 2571 λαμὸανομένη·
846 2496 941 2551 καὶ
964 2494 1097 2561 Θεὸς
1131 2496 1228 2568 μὲν
1257 2496 1357 2567 τὴν
1390 2495 1641 2562 ἐξουσίαν
1683 2495 1840 2567 ἔχων,

272 2590 418 2665 ψυχὴ
442 2589 501 2645 δὲ
532 2591 567 2662 ὴ
593 2588 700 2643 ύπό
721 2587 822 2661 τὴν
842 2586 1089 2654 ἐξουσίαν
1117 2586 1335 2659 ἐκείνην
1370 2586 1701 2658 τεταγμίνη.

275 2878 360 2933 K'.
397 2876 527 2931 Ὀτι
561 2878 617 2932 οί
650 2873 948 2947 προφῆται
980 2876 1219 2943 τελείως
1251 2874 1366 2946 τὴν
1401 2878 1590 2949 φύσιν
1618 2876 1846 2947 ἀναλη-

757 2945 980 3015 φθῆναι
1019 2945 1386 3009 θεσπίζουσι.

1944 1858 2120 1913 stibus
2145 1859 2276 1915 Ario
2306 1868 2467 1929 atque
2484 1858 2704 1931 830¹„
2728 1858 2996 1917 Eunomio
3016 1862 3522 1921 collocentur.Nam

1943 1962 2176 2019 quorum
2213 1964 2317 2020 par
2365 1958 2451 2006 cst
2495 1949 2836 2023 blasphemia
2866 1992 2883 2021 ,
2927 1952 3122 2009 borum
3182 1970 3350 2012 unam
3400 1971 3525 2014 esse

1944 2038 2294 2096 sodalitatem
2319 2054 2533 2111 aequum
2563 2052 2671 2098 est.
2717 2040 2828 2098 Nos
2851 2058 2983 2100 vere
3011 2044 3301 2102 Dominum
3340 2048 3525 2104 dicen·

1944 2135 2056 2182 tem
2130 2127 2418 2184 audiamus
2471 2145 2485 2183 z
2542 2146 2563 2183 t
2645 2128 2983 2188 Potestatem
3041 2132 3218 2189 babeo
3285 2136 3524 2205 ponendi

1950 2218 2187 2274 animam
2242 2233 2443 2285 meam,
2491 2228 2548 2275 et
2596 2226 2922 2289 potestatem
2972 2220 3148 2278 babeo
3182 2224 3379 2281 iterum
3431 2242 3527 2283 su·

1952 2310 2131 2367 mendi
2166 2325 2326 2377 eam;
2360 2324 2521 2366 nemo
2553 2309 2697 2367 tollit
2724 2325 2845 2367 eam
2883 2326 2916 2367 a
2938 2327 3025 2370 me
3048 2313 3118 2369 ⁸¹.
3147 2330 3168 2367 ι
3190 2314 3437 2387 Namque
3457 2334 3527 2377 ex

1953 2403 2300 2459 sermonibus
2349 2402 2435 2459 bis
2483 2402 2745 2461 discimus
2810 2404 2977 2460 alium
3026 2419 3151 2463 esse
3190 2406 3283 2479 qui
3334 2412 3525 2479 ponit,

1952 2492 2095 2548 aliud
2124 2492 2266 2562 quod
2297 2502 2381 2550 est
2396 2493 2671 2566 positum;
2703 2493 2981 2566 Deumque
3001 2509 3123 2553 esse
3150 2498 3242 2570 qui
3269 2502 3441 2570 ponit,
3473 2513 3529 2559 et

1954 2584 2047 2655 qui
2082 2583 2250 2640 sumit
2276 2602 2294 2653 ς
2326 2585 2563 2640 animam
2586 2593 2768 2641 autem
2802 2593 2856 2641 et
2877 2587 3111 2656 positam
3134 2598 3190 2645 et
3212 2600 3522 2663 sumptam;

1953 2683 2010 2730 et
2037 2674 2131 2730 Dei
2159 2673 2382 2747 quidem
2420 2688 2543 2731 esse
2576 2681 2924 2746 potestatem,
2956 2678 3192 2735 animam
3220 2688 3398 2738 autem
3426 2686 3530 2740 sub

1968 2776 2034 2818 ea
2063 2772 2330 2834 potestate
2359 2765 2613 2820 locatam.

1956 2873 2072 2929 XX.
2113 2873 2269 2942 Quod
2294 2875 2560 2945 prophetie
2586 2876 2871 2947 perfectam
2896 2878 3062 2948 [nisse
3086 2893 3408 2954 assumptam
3435 2904 3535 2943 ιια·

2496 2954 2674 3000 turam
2703 2948 2982 3018 affirmant.

349 3051 572 3117 Τούτοις
605 3054 818 3126 συνῳδὰ
853 3056 949 3110 καὶ
975 3054 1203 3120 Ἡσαΐας
1229 3058 1259 3110 ό
1284 3063 1571 3134 προφήτης
1601 3058 1847 3126 θεσπίζει
1874 3070 1918 3131 c,
2021 3057 2117 3116 llis
2145 3074 2384 3116 consona
2419 3058 2587 3116 isaias
2617 3075 2836 3133 quoque
2866 3064 3125 3134 propbeta
3158 3065 3412 3137 affirmat,
3444 3071 3531 3129 di-

279 3143 418 3216 βοῶν
431 3156 445 3173 ·
458 3161 477 3194 s
498 3143 628 3196 ’1δοῦ
645 3144 679 3214 ἡ
705 3142 970 3214 παρθένος
985 3145 1043 3196 ἐν
1053 3145 1252 3215 γαστρὶ
1269 3145 1520 3216 λήψεται,
1535 3148 1627 3201 καὶ
1637 3146 1849 3216 τέξεται

277 3233 518 3300 υίὸν,καὶ
563 3233 853 3288 καλὲσουσι
880 3233 940 3287 τὸ
971 3233 1142 3304 δνομα
1170 3235 1337 3289 αὑτοῦ
1377 3237 1745 3309 Ἐμμανουὴλ,
1772 3258 1791 3291 ι
1821 3240 1851 3293 ὃ

278 3331 395 3383 ἐστι
421 3325 982 3400 μεθερμηνευόμενον,
1008 3324 1152 3381 κατὰ
1174 3326 1273 3400 τὴν
1287 3325 1396 3381 τῶν
1411 3326 1756 3399 Εύαγγελίων
1774 3330 1852 3386 δι·

277 3415 734 3482 δασκαλίαν,Μεθ“
750 3414 905 3488 ἡμῶν
927 3418 956 3470 ό
975 3415 1127 3481 Θεός·
1143 3417 1204 3471 τὸ
1224 3416 1302 3483 δέ,
1325 3416 1458 3472 Μεθ’
1471 3417 1629 3490 ἡμῶν
1645 3422 1674 3474 ό
1694 3418 1848 3487 Θεὸς,

281 3513 422 3584 μετὰ
436 3510 739 3585 ἀνθρώπιον
753 3508 1042 3581 ἐρμηνεύει
1054 3508 1206 3565 Θεόν·
1221 3511 1270 3564 εί
1281 3511 1460 3565 τοίνυν
1474 3512 1534 3566 τὸ
1550 3511 1737 3585 κύημα
1750 3511 1852 3584 τῆς

282 3604 560 3678 Παρθὲνου
590 3602 796 3675 ταύτην
839 3601 1000 3656 ἔλαόε
1046 3601 1145 3675 τὴν
1186 3603 1557 3677 προσηγορίαν
1580 3646 1596 3672 ,
1629 3602 1850 3677 εὔδηλον

283 3696 360 3762 ὠς
377 3698 407 3751 ό
432 3695 565 3760 Θεὸς
584 3693 721 3766 ὁμοῦ
751 3692 843 3748 καὶ
864 3693 1153 3768 ἅνθρωπος
1191 3691 1259 3766 ἦν
1285 3711 1301 3727 ·
1341 3695 1402 3750 τὸ
1435 3694 1535 3768 μὲν
1564 3695 1848 3768 ὑπάρχων,

280 3788 342 3843 τὸ
361 3788 418 3843 δέ
447 3785 648 3851 λαόὼν,
674 3784 794 3841 καθ’
816 3786 1077 3857 ἐκάτερον
1104 3785 1307 3851 τέλειος
1322 3800 1337 3817 ·
1359 3785 1450 3842 διὰ
1479 3787 1578 3859 μὲν
1600 3786 1708 3861 γὰρ
1730 3785 1848 3854 τοῦ,

288 3898 308 3932 ι
341 3879 479 3935 Μεθ’
503 3876 683 3952 ἡμῶν,
709 3897 730 3931 ι
762 3876 858 3932 τοῦ
885 3866 1180 3949 ἀνθρώπου
1207 3877 1268 3932 τὸ
1305 3876 1516 3934 τίλειον
1541 3876 1848 3934 δείκνυται·

279 3968 500 4034 τελείως
535 3969 646 4043 γάρ
687 3968 849 4041 ἡμῶν
877 3969 1111 4034 ἕκαστος
1142 3968 1256 4042 ἔχει
1299 3969 1395 4024 τοῦ
1428 3968 1718 4042 ἀνθρώπου
1751 3969 1854 4044 τὴν

283 4060 474 4130 φύσιν·
507 4060 598 4115 διὰ
623 4060 681 4115 δέ
704 4058 825 4126 τοῦ,
861 4079 881 4113 t
913 4059 1067 4128 Θεὸς,
1099 4079 1120 4114 ο
1150 4059 1245 4115 καὶ
1274 4061 1374 4133 τῆς
1409 4060 1730 4135 προσθήκης
1749 4060 1847 4117 τοῦ

282 4154 510 4226 ἄρθρου,
539 4154 573 4224 ἡ
612 4151 705 4207 τοῦ
739 4153 869 4208 Υίοῦ
917 4153 1107 4227 θεότης
1131 4153 1451 4226 γνωρίζεται
1470 4169 1492 4201 ·.
1527 4154 1624 4208 καὶ
1661 4152 1852 4208 τούτου

284 4244 598 4320 διδάσκαλος
629 4245 658 4299 ό
692 4243 966 4317 μακάριος
999 4244 1214 4310 Παῦλος
1240 4243 1436 4315 λέγων·
1470 4262 1490 4296 t
1531 4243 1621 4298 Ἐν
1648 4236 1695 4313 ᾧ
1717 4261 1851 4299 κατ-

283 4339 422 4391 οικεῖ
453 4338 562 4392 πᾶν
586 4335 648 4390 τὸ
694 4334 974 4409 πλήρωμα
995 4335 1095 4408 τῆς
1140 4334 1392 4406 θεότητος
1434 4335 1762 4408 σωματικῶς
1780 4351 1795 4365 ·
1823 4354 1844 4388 s

1957 3166 2090 3208 cens
2116 3168 2131 3205 ε
2165 3150 2336 3207 «Ecce
2373 3151 2524 3223 virgo
2549 3150 2820 3223 concipiet
2845 3162 2902 3210 et
2929 3155 3103 3223 pariet
3131 3157 3323 3229 lilium,
3353 3170 3410 3218 et
3431 3177 3527 3221 vo-

1952 3239 2166 3295 cabitur
2182 3255 2377 3296 nomen
2397 3239 2517 3310 ejus
2534 3239 2852 3298 Emmanuel
2866 3242 2934 3312 ⁸⁸,
2956 3260 2977 3297 ι
2998 3247 3142 3316 quod
3160 3259 3247 3305 est
3267 3250 3531 3325 interpre-

1955 3337 2150 3394 tatum,
2182 3331 2479 3386 secundum
2510 3328 2791 3405 Evangelii
2821 3336 3125 3394 doctrinam
3146 3341 3214 3411 ⁸⁸,
3230 3341 3528 3403 Nobiscum

1954 3420 2117 3477 Deus.
2149 3419 2321 3477 Porro
2352 3419 2491 3479 Deus
2528 3426 2799 3480 nobiscum
2860 3427 3028 3485 Deum
3064 3445 3186 3488 cum
3219 3433 3531 3494 bominibus

1952 3512 2241 3585 significat.
2273 3514 2334 3571 Si
2368 3530 2499 3587 ergo
2523 3516 2760 3588 Virginis
2791 3529 3089 3591 conceptus
3118 3521 3262 3581 banc
3290 3526 3531 3584 obtinuit

1954 3604 2391 3674 appellationem,
2435 3615 2588 3676 patet
2631 3606 2801 3665 Deum
2848 3609 3019 3668 luisse
3056 3612 3221 3671 simul
3260 3626 3315 3673 et
3354 3617 3530 3676 bomi-

1954 3707 2110 3761 nem,
2139 3700 2254 3749 tum
2279 3693 2764 3764 praeexsistentem,
2791 3706 2904 3752 tum
2930 3698 3095 3754 etiam
3121 3703 3529 3774 suscipientem,

1956 3783 2008 3840 in
2045 3793 2274 3855 utroque
2304 3783 2625 3855 perlectum.
2656 3784 2791 3842 Nam
2823 3787 3086 3846 vocabulo
3119 3809 3140 3843 ‹
3181 3792 3463 3850 nobiscum
3501 3815 3523 3851 ι

1955 3876 2230 3934 bominem
2266 3863 2567 3948 perlectum
2609 3877 2833 3935 denotat
2869 3897 2883 3935 ε
2918 3881 3120 3938 etenim
3159 3885 3531 3958 unusquisque

1956 3978 2200 4027 nostrum
2232 3967 2526 4041 perlectam
2557 3968 2725 4026 babet
2753 3969 2991 4028 bominis
3023 3980 3290 4030 naturam.
3323 3974 3402 4031 Ex
3433 3991 3530 4032 vo·

1955 4063 2145 4120 cabulo
2174 4071 2354 4119 autem
2390 4079 2411 4116 t
2446 4059 2591 4130 Deus
2623 4081 2644 4116 ι
2673 4071 2729 4120 ει
2755 4062 2971 4121 articuli
3000 4063 3174 4122 Graeci
3227 4067 3529 4139 adjectione

1958 4152 2080 4211 Filii
2119 4153 2381 4212 divinitas
2413 4154 2769 4225 conspicitur.
2800 4156 2978 4229 Atque
3012 4155 3154 4213 banc
3191 4172 3304 4214 rem
3338 4158 3531 4217 beatus

1954 4246 2111 4305 docet
2135 4244 2332 4302 Paulus
2355 4245 2544 4302 dicens
2571 4266 2591 4300 ι
2622 4263 2639 4303 z
2664 4245 2720 4302 ln
2744 4260 2854 4317 quo
2878 4246 3144 4303 inbabitat
3162 4248 3340 4304 omnis
3359 4249 3532 4322 pleni·

1961 4338 2095 4395 tudo
2125 4334 2432 4395 divinitatis
2459 4336 2822 4410 corporaliter
2836 4338 2905 4395 ⁸⁸.
2943 4355 2964 4390 ο
2997 4335 3187 4415 Ιιειηε
3216 4338 3325 4396 Deo
3353 4339 3524 4412 inspi-

284 4429 380 4483 καὶ
407 4430 437 4483 ό
474 4427 768 4500 θεόληπτος
797 4427 856 4481 δέ
886 4428 1100 4491 Λουκᾶς
1128 4428 1156 4482 ό
1180 4426 1575 4500 εύαγγελιστὴς
1603 4425 1851 4498 ἐναργῶς
1884 4422 1928 4479 Ι)
1960 4437 2112 4484 ratus
2156 4425 2333 4484 Lucas
2376 4429 2705 4499 evangelista
2751 4430 3034 4502 perspicue
3082 4429 3243 4487 nobis
3290 4432 3531 4489 ostendit

285 4521 414 4592 ἡμῖν
436 4520 679 4575 δείκνυσι
701 4518 794 4572 τὸν
835 4516 961 4573 νοῦν
990 4518 1083 4572 τὸν
1109 4516 1451 4589 ἀνθρώπινον
1471 4518 1567 4572 τοῦ
1600 4517 1854 4588 Σωτῆρος

284 4608 524 4682 Χριστοῦ
544 4624 558 4640 ·
583 4626 603 4660 t
631 4607 707 4662 Τὸ
733 4606 944 4662 παιδίον
973 4605 1103 4680 γὰρ,
1119 4606 1302 4678 φησὶν,
1333 4604 1556 4677 ηὔξανε,
1580 4607 1674 4660 καὶ
1692 4606 1855 4677 ἐκρα·

283 4698 504 4754 ταιοῦτο
541 4697 837 4768 πνεύματι,
893 4695 1270 4770 πληρούμενον
1303 4696 1514 4766 σοφίας,
1558 4698 1652 4751 καὶ
1694 4697 1856 4769 χάρις

283 4790 422 4845 Θεοῦ
441 4785 508 4861 ἦν
528 4791 614 4843 ἐπ’
632 4789 801 4861 αύτῷ.
826 4806 847 4841 ο
872 4788 985 4845 Καὶ
1010 4792 1129 4862 μετ’
1147 4790 1332 4859 όλίγα·
1350 4808 1387 4854 νι
1410 4789 1616 4862 Ἰησοῦς
1643 4789 1701 4844 δέ
1723 4805 1857 4863 προ-

285 4879 514 4935 έκοπτεν
538 4878 745 4953 ἡλικίᾳ,
770 4880 868 4935 καὶ
898 4881 1081 4952 σοφίᾳ,
1103 4880 1198 4935 καὶ
1231 4881 1418 4953 χάριτι
1442 4879 1596 4952 παρὰ
1621 4877 1741 4953 Θεῷ
1761 4880 1857 4935 καὶ

285 4970 614 5044 ἀνθρώποις.
649 4991 669 5024 ι
703 4973 779 5026 Το
805 4971 863 5026 δὶ
910 4973 1076 5044 σοφίᾳ
1110 4972 1465 5044 προκόπτειν,
1496 4973 1559 5026 ού
1588 4970 1723 5026 Θεοῦ
1760 4970 1856 5027 τοῦ

289 5061 478 5135 σοφοῦ,
515 5061 610 5116 τοῦ
651 5062 1007 5134 άπροσδεοῦς,
1051 5065 1147 5118 καὶ
1179 5064 1267 5119 ἀεὶ
1318 5064 1552 5132 τελείου,
1581 5065 1678 5120 καὶ
1723 5065 1858 5138 μήτε

287 5152 548 5220 ἐπίδοσιν,
575 5154 713 5227 μήτε
735 5154 1030 5210 ἐλάττωσιν
1043 5155 1360 5229 δεχομένου,
1392 5156 1530 5212 ἀλλὰ
1541 5155 1632 5212 τοῦ
1649 5156 1743 5213 νοῦ
1758 5155 1855 5233 τοῦ

288 5244 652 5314 ἀνθρωπίνου,
681 5244 776 5300 τοῦ
797 5247 917 5312 ταῖς
935 5246 1177 5320 ἡλικίαις
1207 5249 1622 5323 συμπροῖόντος,
1655 5250 1750 5304 καὶ
1775 5248 1858 5303 δι-

360 5382 404 5414 ⁸¹
435 5381 622 5435 Mattb.
642 5397 790 5450 xxvi,
819 5382 909 5439 58.
967 5382 1016 5415 ⁸¹
1045 5382 1205 5440 «ioan.
1236 5399 1294 5451 x,
1324 5383 1410 5440 ¹8.

293 5450 339 5482 ⁸’
370 5450 501 5505 ibid.
537 5450 627 5505 52.

1955 4519 2243 4574 linmanam
2276 4516 2479 4576 Clu-isti
2513 4517 2821 4576 servatoris
2854 4529 3092 4577 mentem
3128 4540 3144 4578 z
3183 4539 3204 4574 ι
3244 4518 3405 4590 Puer,
3437 4522 3527 4579 in-

1953 4609 2100 4682 quit,
2131 4610 2411 4667 crescebat
2436 4620 2493 4667 et
2521 4609 2929 4669 confortabatur
2953 4611 3148 4682 spiritu
3167 4651 3184 4679 ,
3215 4612 3404 4684 plenus
3434 4629 3526 4671 sa-

1953 4701 2177 4774 pientia,
2220 4711 2275 4759 et
2311 4703 2483 4773 gratia
2524 4702 2620 4760 Dei
2658 4712 2777 4760 erat
2812 4716 2937 4760 cum
2977 4702 3068 4761 ἰΙΙο
3085 4701 3154 4759 ⁸⁸.
3197 4721 3218 4758 ι
3263 4701 3331 4759 Et
3369 4702 3528 4776 paule

1953 4805 2077 4867 post
2114 4811 2129 4850 t
2181 4813 2202 4850 t
2249 4794 2406 4852 lesus
2448 4794 2768 4868 proficiebat
2806 4803 2996 4860 etate.
3034 4809 3102 4852 ae
3142 4795 3436 4867 sapientia,
3472 4804 3530 4853 et

1955 4885 2129 4958 gratia
2175 4883 2320 4957 apud
2363 4883 2532 4942 Deum
2573 4894 2629 4941 et
2668 4883 2917 4941 homines
2937 4882 3004 4938 ⁸⁸.
3052 4902 3073 4936 ο
3112 4882 3231 4940 Iam
3267 4897 3395 4940 vero
3434 4897 3527 4939 sa-

1957 4977 2157 5049 pientia
2191 4976 2479 5049 prollcere,
2516 4990 2624 5032 non
2660 4983 2744 5036 est
2778 4975 2872 5032 Dei
2908 4974 3187 5046 sapientis.
3224 4974 3529 5047 nulliusque

1956 5067 2035 5126 rei
2074 5068 2266 5140 indigi,
2309 5080 2634 5139 semperque
2675 5065 2934 5139 perlecti,
2973 5066 3067 5122 sed
3115 5064 3309 5121 mentis
3351 5064 3531 5136 potins

1955 5157 2227 5223 bumana,
2264 5172 2385 5230 qna
2422 5157 2583 5213 simul
2622 5170 2745 5212 cum
2785 5164 2945 5212 aetate
2986 5152 3220 5226 prolleit,
3256 5163 3312 5210 et
3347 5152 3530 5211 erudi-

1958 5249 2102 5306 tione
2122 5259 2263 5318 eget,
2285 5259 2339 5307 et
2357 5248 2462 5305 arti
2484 5246 2705 5322 881¹²⁸
2731 5256 2893 5319 atque
2930 5246 3171 5303 scientiae
3201 5246 3531 5316 excipiendae

1486 5385 1534 5418 ⁸⁸
1560 5386 1665 5441 lsa.
1692 5399 1790 5449 vn,
1818 5385 1916 5440 tt.
2002 5384 2054 5418 ⁸⁸
2075 5382 2269 5441 ssattb.
2295 5399 2336 5449 ι,
2368 5384 2461 5440 23.
2538 5383 2586 5418 ⁸⁸
2612 5382 2817 5440 coloss.
2836 5398 2897 5448 n,
2918 5381 2975 5440 9.
3047 5381 3096 5414 ⁸⁸
3124 5380 3256 5439 Luc.
3277 5395 3339 5448 n,
3365 5381 3460 5442 w.

366 5561 415 5631 (l
483 5558 680 5616 Recole
721 5574 842 5630 cap.
884 5574 962 5615 tx.
1002 5557 1249 5634 Namque
1285 5563 1465 5620 anima
1506 5574 1696 5620 amens
1733 5575 1833 5632 par
1871 5561 2001 5619 nulli
2028 5572 2274 5636 reputata
2337 5564 2547 5625 luisset.
2593 5567 2763 5623 Porro
2822 5564 3057 5622 animam
3085 5576 3277 5637 reapse
3301 5561 3355 5619 in
3376 5558 3532 5619 curt-

299 5642 386 5690 sto
435 5629 599 5698 uisse,
630 5632 901 5701 negabant
923 5630 1135 5687 Ariani.
