3809 6125
263 360 402 416 tttti

1241 352 1299 408 S.
1344 351 1620 409 CYntLLt
1651 352 2122 411 ALExANnmNt
2151 352 2470 409 AttctttEP.

3401 344 3556 401 itte

260 478 468 529 tionem
502 469 690 537 utique
729 467 998 534 nominat,
1034 477 1129 524 aut
1158 468 1333 541 ipsum
1385 470 1524 527 sorte
1555 470 1845 541 Spiritum,
1879 481 1923 534 Α
1954 472 2044 526 διὰ
2071 471 2411 542 Πνεύματος.
2440 468 2726 523 Βασιλείαν
2759 467 2870 538 γὰρ
2893 506 2909 533 ,
2937 461 3115 537 οἶμαι,
3155 460 3317 525 Θεοῦ,
3349 460 3458 533 τὴν
3485 462 3551 514 ἐν

262 564 412 635 iuxta
442 560 571 617 illud
604 560 766 632 plane
790 562 932 629 quod
980 562 1047 615 ad
1096 577 1194 617 nos
1239 563 1550 619 dictumest
1588 582 1602 619 ι
1656 582 1676 617 e
1745 564 1849 621 lle·

263 669 427 726 gnum
447 652 722 708 ·coelorum
750 651 894 706 iutra
922 667 1016 708 vos
1041 662 1123 708 est
1149 653 1216 707 ⁷⁸.
1245 672 1265 706 ι
1301 653 1434 710 Cum
1480 655 1644 725 igitur
1686 656 1848 711 mira·

264 746 386 803 cula
405 745 623 816 quidem
650 744 806 798 saciat
840 744 894 798 in
934 742 1164 814 Spiritu,
1194 746 1444 816 quamvis
1481 746 1624 802 Deus
1665 748 1736 803 sit
1764 746 1855 803 Fi-

268 836 396 900 iius,
430 846 654 902 regnum
692 839 873 887 autem
936 833 1177 888 divinum
1239 845 1399 889 vocet
1457 850 1580 891 eam
1626 852 1746 907 quae
1798 838 1852 894 iu

268 926 390 994 ipso
422 932 477 978 et
499 936 595 991 per
620 922 790 991 ipsum
818 933 924 989 est,
961 922 1314 980 fortissimam
1337 935 1392 982 et
1418 927 1677 983 invictam
1712 937 1858 999 pote-

269 1024 490 1078 statem,
528 1014 820 1083 quomodo,
839 1030 1044 1084 qnaeso,
1066 1016 1243 1074 sactus
1267 1033 1390 1075 esse
1406 1020 1626 1087 dicitur,
1657 1035 1722 1075 ac
1752 1035 1856 1075 non

267 1104 430 1176 plane-
452 1105 797 1174 praestantior
824 1114 1085 1161 creatnrae
1110 1114 1308 1172 status,
1337 1123 1500 1179 quam
1531 1110 1851 1180 sitopiticis‚

271 1210 395 1251 cum
418 1210 450 1250 a
484 1196 814 1265 nobisipsis,
841 1208 954 1253 tum
987 1213 1015 1253 a
1041 1200 1292 1270 supernis
1333 1202 1616 1270 spiritibus
1660 1203 1853 1258 intelli·

273 1291 475 1360 getur‘!
503 1287 848 1345 clarificatus
875 1291 1022 1346 enim
1051 1299 1136 1346 est
1167 1292 1218 1346 in
1243 1293 1476 1363 Spiritu,
1506 1304 1564 1349 et
1613 1295 1863 1364 omnipo-

275 1377 464 1433 tentia
493 1377 723 1450 gloriam
748 1380 913 1436 habet
946 1382 999 1436 in
1032 1382 1170 1453 ipso.
1203 1382 1336 1438 Nam
1361 1400 1458 1441 cur
1487 1387 1704 1442 demum
1735 1402 1864 1455 ope·

276 1485 396 1526 rum
434 1472 773 1540 praestantia,
794 1481 847 1529 et
876 1473 1038 1530 exiis
1069 1489 1328 1548 quteerga
1364 1492 1464 1533 nos
1489 1477 1666 1534 fecit
1653 1496 1704 1533 in
1737 1480 1866 1550 Spi-

277 1565 408 1627 ritu,
442 1563 584 1621 Deus
612 1574 803 1619 natura
832 1565 976 1620 Patri
1011 1568 1264 1637 aequalis,
1328 1570 1574 1639 adeoque
1620 1580 1676 1625 et
1742 1586 1866 1627 con-

278 1654 660 1710 substantialis
713 1656 862 1711 credi
900 1655 1137 1723 volebat,
1169 1660 1423 1729 quamvis
1464 1662 1630 1718 {tomo
1688 1662 1867 1719 sactus

281 1745 645 1818 unigenitus?
676 1767 695 1801 ο
751 1748 810 1805 Si
854 1751 998 1805 enim
1025 1766 1130 1807 non
1151 1752 1314 1819 facio,
1344 1754 1546 1825 inquit.
1574 1770 1740 1826 opera
1766 1756 1868 1811 Pa·

1956 564 2235 636 Πνεύματι
2255 562 2335 634 τῷ
2358 562 2499 632 ἁγίῳ
2520 560 2994 631 θεοπρεπεστάτην
3010 556 3290 627 ἐνέργειαν
3306 549 3368 608 εὗ
3398 552 3553 625 μάλα

1954 654 2223 721 διακαλεῖ,
2251 655 2285 725 ἢ
2308 655 2407 708 καὶ
2421 653 2553 707 αὐτὸ
2574 653 2715 722 τάχα
2744 667 2845 704 που
2865 649 2927 702 τὸ
2949 646 3199 717 Πνεῦμα,
3219 645 3340 699 κατ’
3365 644 3556 697 ἐκεῖνο

1954 746 2019 816 δὴ
2050 745 2270 809 πάντως
2320 744 2381 798 τὸ
2432 744 2569 815 πρὸς
2602 742 2750 814 ἡμᾶς
2801 738 3115 811 εἰρημένον·
3158 736 3264 789 «Ἤ
3293 732 3558 807 βασιλεία

1956 837 2066 891 τῶν
2081 836 2329 910 οὐρανῶν
2352 835 2502 899 ἐντὸς
2532 833 2687 905 ὑμῶν
2718 834 2886 887 ἐστιν.
2924 850 2944 884 ι
2973 832 3117 885 Ὅτε·
3153 828 3335 883 τοίνυν
3373 843 3556 899 μεγα-

1958 931 2179 1002 λουργεῖ
2207 930 2309 1001 μὲν
2342 931 2399 983 έν
2452 926 2732 999 Πνεύματι
2755 966 2771 992 ,
2805 924 2981 979 καίτοι
3039 922 3175 985 Θεὸς
3221 920 3496 993 ὑπάρχων
3528 920 3559 972 ὀ

1962 1021 2111 1087 Υἱὸς,
2160 1021 2437 1092 βασιλείαν
2462 1019 2521 1074 δέ
2570 1018 2723 1074 Θείαν
2768 1016 3036 1072 ἀποκαλεῖ
3066 1013 3166 1087 τὴν
3199 1016 3259 1069 ἐν
3307 1011 3468 1083 αὐτῷ
3496 1028 3557 1065 τε

1961 1114 2056 1172 καὶ
2093 1113 2160 1168 δι’
2184 1111 2352 1167 αὐτοῦ
2381 1110 2807 1185 καρτερωτάτην
2822 1126 2883 1162 τε
2905 1108 3001 1162 καὶ
3029 1107 3242 1179 ἄμαχον
3273 1104 3557 1170 ἐξουσίαν,

1963 1206 2080 1270 πῶς
2106 1204 2192 1270 ἂν,
2213 1204 2334 1258 είπέ
2356 1221 2469 1275 μοι,
2494 1201 2829 1273 πεποιῆσθαι
2857 1201 3088 1270 λέγοιτο,
3115 1199 3212 1253 καὶ
3226 1197 3352 1269 οὐχὶ
3376 1195 3561 1267 πάντη

1963 1316 2023 1355 τε
2052 1299 2146 1354 καὶ
2178 1296 2397 1361 πάντως
2419 1297 2479 1351 ἐν
2508 1297 2617 1368 ἀμε
2593 1293 2791 1350 είνοσιν
2821 1297 2855 1365 ὴ
2889 1292 3089 1358 κτίσις,
3123 1291 3157 1363 ἢ
3181 1292 3239 1345 ἐν
3259 1286 3347 1354 οἷς
3368 1291 3399 1343 ὀ
3416 1288 3562 1343 πάν-

1962 1407 2072 1445 των
2104 1381 2459 1461 δημιουργὸς,
2487 1386 2628 1457 πρός
2654 1402 2715 1439 τε
2739 1385 2898 1456 ἡμῶν
2922 1382 3106 1438 αὐτῶν
3145 1380 3243 1436 καὶ
3267 1378 3416 1453 πρὸς
3447 1377 3563 1431 τῶν

1965 1490 2079 1547 ἀνω
2095 1492 2268 1545 νοοῖτο
2287 1469 2655 1557 πνευμάτωνς
2688 1480 2851 1551 Ἠγλ’
2828 1484 3011 1535 αϊσται
3026 1475 3135 1548 γὰρ
3162 1476 3220 1529 ἐν
3242 1469 3563 1542 Πνεύματι,

1967 1579 2066 1636 καὶ
2090 1580 2191 1652 τὴν
2218 1578 2312 1633 ἐπὶ
2339 1576 2419 1649 τῷ
2438 1574 2617 1630 πάντα
2644 1570 2905 1627 δύνασθαι
2922 1567 3080 1634 δόξαν
3108 1560 3535 1632 ἀποκεκέρδακε
3535 1575 3567 1610 ν

1969 1672 2029 1727 ἐν
2067 1670 2243 1742 αύτῷ.
2278 1666 2472 1723 Καίτοι
2498 1666 2552 1721 τί
2602 1666 2805 1737 δήποτε
2833 1660 2925 1715 διὰ
2968 1659 3069 1730 τῆς
3104 1657 3215 1710 τῶν
3262 1651 3571 1726 δρωμένων

1972 1764 2075 1818 ύπε
2050 1763 2267 1834 εροχῆς,
2301 1758 2399 1815 καὶ
2430 1759 2499 1813 δι’
2538 1752 2616 1812 ὧν
2662 1756 2971 1824 ἐνήργηκεν
3016 1751 3093 1811 εἰς
3124 1747 3277 1819 ἡμᾶς
3309 1746 3373 1797 ἐν
3394 1739 3572 1796 Πνεύ·

282 1838 384 1894 tris
411 1839 538 1906 mei,
558 1839 725 1897 nolite
750 1843 975 1900 credere
1000 1844 1187 1901 mihi:
1236 1845 1289 1900 si
1319 1857 1499 1902 autem
1538 1845 1701 1915 facio,
1713 1857 1771 1903 ct
1821 1848 1864 1904 si
1897 1828 1942 1883 Β
1981 1870 2133 1925 ματι,
2163 1850 2322 1917 Θεὸς,
2348 1850 2433 1903 ὃτι
2463 1847 2604 1902 κατὰ
2641 1844 2805 1915 φύσιν
2850 1843 2999 1895 ἐστὶν
3041 1837 3295 1911 ῖσουργδς
3339 1852 3422 1905 τψ
3467 1832 3573 1902 φῦ·

280 1930 413 1985 mihi
445 1946 550 1987 non
587 1932 748 1988 vultis
780 1934 1022 2003 credere,
1053 1937 1308 2005 operibus
1337 1938 1545 1994 credite
1568 1940 1639 1993 ¹¹.
1674 1958 1694 1992 ι
1732 1939 1866 1995 Cum

283 2020 449 2091 igitur
472 2036 539 2078 cx
557 2036 782 2093 operum
813 2028 1213 2096 supernaturali
1245 2027 1535 2097 splendore
1568 2039 1760 2085 natura
1788 2031 1872 2086 ‹ti-

284 2114 408 2169 vina
436 2122 816 2185 cognoscatur,
851 2116 966 2172 haec
992 2127 1175 2173 autem
1214 2118 1356 2175 sacta
1411 2120 1525 2176 sint
1573 2121 1622 2176 vi
1651 2131 1706 2176 et
1728 2136 1863 2193 ope·

285 2205 498 2261 ratione
532 2205 803 2277 Spiritus:
828 2210 1101 2279 quomodo
1131 2211 1243 2281 jam
1276 2219 1493 2267 creatus
1520 2212 1627 2268 erit
1674 2214 1721 2268 is
1776 2215 1867 2284 qui

285 2298 516 2368 aerlttalis
549 2312 634 2355 est
662 2300 796 2367 Deo,
827 2311 882 2358 ct
911 2318 1019 2356 una
1045 2312 1213 2367 creat,
1247 2312 1300 2358 et
1362 2305 1526 2359 rebus
1559 2305 1668 2359 vita
1704 2306 1872 2360 ‹lesti-

287 2393 420 2446 tutis
454 2393 618 2446 vitam
652 2394 813 2449 simul
845 2394 1111 2466 largitur?
1137 2395 1384 2465 Nunquid
1420 2396 1564 2451 enim
1585 2398 1871 2453 vivifican·

286 2482 341 2539 di
368 2492 624 2552 potestas,
662 2488 764 2543 soli
793 2502 936 2543 vcrae
959 2498 1016 2543 et
1041 2488 1275 2544 naturali
1309 2488 1431 2545 vita:
1455 2491 1734 2562 competit,
1772 2492 1876 2547 hoc

285 2585 395 2641 est,
417 2576 565 2633 Deo?

1980 1963 2157 2012 οαντι,
2194 1945 2290 1998 ἐπὶ
2314 1941 2496 2014 τούτῳ
2528 1940 2625 1997 καὶ
2651 1937 2937 2045 ὀμοούσιος
2979 1934 3133 2005 ἠξίου
3180 1926 3571 1990 πιστεύεσθαι,

1978 2034 2158 2090 καίτοι
2179 2031 2305 2087 καθ’
2330 2033 2481 2105 ἡμᾶς
2514 2028 2756 2100 γεγονὼς
2782 2029 2811 2081 ὁ
2842 2024 3193 2095 Μονογενης·
3180 2064 3195 2088 ,
3230 2039 3251 2072 ι
3287 2020 3355 2074 Et
3375 2018 3492 2089 γὰρ
3511 2015 3574 2070 ού

1978 2125 2140 2191 ποιῶ,
2170 2124 2326 2196 φησὶ,
2349 2124 2421 2179 τά
2452 2123 2591 2197 ἐργα
2615 2120 2710 2176 τοῦ
2742 2118 2959 2191 Πατρός
3000 2133 3124 2189 μου,
3161 2112 3238 2186 μὴ
3280 2107 3575 2166 πιστεύετέ

1979 2236 2110 2291 μοι·
2152 2219 2203 2272 εί
2230 2217 2287 2272 δέ
2320 2216 2481 2280 ποιῶ,
2513 2215 2620 2271 κᾶν
2639 2214 2765 2287 ἐμοὶ
2797 2212 2874 2285 μὴ
2898 2208 3219 2280 πιστεύητε
3248 2207 3371 2269 τοῖς
3392 2203 3577 2274 ἔργοις

1980 2326 2083 2382 μου
2108 2309 2417 2366 πιστεύετε.
2455 2328 2474 2363 ι
2505 2308 2637 2362 Ὅτε
2673 2305 2855 2361 τοίνυν
2889 2305 2956 2357 ἐκ
2997 2302 3096 2373 τῆς
3134 2298 3246 2354 τῶν
3277 2292 3579 2366 κατωρθω-

1983 2402 2158 2473 μένων
2182 2397 2495 2473 ὑπερφυοῦς
2513 2396 2900 2470 λαμπρότητος
2920 2396 2954 2465 ή
2980 2390 3100 2447 θεία
3123 2388 3296 2460 φύσις
3322 2381 3578 2453 διαγινώ-

1982 2509 2195 2564 σκεται,
2221 2492 2520 2566 ἐπράττετο
2549 2491 2608 2546 δὲ
2637 2488 2793 2544 ταυτὶ
2833 2487 2902 2542 δι’
2931 2482 3214 2557 ἐνεργείας
3256 2478 3357 2534 τοῦ
3403 2473 3576 2531 Πνεύ·

1986 2602 2175 2658 ματος,
2208 2584 2331 2650 πῶς
2357 2584 2427 2639 ἂν
2449 2583 2530 2638 ἔτι
2560 2582 2779 2638 κτιστὸν
2810 2579 2872 2633 τὸ
2914 2575 3210 2649 ίσουργδν
3200 2573 3297 2646 ,τῷ
3320 2569 3442 2642 Θεῷ
3479 2569 3575 2621 καὶ

288 2670 579 2739 συγκτίζον
598 2672 693 2725 καὶ
714 2671 1081 2737 συζωοποιοῦν
1107 2674 1170 2729 τὸ
1209 2675 1356 2747 ζωῆς
1412 2675 1658 2741 ἐπιδεές;
1687 2671 1766 2729 Ἧ
1792 2675 1902 2747 γάρ
1935 2676 2058 2749 οὐχὶ
2086 2678 2182 2732 καὶ
2206 2676 2268 2731 τὸ
2295 2675 2553 2731 δύνασθαι
2594 2674 2900 2740 ζωοποιεῖν,
2953 2671 3092 2744 μόνῃ
3127 2686 3238 2741 περ
3280 2666 3348 2722 ἂν
3376 2662 3574 2735 πρέπῠι

287 2764 424 2833 ‘fist'-
454 2761 669 2832 ἀληθῶς
696 2764 837 2818 κατὰ
869 2764 1031 2833 φύσιν
1060 2765 1198 2837 ζωῇ,
1233 2767 1505 2831 τουτέστι,
1543 2767 1699 2838 &tiu

369 2852 436 2906 Β.
458 2853 765 2907 Assentior.
793 2852 1067 2923 Scriptum
1099 2868 1181 2912 est
1204 2858 1352 2912 enim
1381 2858 1449 2913 de
1479 2859 1595 2928 ipso
1638 2873 1651 2910 t
1704 2876 1723 2910 ο
1776 2856 1879 2924 Qui

291 2944 441 3002 solus
469 2943 632 3016 655
668 2945 829 3001 ltabet
855 2946 1348 3016 immortalitatem,
1380 2959 1436 3005 et
1465 2949 1641 3004 lucem
1669 2950 1882 3006 inhabi-

292 3044 376 3093 tat
416 3035 856 3093 inaccessibilem
882 3038 952 3095 ³⁸.

2015 2920 2026 2932 x
2059 2856 2122 2910 B.
2145 2855 2429 2927 Σύμφημι·
2460 2852 2772 2923 γέγραπται
2805 2849 2915 2920 γὰρ
2948 2848 3077 2919 περὶ
3104 2846 3271 2903 αὐτοῦ
3292 2865 3305 2878 ·
3324 2864 3346 2898 c
3385 2846 3435 2899 '0
3459 2846 3554 2912 μό·

1989 2963 2082 3010 νος
2107 2946 2246 3018 ἔχων
2275 2944 2601 3008 ἀθανασίαν,
2630 2943 2747 3014 φῶς
2775 2944 2942 2997 οἰκῶν
2982 2942 3292 3013 ἀπρόσιτον.
3321 2955 3342 2990 ι

363 3127 434 3185 Α.
457 3129 591 3185 Cum
618 3129 799 3199 itaque
817 3130 966 3186 solus
999 3132 1142 3188 Deus
1171 3148 1198 3188 a
1233 3148 1293 3190 se
1326 3143 1380 3188 et
1425 3134 1480 3190 in
1529 3135 1745 3206 propria
1790 3150 1888 3190 na·
1912 3123 1962 3186 C
2059 3125 2127 3178 A·
2159 3122 2342 3178 Μόνον
2368 3121 2663 3194 τοιγαροῦν
2693 3121 2792 3194 τὴν
2830 3120 3136 3176 ἀθανασίαν
3153 3117 3367 3174 οἴκοθέν
3383 3133 3442 3171 τε
3472 3114 3566 3170 καὶ

296 3228 415 3275 tnra
474 3221 938 3278 immortalitatem
995 3225 1226 3294 habeat,
1276 3235 1333 3282 et
1383 3227 1494 3282 vita
1545 3242 1666 3284 esse
1699 3229 1888 3283 creda-

298 3323 406 3377 tur,
463 3326 699 3381 quonam
735 3315 895 3369 modo
915 3315 1018 3372 erit
1050 3316 1291 3386 Spiritus
1313 3318 1615 3386 vivificans,
1652 3334 1774 3376 cum
1806 3320 1888 3375 in-

298 3415 386 3459 tcr
411 3419 473 3458 ea
518 3411 827 3471 censeatur,
862 3422 924 3461 ex
958 3408 1173 3464 illorum
1198 3413 1486 3478 sententia,
1524 3429 1644 3483 quae
1700 3415 1888 3469 vivili-

299 3506 515 3564 cantur‚
547 3498 647 3552 nisi
679 3508 878 3556 creatae
909 3500 985 3554 rei
1057 3502 1323 3558 rationem
1378 3504 1676 3574 abjecerit?
1726 3506 1888 3575 Atqui

302 3605 408 3645 uon
440 3589 513 3645 ita
544 3604 607 3646 se
643 3604 732 3646 res
788 3592 973 3649 habet.
1029 3590 1292 3651 vivificus
1321 3597 1463 3650 enim
1504 3604 1592 3653 est.
1629 3595 1889 3666 Spiritus,

305 3679 468 3734 vitam
502 3686 679 3734 tamen
704 3694 1042 3750 nequaquam
1077 3683 1144 3737 ab
1168 3681 1276 3736 alio
1309 3683 1603 3753 accipienS,
1633 3693 1726 3739 aut
1747 3682 1891 3739 illius

306 3770 576 3840 indigens,
615 3769 917 3842 impostura
946 3772 1112 3842 igitur
1158 3782 1215 3827 et
1266 3787 1471 3828 vanum
1540 3772 1891 3830 mendacium

309 3870 438 3917 sunt
471 3861 848 3918 haereticorum
887 3861 1147 3916 adversus
1181 3863 1355 3933 ipsum
1406 3871 1734 3920 commenta.
1777 3864 1895 3919 Cac-

311 3963 483 4008 ternm
520 3969 625 4009 non
643 3961 926 4025 cognatam
969 3968 1068 4010 nec
1098 3956 1539 4012 consentientem
1566 3969 1757 4012 eornm
1792 3971 1896 4012 nu-

310 4045 394 4117 gis
415 4047 647 4118 amplexi
666 4047 1018 4112 sententiam,
1054 4058 1262 4103 rectum
1319 4049 1423 4105 iter
1455 4049 1783 4115 insistimus,
1840 4058 1896 4105 et

311 4140 667 4208 propensione
689 4138 742 4193 in
768 4139 1043 4206 quodlibet
1063 4141 1255 4195 vitium
1278 4150 1332 4195 ct
1355 4139 1714 4209 corruptelam
1746 4156 1896 4195 men·

314 4239 365 4284 te
393 4230 622 4285 liberata
675 4229 809 4287 solis
862 4232 1036 4288 sacris
1092 4233 1293 4289 eruditi
1326 4232 1570 4296 Litteris.
1613 4243 1668 4290 et
1701 4248 1892 4305 puram

311 4308 551 4392 Spiritus
577 4320 803 4394 gloriam
841 4322 965 4378 inde
1004 4323 1459 4393 contemplantes,
1485 4323 1653 4379 Deum
1694 4340 1814 4381 esse
1841 4334 1897 4381 et

312 4429 378 4470 ex
422 4414 531 4470 Deo
556 4415 852 4481 credimus„
887 4430 991 4472 non
1019 4417 1326 4490 peregrinis
1353 4418 1673 4488 quibusdam
1704 4426 1760 4475 et
1801 4434 1899 4474 ex-

316 4510 486 4566 ternis
513 4512 670 4568 bonis
702 4511 1051 4578 illustratum,
1072 4513 1164 4567 setl
1189 4512 1278 4582 qni
1304 4510 1604 4567 secuudum
1639 4519 1894 4565 naturam

315 4610 401 4659 est
425 4617 488 4658 ea
519 4618 859 4674 quaecunque
889 4605 1030 4660 Deus
1060 4612 1162 4658 est.
1211 4602 1476 4670 Quocirca
1529 4602 1898 4673 (advertendoe

317 4704 440 4751 stunt
460 4673 608 4750 euim'
636 4696 835 4768 ubique
856 4697 1224 4764 apostolorum
1263 4697 1498 4765 voces).‹
1533 4697 1584 4749 in
1615 4695 1726 4751 Deo
1757 4696 1892 4751 vivi·

319 4803 462 4854 ntus,
489 4797 544 4843 et
565 4804 866 4854 movemur,
901 4787 1440 4844 eisumus⁷·.»1‹:tue
1462 4787 1570 4842 Deo
1593 4787 1811 4857 quidem
1837 4802 1900 4843 ac

319 4877 480 4935 Patre
515 4877 713 4934 Paulus
744 4880 1176 4949 sapientissimus
1198 4878 1485 4933 Timotheo
1509 4877 1678 4933 dicit:
1708 4896 1725 4930 ι
1758 4876 1901 4933 Prae-

323 4973 460 5042 cipio
488 4971 583 5027 tibi
620 4985 803 5025 coram
843 4973 951 5027 Deo
979 4971 1069 5040 qui
1107 4971 1345 5027 vivificat
1373 4970 1557 5028 omnia
1583 4971 1651 5028 ⁸⁶.
1691 4990 1710 5025 ι
1742 4970 1901 5027 Chri--

323 5071 438 5118 stus
487 5075 619 5118 vero
683 5060 873 5115 Lazari
915 5075 1160 5118 sororem
1196 5063 1456 5118 erudiens
1489 5078 1503 5115 ι
1531 5080 1550 5114 ο
1592 5061 1706 5133 Ego
1752 5077 1895 5129 sum,

323 5153 516 5224 inquit,
544 5154 884 5211 resurrectio
951 5162 1008 5210 et
1067 5156 1175 5211 vita
1202 5156 1271 5209 ⁸¹.
1311 5174 1331 5208 ι
1370 5157 1445 5212 De
1486 5164 1674 5210 sancto
1693 5153 1897 5225 Spiritu

328 5262 454 5302 vero
478 5263 492 5300 ι
522 5266 538 5300 ι
560 5247 703 5307 Caro
723 5263 831 5306 non
852 5248 1377 5321 prodestquidquam
1401 5266 1414 5302 ι
1441 5247 1679 5319 Spiritus
1702 5257 1786 5303 est
1810 5247 1902 5315 qni

330 5337 563 5394 viviticat
586 5341 657 5397 ⁸'.
694 5360 713 5395 ι
765 5339 899 5396 Cum
931 5355 1084 5411 ergo,
1115 5340 1426 5396 viviticante
1457 5338 1638 5395 omnia
1676 5339 1785 5394 Deo
1840 5351 1904 5392 ac

223 5439 240 5455 ·
331 5429 512 5496 Patre,
543 5439 597 5486 et
618 5432 753 5489 Filio
781 5435 891 5489 vita
919 5435 1236 5497 exsistente.
1264 5433 1503 5505 Spiritus
1556 5432 1630 5489 sit
1681 5431 1774 5503 qui
1823 5429 1903 5486 vi·

339 5521 537 5591 vificat,
558 5523 680 5595 quis
706 5539 737 5578 a
764 5525 870 5580 vita
909 5524 1156 5596 sejunget
1177 5539 1242 5581 ac
1261 5525 1761 5583 dirimetrivilicam
1791 5523 1907 5596 rjus

406 5727 452 5758 '⁵
491 5724 621 5781 Luc.
653 5740 787 5786 xv.tt
816 5725 906 5778 et.
979 5726 1216 5784 ”Joam
1236 5743 1293 5798 x,
1328 5728 1419 5787 37.
1494 5723 1754 5783 ''lTiu-
1784 5741 1855 5792 V‚¹
1896 5726 1977 5781 13.

339 5800 411 5853 5.
497 5797 735 5854 ’'loan.
775 5811 842 5863 ι’,ι
886 5793 977 5854 64.

1981 3220 2050 3288 ,ἐν
2081 3217 2187 3289 ἰδίᾳ
2228 3217 2389 3288 φύσει
2434 3217 2698 3290 λαχόντος
2738 3215 2897 3280 Θεοῦ,
2940 3214 3035 3269 καὶ
3064 3213 3214 3284 ζωῆς
3244 3205 3389 3267 εἶναι
3414 3227 3572 3264 πεπι·

1993 3326 2084 3364 στε
2090 3309 2315 3380 υμένου,
2348 3309 2467 3373 πῶς
2487 3307 2557 3365 ἀν
2595 3307 2683 3380 εἴη
2712 3307 2774 3362 τὸ
2811 3306 3037 3379 Πνεῦμα
3081 3305 3377 3373 ζωοποιδν,
3408 3304 3583 3360 καίτοι

1989 3402 2180 3456 τελοῦν
2209 3404 2333 3456 κατ’
2368 3400 2611 3464 ἐκείνους
2656 3401 2716 3454 ἐν
2757 3401 2873 3464 τοῖς
2903 3398 3399 3470 ζωοποιουμένοις.
3432 3399 3481 3453 εί
3515 3397 3589 3468 μὴ

1990 3495 2327 3565 διαπέφευγε
2377 3493 2441 3548 τὸ
2481 3487 2621 3547 εἶναι
2672 3490 2925 3559 κτιστός;
2975 3488 3143 3545 Ἀλλᾶ
3190 3492 3311 3563 μὴν
3352 3490 3459 3562 οὐχ
3488 3481 3591 3544 ὧδε

1992 3588 2140 3659 ἔχει·
2168 3587 2432 3653 ζωοποιδν
2463 3586 2572 3658 γὰρ
2604 3585 2666 3638 τὸ
2699 3582 2924 3655 Πνεῦμα
2947 3626 2963 3650 ,
2992 3585 3198 3656 ἥκιστά
3247 3601 3318 3653 γε
3353 3584 3465 3655 μὴν
3496 3582 3595 3653 τῆς

1993 3681 2125 3751 παρ’
2150 3679 2338 3750 ἐτέρου
2363 3679 2510 3750 ζωῆς
2535 3678 2813 3750 μέτοχονῆ
2839 3677 3050 3741 ὲπιδεές
3069 3693 3084 3706 ·
3112 3677 3464 3748 φενακισμδς
3493 3678 3595 3747 ἄρα

1994 3772 2089 3826 καὶ
2117 3770 2450 3842 ψευδηγορία
2475 3769 2777 3841 τηνάλλως,
2805 3770 2874 3822 τά
2903 3770 3024 3824 κατ’
3043 3767 3211 3822 αὑτοῦ
3238 3771 3361 3832 τοῖς
3396 3768 3589 3838 θεομὰ·

1995 3880 2112 3934 χοις
2142 3861 2504 3933 ἐξευρημένα.
2546 3861 2685 3915 Ἀλλ’
2715 3862 2815 3914 οὐκ
2840 3859 3075 3932 ἀδελφὴν
3119 3861 3214 3914 καὶ
3256 3860 3595 3932 συμὸαίνου·

1997 3973 2098 4010 σαν
2136 3956 2254 4018 ταῖς
2284 3953 2411 4025 παρ’
2438 3954 2661 4008 ἐκείνων
2685 3952 2994 4025 τερθρείαις
3031 3951 3453 4023 είσδεδεγμὲνοι
3500 3953 3597 4023 τὴν

1996 4047 2175 4116 δόξαν,
2214 4046 2314 4118 τὴν
2348 4045 2436 4099 ἐπ’
2473 4045 2604 4100 εύθῦ
2637 4044 2973 4117 βαδιούμεθα
3002 4086 3017 4111 ,
3074 4044 3469 4116 διανευμάτων
3500 4045 3595 4117 μέν

1996 4139 2187 4210 ὥσπερ
2216 4139 2312 4192 καὶ
2368 4137 2541 4210 ῥοπῆς
2566 4137 2667 4207 τῆς
2713 4137 2794 4202 είς
2841 4138 2952 4191 πᾶν
2982 4136 3163 4191 ὁτιοῦν
3217 4137 3461 4201 ἀκαλλὲς
3505 4136 3591 4190 καῖ

1998 4233 2436 4306 ἐξεστραμμένον
2456 4232 2548 4285 τὸν
2569 4231 2695 4287 νοῦν
2716 4230 3169 4294 ἀπαλλάττοντες,
3190 4231 3377 4302 μόνοις
3409 4231 3467 4284 δὲ
3487 4231 3591 4292 τοῖς

2001 4328 2165 4398 ἱεροῖς
2184 4323 2543 4398 μυσταγωγοῦ
2553 4341 2705 4394 μενοι
2725 4324 3047 4396 Γράμμασι,
3069 4323 3162 4377 καὶ
3188 4321 3291 4395 τὴν
3314 4321 3589 4396 ἀκραιφνῆ

1998 4417 2094 4473 τοῦ
2157 4416 2476 4487 Πνεύματος
2522 4413 2681 4480 δόξαν
2733 4415 2945 4470 ἐνθένδε
2991 4414 3430 4486 καταθεώμενοι,
3460 4413 3589 4467 Θεὸν

2004 4505 2147 4564 εἶναί
2173 4527 2231 4563 τε
2263 4507 2359 4563 καὶ
2381 4510 2445 4562 ἐκ
2472 4507 2610 4562 Θεοῦ
2651 4507 2983 4578 πιστεύομεν
3005 4548 3020 4572 ,
3052 4508 3154 4561 οὐκ
3205 4507 3443 4572 ὀθνείοις
3487 4504 3587 4559 τισὶ

2005 4604 2101 4658 καὶ
2126 4605 2239 4666 τοῖς
2269 4601 2505 4674 θύραθεν
2538 4600 2764 4671 ἀγαθοῖς
2795 4601 3293 4672 κατηγλαῖσμένον,
3318 4600 3441 4655 ἁλλ’
3467 4597 3587 4655 αύτέ

2005 4693 2147 4749 κατὰ
2181 4692 2341 4763 φύσιν
2363 4693 2627 4766 ὑπάρχον,
2658 4694 2759 4747 ὅσα
2788 4693 2882 4747 καὶ
2912 4693 3064 4756 Θεός.
3106 4693 3218 4746 Καὶ
3241 4691 3395 4762 γοῦν,
3425 4707 3586 4763 προσ-

2005 4784 2192 4842 εκτέον
2223 4786 2330 4857 γὰρ
2377 4785 2629 4856 πανταχῆ
2662 4787 2783 4849 ταῖς
2835 4784 2947 4839 τῶν
2986 4784 3307 4839 ἀποστόλων
3349 4787 3586 4854 φωναῖς,

2012 4897 2031 4931 ο
2070 4878 2131 4931 ἐν
2177 4875 2296 4947 Θεῷ
2330 4875 2544 4946 ζῶμεν.
2583 4875 2678 4929 καὶ
2717 4872 3037 4943 κινούμεθα,
3070 4872 3166 4927 καὶ
3194 4873 3385 4944 ἐσμέν.
3429 4891 3449 4925 ι
3486 4869 3585 4925 Καὶ

2006 4969 2137 5040 περὶ
2169 4968 2268 5039 μὲν
2292 4965 2384 5019 τοῦ
2412 4964 2549 5019 Θεοῦ
2580 4965 2675 5019 καὶ
2707 4963 2940 5035 Πατρὸς,
2962 4962 3216 5034 Τιμοθέῳ
3247 4961 3418 5033 φησὶν
3437 4964 3467 5017 ὁ
3505 4977 3586 5014 σο-

2008 5060 2252 5131 φώτατος
2298 5056 2511 5121 Παῦλος
2537 5073 2552 5089 ·
2621 5075 2640 5108 ‹
2670 5055 3045 5128 Παραγγέλλω
3079 5071 3163 5107 σοι
3218 5053 3461 5108 ἐνώπιον
3493 5050 3588 5106 ’τοῦ

2006 5151 2163 5217 Θεοῦ,
2201 5149 2296 5205 τοῦ
2321 5147 2715 5218 ζωογονοῦντος
2744 5148 2814 5201 τά
2839 5145 3038 5202 πάντα.
3079 5164 3097 5197 ι
3128 5144 3388 5219 Λαζάρου
3417 5145 3478 5200 δέ
3498 5143 3591 5216 τὴν

2009 5243 2285 5315 ὁμαίμονα
2311 5239 2689 5312 μυσταγωγῶν
2721 5241 2750 5293 ὁ
2773 5234 3043 5311 Χριστός·
3074 5255 3093 5288 ι
3141 5236 3290 5307 Ἐγώ
3318 5237 3461 5307 εἰμι,
3497 5251 3585 5306 φη·

2013 5339 2118 5404 σ’ίν,
2144 5339 2177 5410 ἡ
2211 5337 2504 5399 ἀνάστασις
2527 5335 2677 5407 καὶὴ
2716 5333 2853 5404 ζωή.
2892 5350 2911 5385 ι
2960 5331 3097 5400 Περὶ
3124 5330 3184 5384 δέ
3214 5346 3281 5400 γε
3311 5328 3411 5385 τοῦ
3440 5329 3595 5398 ἁγίου

2011 5431 2351 5499 Πνεύματος·
2385 5445 2404 5479 t
2446 5425 2512 5480 'H
2539 5425 2674 5498 σὰρξ
2710 5426 2811 5478 οὐκ
2842 5422 3042 5492 ὠφελεῖ
3071 5421 3249 5486 οὐδὲν,
3278 5422 3345 5476 τδ
3370 5419 3595 5491 Πνεῦμα

2015 5523 2130 5577 ἐστι
2169 5521 2229 5574 τὸ
2258 5517 2573 5584 ζωοποιοῦν.
2632 5535 2651 5568 ο
2694 5517 2821 5568 Ὅτε
2853 5512 3030 5566 τοίνυν
3083 5510 3488 5582 ζωογονοῦντος
3531 5509 3597 5566 τὰ

2054 5725 2097 5756 ”
2140 5724 2258 5779 Act.
2292 5735 2440 5789 xvtt,
2466 5718 2558 5776 28.
2634 5717 2678 5750 ⁸⁰
2721 5716 2739 5772 Ι
2787 5715 2929 5772 Tim.
2962 5731 3033 5784 xi,
3068 5713 3153 5771 ¹3.
3216 5713 3275 5789 ‚⁸¹
3316 5711 3478 5770 Joan.
3513 5725 3589 5784 ιι,
