3809 6125
368 362 474 421 ⁴59

1393 347 1450 403 S.
1495 345 1772 404 CYntLLt
1812 344 2284 402 ALEXANDRtNt
2324 344 2652 402 Anetttssn.

3505 332 3643 393 ,160

367 476 560 543 ttie‘23
616 493 635 526 ι
689 483 743 528 et
794 485 1006 527 rursum
1051 485 1066 522 ι
1121 486 1139 519 ι
1193 466 1303 536 Ego
1351 480 1467 519 sum
1523 461 1851 519 resurrectio
1895 469 1952 516 et
1980 470 2025 524 Α
2051 462 2343 533 ἀναστήσω
2372 460 2535 514 αὐτὸν
2573 458 2630 510 ἐν
2660 459 2728 527 τῇ
2762 454 2967 524 ἐσχάτῃ
2999 451 3215 522 ἡμέρᾳ·
3262 464 3283 500 ι
3321 446 3419 500 καὶ
3449 446 3646 508 πάλιν,

370 571 479 627 vita
502 569 580 636 ‘⁸;
621 588 640 621 ι
678 566 800 637 quis
837 580 944 620 non
983 561 1329 620 confiteatur,
1364 557 1523 613 modo
1562 570 1712 613 sanat
1747 553 1949 610 mentis

369 664 473 731 sit,
500 662 675 731 ipsum
704 674 768 714 ex
795 656 1031 713 essentia
1066 652 1244 709 Patris
1273 664 1425 716 esse,
1456 649 1735 719 proprium
1765 661 1829 702 ac
1854 660 1949 701 ve-

373 770 491 810 rum
524 752 694 825 ipsius
720 749 950 816 Filium,
978 759 1166 801 omnes
1189 742 1371 814 ³Patris
1400 740 1756 812 proprietates
1784 746 1947 793 natu-

375 844 561 902 raliter
598 846 652 900 in
694 858 755 899 se
794 838 1131 913 gestantem?
1172 835 1329 904 Quod
1363 834 1411 891 si
1452 848 1636 889 verum
1677 840 1784 899 est,
1822 845 1954 902 ergo

375 939 516 994 Deus
544 951 611 993 ex
641 935 753 992 Deo
781 944 893 1001 est,
922 948 1033 989 non
1057 945 1190 987 vero
1217 942 1353 999 opus
1378 926 1464 983 vel
1491 934 1760 983 creatura.
1909 915 1920 921 ’

1045 1147 1279 1206 ALtun.

446 1268 653 1327 Paulus
687 1266 753 1322 ad
787 1273 975 1336 gentes
1024 1262 1274 1320 scribens
1305 1280 1320 1317 ι
1363 1279 1383 1313 ι
1433 1257 1840 1324 liecordamini,
1871 1257 1958 1313 in-

351 1357 519 1429 quit,
541 1371 636 1412 vos
659 1363 847 1425 gentes
882 1352 1043 1409 dictae
1075 1350 1362 1422 praeputia,
1384 1348 1530 1420 quod
1566 1348 1789 1404 alienati
1836 1360 1960 1402 era-

379 1448 447 1505 tis
470 1460 500 1501 a
526 1442 867 1516 testamentis
892 1440 1295 1512 promissionis,
1345 1436 1583 1509 separati
1637 1452 1668 1492 a
1735 1436 1959 1492 henedi-

377 1538 557 1595 ctione
577 1534 769 1601 lsrael,
790 1548 939 1603 spem
963 1547 1069 1589 non
1100 1531 1382 1597 habentes,
1436 1538 1494 1586 et
1545 1528 1665 1585 sine
1694 1526 1805 1583 Deo
1863 1541 1960 1582 ros

380 1630 559 1687 fuistis
576 1628 631 1684 in
653 1626 755 1683 hoc
772 1626 994 1689 mundo;
1011 1636 1156 1680 nunc
1170 1637 1300 1679 vero
1321 1618 1651 1691 cognovistis
1673 1617 1921 1674 Deum⁸⁸.
1935 1635 1955 1669 ι

380 1719 584 1777 Deinde
617 1718 882 1773 rationem
911 1712 1238 1785 cognitionis
1268 1712 1400 1783 ipsis
1428 1709 1702 1781 explicans
1733 1707 1904 1779 inquit
1939 1723 1954 1761 ι

2056 569 2088 606 ι
2122 554 2266 623 Ἐγώ
2304 552 2419 623 εἰμι
2449 553 2484 620 ἡ
2512 549 2806 610 ἀνάστασις
2840 543 2936 599 καὶ
2981 546 3016 613 ὴ
3073 541 3188 611 ζωὴ
3211 554 3225 569 ·
3266 557 3286 591 ι
3333 538 3418 602 τίς
3438 538 3546 592 οὐκ
3578 538 3649 591 ἂν

2053 642 2441 714 ὁμολογήσειεν
2461 681 2475 706 ,
2541 638 2594 692 εἰ
2626 654 2690 706 γε
2746 635 2870 689 νοῦν
2925 634 3039 704 ἔχοι
3059 670 3075 692 ,
3105 631 3206 700 τῆς
3257 629 3451 691 οὐσίας
3478 627 3651 683 αὐτὸν

2054 734 2321 806 ὑπάρχειν
2348 732 2446 803 τῆς
2467 728 2561 783 τοῦ
2595 726 2809 797 Πατρὸς
2852 722 3077 794 γνήσιόν
3103 737 3167 774 τε
3219 719 3316 774 καὶ
3340 718 3655 791 ἀληθέστα·

2054 843 2146 880 τον
2174 826 2442 897 γέννημα.
2472 822 2648 875 πάντα
2670 818 2835 892 φέρον
2858 817 2915 869 ἐν
2949 812 3128 885 ἐαυτῷ
3174 811 3421 882 φυσικῶς
3450 810 3527 864 τὰ
3552 809 3652 864 τοῦ

2055 917 2419 988 γεννήσαντος
2449 914 2589 977 ίδια;
2620 913 2684 966 Et
2703 909 2765 964 δέ
2793 909 2973 972 τοῦτο,
2995 904 3129 969 Θεὸς
3156 904 3263 977 ἄρα
3284 903 3347 957 τὸ
3376 904 3443 957 ἐκ
3463 900 3607 957 Θεοῦ
3631 942 3648 969 ,

2056 1010 2154 1067 καὶ
2176 1008 2237 1065 ού
2270 1007 2477 1078 κτίσμα
2504 1005 2539 1077 ἢ
2568 1003 2799 1075 ποίημα.

2749 1140 2955 1194 ΑΔΔΟ.

2130 1254 2256 1320 Τοῖς
2287 1254 2348 1321 ἐξ
2374 1252 2545 1308 ἐθνῶν
2592 1247 2923 1305 ἐπιστέλλων
2945 1247 2975 1300 ό
3008 1242 3222 1308 Παῦλός
3252 1259 3408 1314 φησι·
3446 1261 3468 1296 ι
3497 1244 3653 1316 Μνη-

2063 1346 2321 1420 μονεύετε
2350 1345 2460 1414 γὰρ
2490 1343 2647 1414 ὑμεῖς
2688 1338 2759 1394 τὰ
2801 1336 2931 1409 ἔθνη
2969 1336 3021 1389 οί
3049 1333 3376 1405 καλούμενοι
3412 1333 3652 1405 ἀκροᾶσ-

2061 1437 2206 1503 στία,
2239 1437 2319 1491 ὅτι
2344 1430 2444 1509 ἦτέ
2475 1449 2606 1488 ποτε
2659 1426 3069 1499 ἀπεξενωμένοι
3096 1424 3205 1487 τῶν
3243 1424 3531 1495 διαθηκῶν
3554 1425 3651 1496 τῆς

2060 1526 2414 1599 ἐπαγγελίας,
2447 1524 2545 1580 καὶ
2574 1520 2971 1594 κεχωρισμένοι
3000 1517 3100 1589 τῆς
3139 1516 3391 1586 εὐλογίας
3420 1515 3520 1570 τοῦ
3553 1517 3652 1572 Ἰσ·

2062 1621 2224 1694 ραὴλ,
2258 1617 2451 1675 ἐλπίδα
2509 1617 2584 1691 μὴ
2629 1616 2868 1687 ἔχοντες,
2918 1610 3014 1665 καὶ
3055 1608 3205 1665 ἄθεοι
3239 1609 3298 1662 ἐν
3322 1607 3405 1680 τῷ
3436 1608 3645 1679 κόσμῳ,

2062 1713 2181 1767 νυνὶ
2203 1711 2261 1765 δὲ
2290 1709 2605 1778 ἐπιγνόντες
2632 1705 2786 1760 Θεόν.
2825 1723 2847 1759 ι
2878 1699 3014 1757 Εἶτα
3056 1700 3149 1754 τὸν
3174 1698 3382 1772 τρόπον
3406 1697 3514 1769 τῆς
3537 1698 3642 1752 ἐπι·

386 1832 408 1867 ι
446 1810 625 1882 Prope
652 1818 706 1866 te
731 1809 952 1865 verbum
980 1815 1064 1861 est
1095 1805 1150 1859 in
1182 1819 1277 1860 ore
1305 1812 1396 1861 tuo
1428 1810 1483 1856 et
1524 1800 1577 1856 in
1626 1799 1790 1856 corde
1838 1804 1954 1865 tuo,
1990 1818 2032 1873 B
2059 1804 2315 1879 γνώσεως
2341 1804 2530 1868 αὐτοῖς
2552 1799 2915 1873 ἐξηγούμενος
2937 1796 3106 1866 λέγει·
3152 1811 3172 1847 .
3217 1793 3421 1863 Ἐγγύς
3450 1810 3550 1847 σου
3595 1791 3651 1847 τι

381 1902 436 1959 id
463 1909 567 1968 est,
598 1898 823 1955 verbum
851 1896 972 1951 fidet
998 1894 1142 1965 quod
1167 1893 1548 1963 praedicamus.
1573 1891 1708 1958 Quia
1755 1889 1800 1945 si
1830 1903 1959 1945 con-

382 1992 557 2048 sessus
581 1987 753 2043 fueris
798 2000 897 2042 ore
956 1994 1046 2040 tuo
1086 1983 1228 2054 qnod
1288 1982 1548 2037 Dominus
1591 1988 1676 2037 est
1702 1979 1878 2046 lesus,
1904 1990 1961 2036 et

257 2109 268 2117 ·
381 2082 675 2141 credideris
698 2080 749 2134 in
780 2077 946 2134 corde
975 2086 1088 2141 tuo,
1129 2077 1272 2145 quod
1297 2073 1440 2129 Deus
1499 2073 1674 2144 ipsum
1704 2072 1962 2128 'suscita-

381 2175 461 2230 vit
487 2189 552 2229 ex
583 2169 836 2236 mortuis,
864 2167 1048 2226 salvus
1081 2166 1194 2223 eris
1220 2164 1291 2222 ⁸⁰.
1325 2184 1344 2217 ι
1399 2163 1455 2219 Si
1493 2178 1623 2236 ergo
1654 2164 1746 2234 qui
1787 2161 1964 2218 credit

383 2263 440 2318 in
465 2261 767 2327 Christum,
795 2265 856 2314 et
871 2257 1164 2313 confitetur
1187 2253 1335 2326 quod
1367 2263 1452 2309 est
1475 2252 1756 2321 Dominus,
1793 2260 1964 2308 utve-

384 2368 503 2411 rum
529 2353 697 2408 Deum
720 2362 1081 2420 cognoscens,
1133 2345 1467 2416 justificatur
1491 2383 1508 2411 ,
1541 2344 1814 2415 quomodo
1853 2357 1963 2399 non

383 2445 834 2503 eritnaturatiter
882 2442 1026 2499 Deus
1075 2442 1280 2499 Filius?
1308 2441 1407 2510 Qni
1463 2448 1644 2496 autem
1701 2440 1806 2497 hoc
1857 2447 1961 2505 est.

382 2536 657 2610 quomodo
688 2536 758 2593 sit
785 2534 1074 2593 creatura!

1062 2751 1296 2812 suun.

459 2871 660 2929 Paulus
678 2867 981 2928 divinorum
1016 2882 1344 2926 arcanorum
1366 2865 1873 2923 administratorem
1899 2878 1967 2920 ac

387 2964 694 3022 ministrum
731 2962 969 3032 seipsum
1003 2975 1130 3020 esse
1157 2957 1482 3016 declaranst
1515 2976 1537 3009 ι
1562 2955 1860 3021 Audacius,
1884 2954 1971 3010 in-

389 3054 529 3126 quit,
552 3053 748 3123 scripsi
777 3052 935 3109 vohis
961 3068 1030 3110 ex
1051 3059 1206 3122 parte
1230 3050 1284 3106 in
1325 3049 1644 3106 memoriam
1685 3061 1782 3104 vos
1810 3045 1971 3105 redu·

389 3161 521 3203 cens
555 3160 653 3217 per
681 3143 915 3215 gratiam
949 3142 1135 3198 datam
1166 3141 1297 3202 mihi
1324 3155 1359 3195 a
1380 3140 1514 3207 Deo,
1543 3148 1607 3216 ιιι,
1646 3153 1825 3197 essem
1862 3137 1968 3194 mi-

2062 1896 2217 1970 ῥῆμά
2241 1896 2390 1949 ἐστιν
2410 1893 2470 1947 ἐν
2495 1890 2569 1963 τῷ
2604 1888 2833 1965 στόματί
2862 1904 2977 1956 σου,
3013 1885 3109 1941 καὶ
3123 1886 3183 1940 ἐν
3206 1886 3277 1957 τῇ
3306 1883 3510 1956 καρδίᾳ
3535 1900 3652 1946 σου,

2058 1985 2328 2048 τουτέστι,
2367 1981 2430 2037 τὸ
2465 1981 2616 2054 ῥῆμα
2642 1980 2744 2051 τῆς
2777 1977 3014 2040 πίστεως
3047 1976 3075 2030 ὃ
3122 1972 3498 2047 κηρύσσομεν.
3530 1975 3655 2029 Ὅτι

2061 2075 2157 2130 ἐὰν
2187 2074 2530 2147 ὁμολογήσῃς
2563 2073 2622 2125 ἐν
2651 2067 2730 2141 τῷ
2765 2064 2994 2139 στόματί
3023 2083 3139 2133 σου,
3172 2066 3255 2120 ὅτι
3294 2064 3499 2137 Κύριος
3543 2066 3655 2134 ’1η-

2063 2165 2211 2230 σοῦς,
2245 2165 2339 2218 καὶ
2386 2161 2687 2236 πιστεύσῃς
2736 2163 2794 2214 ἐν
2825 2160 2895 2231 τῇ
2925 2157 3123 2229 καρδίᾳ
3180 2171 3292 2223 σου,
3320 2155 3404 2210 ὅτι
3428 2155 3459 2209 ὁ
3510 2154 3650 2217 Θεὸς

2061 2256 2234 2312 αὐτὸν
2263 2256 2484 2328 ὴγειρεν
2534 2254 2601 2307 ἐκ
2643 2250 2880 2323 νεκρῶν,
2910 2247 3153 2321 σωθήσῃ.
3197 2266 3218 2300 ι
3256 2246 3382 2303 Ὅτε
3408 2246 3591 2302 τοίνυν
3620 2250 3651 2301 ὁ

2063 2348 2335 2403 πιστεύων
2365 2348 2447 2411 εἰς
2476 2344 2713 2419 Χριστὸν
2759 2342 2989 2414 Ἰησοῦν,
3011 2340 3107 2395 καὶ
3137 2338 3417 2412 ὁμολογῶν
3442 2338 3658 2394 3⁴:th-

2067 2440 2181 2513 ριός
2210 2440 2381 2506 ἐστιν,
2408 2438 2484 2502 ὡς
2512 2436 2647 2491 Θεὸν
2695 2433 2953 2504 ἐπιγνοὺς
2980 2431 3072 2487 τὸν
3100 2429 3381 2504 ἀληθινὸν,
3414 2428 3658 2487 δικαιοῦ-

2062 2547 2177 2596 ται,
2208 2528 2328 2592 πῶς
2373 2529 2476 2582 οὐκ
2539 2525 2654 2581 ἐστι
2696 2524 2842 2580 κατὰ
2892 2523 3058 2594 φύσιν
3084 2521 3221 2588 Θεὸς
3247 2523 3279 2575 ὁ
3313 2520 3485 2590 ndu
3521 2521 3579 2576 ‘0
3599 2521 3657 2575 δέ

2064 2615 2221 2675 τοῦτο
2243 2617 2530 2690 ὑπάρχων,
2559 2616 2679 2681 πῶς
2704 2616 2773 2671 ἂν
2805 2615 2891 2686 εἴη
2925 2614 3024 2668 καὶ
3048 2612 3298 2685 ποίημα;

2758 2752 2963 2808 ΔΛΛΟ.

2141 2867 2263 2924 Τῶν
2318 2866 2477 2924 θείων
2519 2866 2838 2938 μυστηρίων
2870 2865 3153 2937 οἰκονόμον
3190 2864 3286 2919 καὶ
3340 2863 3665 2937 λειτουργὸν

2070 2957 2261 3014 ἐαυτὸν
2288 2953 2651 3013 ἀναδεικνύων
2679 2956 2710 3008 ὁ
2737 2954 2972 3020 Παῦλος,
3034 2973 3053 3008 ι
3092 2953 3518 3027 Τολμηρότσρσν
3565 2953 3659 3022 u,

2072 3052 2259 3125 φησὶν,
2280 3050 2496 3125 ἔγραψα
2525 3052 2654 3124 ὑμῖν
2674 3050 2782 3106 ἀπὸ
2808 3051 3031 3124 μέρους,
3051 3051 3127 3117 ὡς
3152 3051 3664 3124 ἐπαναμιμνήσκων

2073 3146 2219 3216 ὑμᾶς
2256 3144 2343 3198 διὰ
2376 3142 2478 3216 τὴν
2503 3145 2664 3215 χάριν
2685 3145 2787 3217 τὴν
2812 3144 3058 3200 δοθεῖσάν
3090 3161 3180 3215 μοι
3212 3143 3319 3198 ὑπὸ
3349 3141 3451 3198 τοῦ
3489 3142 3663 3209 Θεοῦ.

392 3237 565 3292 nister
590 3234 719 3290 Jesu
743 3233 946 3290 Christi
980 3233 1050 3288 ad
1073 3244 1264 3304 gentes
1281 3271 1297 3297 ,
1354 3232 1669 3288 ministrans
1722 3230 1970 3302 Evange·
2070 3237 2149 3301 εἰς
2169 3236 2230 3289 τὸ
2249 3232 2387 3290 εἶναι
2422 3253 2492 3307 με
2520 3235 2833 3310 λειτουργὸν
2863 3237 3039 3307 Ἰησοῦ
3057 3234 3319 3308 Χριστοῦ,
3339 3237 3426 3301 είς
3444 3234 3518 3290 τὰ
3536 3232 3665 3307 “sq

389 3329 523 3384 tium
555 3327 670 3394 Dei,
711 3335 770 3382 ut
800 3326 896 3383 ssat
933 3325 1136 3380 oblatio
1158 3324 1399 3393 gentium
1438 3322 1805 3393 acceptabilis,
1842 3337 1970 3378 san-

393 3417 630 3473 ctiticata
657 3416 710 3470 in
740 3415 946 3486 Spiritu
975 3423 1166 3475 sancto
1183 3412 1252 3467 δ’.
1296 3430 1316 3464 ι
1354 3411 1495 3468 Ecce
1516 3413 1679 3468 etiam
1711 3413 1801 3468 hic
1847 3427 1966 3466 ma·

393 3506 590 3564 niseste
615 3521 674 3562 se
702 3522 799 3577 per
851 3504 1081 3577 gratiam
1141 3501 1375 3561 affirmat
1438 3518 1468 3557 a
1495 3555 1500 3560 ,
1526 3504 1635 3558 Deo
1693 3504 1969 3574 accepisse

392 3596 536 3667 quod
573 3594 648 3651 sit
674 3592 1065 3650 minister-iesu
1091 3591 1320 3648 Christi.
1349 3592 1552 3648 Deinde
1579 3592 1718 3648 sacri
1752 3595 1836 3648 sui
1865 3593 1968 3648 mi-

392 3689 602 3747 nisterii
623 3688 889 3744 rationem
918 3687 1226 3752 declarans,
1254 3703 1274 3737 ι
1308 3685 1361 3740 in
1381 3684 1751 3754 Evangelinm,
1771 3684 1966 3757 inquit,

392 3784 488 3838 Dei
514 3782 606 3838 δ”.
643 3799 664 3833 ι
723 3780 886 3850 Atqui
914 3777 1189 3834 Christum
1227 3774 1412 3832 lesum
1458 3775 1763 3847 praedicans
1805 3787 1968 3848 atque

391 3871 881 3944 evangelizans,ita
903 3868 1054 3925 novit
1070 3867 1267 3924 Filium
1292 3866 1612 3923 naturaiiter
1637 3868 1802 3923 Deum
1824 3881 1964 3925 esse.

390 3962 576 4034 Neque
614 3961 763 4018 enim
820 3961 1153 4018 nominasset
1211 3959 1402 4025 Deum,
1441 3960 1531 4030 qui
1581 3959 1634 4015 id
1667 3976 1731 4015 ex
1774 3968 1965 4014 natura

391 4069 489 4111 sua
515 4070 622 4111 non
643 4062 825 4122 esset;
861 4066 1038 4123 neque
1068 4052 1173 4108 hae
1201 4051 1270 4108 de
1300 4066 1358 4106 re
1387 4060 1668 4122 tantopere
1706 4052 1968 4123 gloriare·

394 4157 479 4220 tur
553 4145 742 4202 dicens
786 4162 804 4200 ι
850 4163 869 4198 ι
905 4142 1307 4215 Beneplacitum
1363 4141 1468 4197 suit
1536 4141 1649 4200 Deo
1721 4143 1967 4201 revelare

390 4233 585 4293 Filium
615 4249 772 4290 suum
803 4248 903 4304 per
947 4246 1034 4288 me
1054 4231 1164 4301 ”“,
1184 4248 1205 4282 ι
1237 4230 1284 4287 si
1313 4240 1564 4288 creatura
1588 4241 1804 4304 etopus
1831 4231 1969 4290 tuis·

667 4454 755 4511 Ex
779 4448 1022 4527 Epistola
1046 4453 1116 4509 ad
1151 4451 1453 4510 Corinthios
1483 4456 1676 4525 prima.

461 4597 536 4651 De
558 4594 890 4665 principibus
927 4591 1086 4662 hujus
1117 4592 1322 4660 soeculi,
1344 4602 1402 4650 et
1435 4593 1678 4664 ipsorum
1733 4594 1963 4653 stultitia

394 4686 553 4742 t‘erha
610 4686 815 4741 faciens
859 4684 1101 4741 Paulus:
1133 4702 1152 4737 ι
1198 4685 1255 4740 Si
1276 4686 1419 4740 enim
1468 4686 1630 4757 272
1665 4689 1963 4756 novissent,

1996 4531 2043 4586 D

2073 3326 2456 3398 ἱερουργοῦντα
2484 3326 2546 3380 τὸ
2578 3327 2910 3396 Εὐαγγέλιον
2941 3325 3036 3380 τοῦ
3069 3324 3226 3393 Θεοῦ,
3255 3326 3343 3380 ἵνα
3374 3325 3667 3398 rivam*

2070 3417 2357 3490 προσφορὰ
2407 3418 2516 3471 τῶν
2568 3417 2737 3471 ἐθνῶν
2781 3416 3183 3488 εὐπρόσδεκτος
3244 3416 3562 3490 ἡγιασμένη
3606 3417 3669 3471 ἐν

2070 3509 2348 3581 Πνεύματι
2372 3509 2530 3581 ἁγίῳ.
2559 3529 2577 3561 ι
2612 3509 2741 3563 Ἰδοὺ
2769 3509 2931 3562 πάλιν
2955 3507 3145 3564 ἐνθάδε
3171 3510 3358 3581 σαφῶς
3380 3508 3670 3583 ‘Ruptum

2074 3601 2173 3671 μὲν
2210 3602 2269 3654 ἐν
2292 3599 2512 3673 χάριτος
2558 3599 2713 3671 μέρει
2747 3600 2900 3672 παρὰ
2934 3599 3029 3654 τοῦ
3077 3600 3213 3655 Θεοῦ
3269 3598 3671 3675 διῖσχυρίζεται

2067 3690 2132 3744 τὸ
2158 3686 2298 3745 εἶναι
2335 3692 2648 3763 λειτουργὸς
2675 3691 2849 3765 Ἰησοῦ
2865 3692 3124 3763 Χριστοῦ.
3152 3690 3286 3747 Εἶτα
3312 3695 3413 3766 τῆς
3447 3695 3670 3768 ίερουρ-

2068 3782 2194 3851 γίας
2224 3782 2316 3837 τὸν
2355 3783 2557 3855 τρόπον
2595 3782 2979 3855 ἐξηγούμενος,
3019 3804 3038 3836 ι
3079 3786 3160 3848 εἰς
3198 3785 3261 3840 τὸ
3285 3785 3666 3855 Εὐαγγέλιον,

2070 3874 2228 3945 φησι,
2254 3874 2347 3928 τοῦ
2384 3874 2541 3928 Θεοῦ.
2570 3894 2589 3927 ι
2625 3876 2818 3929 Καίτοι
2846 3875 3079 3946 Χριστὸν
3134 3876 3341 3948 Ἰησοῦν
3367 3877 3667 3950 κηρύσσων

2070 3965 2164 4017 καὶ
2185 3965 2687 4035 εὐαγγελιζόμενος,
2713 3965 2887 4030 οὕτως
2916 3963 3025 4020 οἶδε
3048 3966 3208 4038 φύσει
3237 3967 3371 4024 Θεὸν
3410 3969 3538 4025 ὄντα
3564 3967 3659 4022 τὸν

2069 4054 2219 4110 Υίόν.
2253 4057 2329 4109 Οὐ
2359 4055 2468 4127 γὰρ
2496 4055 2560 4110 ἂν
2596 4056 2846 4128 ὠνόμασε
2877 4055 3009 4110 Θεὸν
3036 4057 3112 4130 μὴ
3140 4057 3298 4112 τοῦτο
3327 4059 3476 4115 κατὰ
3500 4059 3659 4130 φύσιν

2069 4142 2405 4214 ὑπάρχοντα·
2423 4143 2533 4196 οὐδ’
2554 4142 2621 4198 ἂν
2643 4144 2731 4214 ἐφ’
2758 4143 2938 4215 ἐαυτῷ
2978 4145 3113 4200 πολὺ
3147 4145 3267 4199 λίαν
3312 4148 3664 4221 ἐκαυχήσατο

2067 4234 2292 4304 λέγων,ι
2317 4235 2625 4306 Εὐδόκησεν
2648 4236 2678 4288 ό
2705 4233 2838 4299 Θεὸς
2854 4237 3203 4306 ἀποκαλύψαι
3231 4237 3466 4294 τὸν.Υίὸν
3490 4240 3664 4298 αὐτοῦ

2067 4324 2135 4379 δι’
2172 4324 2331 4396 ἐμοῦ,
2367 4345 2386 4378 ι
2420 4325 2583 4398 εἴπερ
2626 4321 2695 4397 ἦν
2728 4325 2933 4398 κτίσμα
2969 4328 3064 4381 καὶ
3095 4327 3327 4400 ποίημα.

2430 4461 2530 4515 Ἐκ
2558 4459 2662 4530 τῆς
2682 4461 2833 4530 πρὸς
2853 4462 3200 4530 Κορινθίους
3228 4470 3304 4519 α’.

2144 4596 2280 4667 Περὶ
2297 4595 2405 4650 τῶν
2439 4595 2716 4667 ἀρχόντων
2752 4596 2848 4649 τοῦ
2873 4597 3070 4660 αἰῶνος
3111 4596 3300 4651 τούτου
3348 4599 3446 4655 καὶ
3468 4599 3571 4670 τῆς
3599 4602 3663 4656 ἐν

2072 4687 2255 4750 αὐτοῖς
2288 4688 2502 4760 μωρίας
2551 4689 2682 4751 τοὺς
2734 4688 2924 4756 λόγους
2972 4688 3328 4760 ποιούμενος,
3380 4707 3400 4743 ι
3441 4692 3507 4746 Et
3547 4694 3662 4766 γὰρ

391 4779 592 4850 inquit.
659 4792 762 4833 non
818 4779 1006 4849 utique
1061 4778 1345 4835 Dominum
1417 4778 1601 4847 gloriae
1662 4779 1967 4836 crucifixis—
2072 4777 2337 4847 ἔγνωσαν,
2365 4781 2549 4850 φησιν,
2573 4779 2675 4833 οὐκ
2709 4779 2774 4833 ἂν
2794 4779 2886 4833 τὸν
2900 4778 3101 4852 Κύριον
3138 4782 3237 4851 τῆς
3269 4781 3432 4854 δόξης
3463 4786 3663 4839 ἐσταύ·

389 4865 596 4924 εσιιι“.
630 4885 650 4919 ι
687 4866 745 4921 Si
775 4879 903 4938 ergo
951 4867 1121 4923 Filius
1167 4876 1249 4923 est
1302 4866 1563 4923 Dominus
1607 4866 1814 4940 gloriae,
1869 4869 1964 4940 qui
2076 4887 2277 4944 ρωσαν.
2320 4890 2338 4925 ι
2376 4871 2584 4926 Οὐκοῦν
2622 4874 2672 4926 εί
2715 4873 2813 4943 τῆς
2841 4872 2999 4945 δόξης
3048 4873 3258 4945 Κύριός
3309 4877 3463 4931 ἐστιν
3502 4879 3534 4931 ὁ
3562 4879 3662 4933 τὸν
3731 4854 3739 4859 ο

389 4974 487 5030 pro
521 4957 676 5013 nobis
693 4973 912 5013 crucem
946 4959 1206 5016 sustinuit
1228 4958 1296 5026 ⁸⁰,
1322 4958 1592 5031 quomodo
1626 4973 1733 5016 non
1768 4961 1840 5017 sii
1866 4977 1965 5018 tta-
2075 4959 2307 5033 σταυρὸν
2332 4961 2630 5030 ὑπομείνας
2653 4961 2801 5026 Υίὸς,
2836 4962 2955 5025 πῶς
2990 4962 3091 5018 ούκ
3123 4963 3239 5018 ἔστι
3283 4965 3445 5034 φύσει
3479 4967 3658 5037 Θεὸςς

391 5061 508 5104 tura
544 5049 703 5116 Deus,
733 5056 827 5102 aut
856 5051 1126 5118 quomodo
1177 5053 1247 5107 sit
1299 5066 1434 5123 opus
1461 5052 1838 5119 velereatura,
1870 5054 1963 5125 qui
2074 5053 2192 5116 πῶς
2217 5052 2275 5107 δὲ
2318 5052 2523 5123 κτίσμα
2555 5050 2589 5123 ἢ
2642 5051 2874 5122 ποίημα,
2915 5054 2944 5106 ό
2974 5054 3067 5107 καὶ
3121 5054 3227 5108 ὑπὸ
3261 5055 3373 5110 τῶν
3401 5057 3661 5132 Σεραφὶμ

388 5155 417 5194 a
451 5138 737 5211 Seraphim
773 5140 1127 5195 decantatur?
1147 5142 1342 5198 Plenos
1383 5144 1527 5199 enim
1550 5142 1788 5201 clamant
1841 5159 1964 5200 esse
2072 5143 2440 5215 ὑμνούμενοςς
2471 5143 2661 5213 Πλήρη
2702 5142 2809 5213 γὰρ
2859 5136 2999 5196 εἷναί
3029 5160 3161 5213 φασι
3195 5145 3289 5199 τόν
3314 5162 3377 5200 τε
3422 5148 3659 5220 οὐρανὸν

388 5232 556 5286 coelos
580 5244 634 5287 et
655 5243 851 5288 terram
884 5231 1053 5302 gioria
1087 5232 1256 5303 ipsius
1278 5271 1299 5300 ,
1335 5245 1392 5290 et
1419 5235 1705 5292 Dominum
1730 5235 1967 5292 Sabaoth
2067 5237 2160 5289 καί
2189 5234 2286 5306 τὴν
2307 5235 2411 5304 γῆν
2438 5236 2537 5304 τῆς
2587 5233 2745 5304 δόξης
2798 5234 2983 5289 αὐτοῦ·
3015 5237 3111 5290 καὶ
3158 5237 3365 5308 Κύριον
3421 5239 3656 5296 Σαὸαὼθ

390 5324 662 5393 appellant
692 5324 778 5376 Ψ.
833 5322 1174 5379 Manifestum
1239 5326 1382 5380 enim
1437 5336 1522 5381 est
1568 5328 1635 5383 de
1694 5329 1811 5397 ipso
1866 5328 1969 5383 hoc
2064 5325 2409 5397 ὀνομάζουσι.
2433 5326 2605 5396 Δῆλον
2658 5326 2767 5398 γὰρ
2808 5325 2891 5380 ὅτι
2936 5327 3068 5397 περὶ
3120 5328 3290 5383 αὐτοῦ
3318 5329 3388 5383 τὰ
3418 5330 3654 5386 τοιαῦτα

392 5405 518 5480 d'ici,
551 5415 815 5485 siquidem
870 5427 951 5471 est
978 5415 1236 5472 Dominus
1286 5417 1674 5489 gius-immixta
1711 5419 1965 5475 Pauiidi·

391 5517 558 5562 ctum.

2063 5434 2247 5487 φασιν,
2280 5417 2438 5488 εἴπερ
2472 5419 2706 5488 ἐστἰτῆς
2744 5418 2901 5490 δόξης
2940 5418 3178 5490 Κύριος,
3216 5421 3355 5476 κατὰ
3393 5421 3495 5493 τὴν
3553 5421 3650 5475 τοῦ

2061 5508 2274 5562 Παύλου
2312 5510 2516 5580 φωνὴν.

461 5686 509 5720 ⁸²
533 5684 693 5744 joan.
721 5700 796 5752 vt,
824 5684 914 5740 40.
990 5681 1036 5716 “
1063 5681 1217 5738 Jnan.
1241 5698 1314 5743 ιιι,
1342 5679 1435 5736 25.
1511 5679 1555 5712 ⁸⁸
1582 5679 1778 5749 Ephcs.
1808 5696 1868 5740 ιι.
1902 5681 1990 5748 ΙΙ,
2024 5682 2110 5737 ts.
2190 5682 2235 5715 '⁶‘
2261 5681 2414 5737 num.
2454 5699 2507 5748 x,
2534 5686 2586 5749 8,
2620 5688 2672 5742 9.
2755 5689 2796 5719 ⁸⁷
2830 5686 2988 5745 Rom.
3017 5704 3105 5758 xv,
3139 5689 3220 5761 ¹5,
3249 5688 3335 5759 ιβ,
3403 5693 3470 5726 ιν·
3493 5691 3657 5750 nom·

389 5762 432 5821 t,
472 5759 519 5813 ί.
581 5758 665 5790 ⁸²¹·
688 5755 866 5811 Galat.
897 5770 937 5823 ι,
975 5755 1062 5822 15,
1092 5751 1178 5809 to.
1253 5754 1303 5788 ⁸⁸
1334 5751 1504 5808 tCor.
1534 5766 1592 5820 ιι,
1626 5752 1679 5806 8.

1755 5753 1800 5784 ¹⁵·
1836 5750 1999 5808 flebr.
2030 5768 2128 5820 xn,
2155 5752 2209 5808 2.

2289 5754 2353 5787 ⁸⁸·
2386 5751 2488 5813 isa.
2523 5773 2597 5823 vt,
2629 5759 2679 5812 3.
