3809 6125
60 528 96 541 ο

20 3212 51 3291 §¹—

20 3516 67 3639 ,ἓ

156 335 297 391 ¹015

1214 343 1304 402 DE
1339 345 1438 405 SS.
1477 343 1850 420 Tamiram
1888 340 2235 402 mametis
2272 340 2363 398 Vl.

3273 347 3413 407 10ss

149 450 475 522 ἀναμαθεῖν,
503 453 586 507 ὅτι
618 457 757 510 κατὰ
787 455 948 527 φύσιν
975 458 1128 531 ἅγιος
1147 462 1176 517 ό
1200 463 1347 532 Υἱὸς,
1376 465 1472 521 καὶ
1498 465 1560 521 οὐ
1584 465 1727 521 κατὰ
1751 469 1802 529 A
1826 462 2125 520 secundum
2180 467 2435 517 naturam
2478 466 2732 517 sanctam
2783 473 2906 517 esse
2949 459 3171 533 Filium,
3204 471 3258 521 ct
3300 481 3409 523 non

155 541 378 615 μέθεξιν
411 544 478 597 ὲκ
506 545 740 617 Πατρός.

226 637 296 689 Α.
331 635 441 689 Καὶ
477 638 605 708 μὴν,
635 638 710 703 ὡς
753 634 987 711 ἐγῷμαι,
1039 646 1146 709 πᾶς
1176 662 1261 709 τις
1285 640 1379 701 οῦν
1402 647 1457 700 εί
1496 662 1561 715 γε
1603 643 1730 702 νοῦν

148 724 298 796 ἔχοις
319 725 693 797 κατατιθήποι
721 727 809 794 ἂν,
846 732 1005 801 εἰπερ
1035 732 1167 786 Ιδιον
1194 728 1334 786 εἶναι
1367 731 1728 804 διοριζόμενοι

146 817 213 871 τὸ
241 817 468 889 Πνεῦμα
515 818 612 872 τοῦ
646 819 798 886 Υίοῦ,
838 820 1306 891 καταψηφιοῦνται
1345 824 1510 878 πάλιν
1558 822 1726 879 αὐτοῦ

145 907 248 979 τὴν
278 906 516 979 μέθεξιν,
541 911 636 963 καὶ
660 910 754 966 τὸν
791 912 856 965 ἐκ
885 911 1022 967 Θεοῦ
1052 915 1266 988 Πατρδς
1297 915 1382 970 διὰ
1409 914 1727 987 Πνεῦματος

151 1001 451 1072 ἁγιασμόν,
481 1002 855 1075 εἰσκεκρίσθαι
909 1005 971 1059 τέ
1008 1023 1160 1076 φασι,
1200 1008 1295 1063 καὶ
1321 1006 1472 1061 δοτὸν
1516 1007 1594 1072 ὡς
1625 1008 1726 1062 οὐκ

142 1093 327 1164 ἔχοντι
347 1093 600 1162 γενέσθαι
624 1096 774 1151 ποτέ.
817 1098 1013 1151 Καίτοι-
1041 1099 1094 1152 τί
1128 1098 1331 1170 δήποτε
1349 1100 1451 1171 τῆς
1471 1099 1724 1158 ἐντεῦθεν

141 1186 381 1250 ἀτοπίας
416 1185 488 1239 τὰ
537 1186 709 1259 βλάὸη
752 1187 1060 1257 βασανίζειν
1106 1190 1208 1243 οὐκ
1259 1190 1597 1262 ἀνεχόμενοι,
1630 1192 1724 1245 ἐπὶ

143 1278 314 1349 μόνον
358 1277 528 1332 ἵενται
573 1279 668 1333 καὶ
717 1279 876 1333 τοῦτο
916 1280 1388 1345 ἀκατασκέπτως,
1430 1281 1492 1335 τό
1539 1299 1723 1352 σφισιν

136 1369 333 1432 αὐτοῖς
356 1367 455 1439 ἡδύ
478 1386 493 1436 ;
525 1370 801 1441 Μετάσχοι
820 1370 930 1443 γὰρ
955 1371 1021 1425 ἂν
1046 1373 1075 1425 ό
1102 1371 1228 1436 Υἰὸς
1251 1371 1345 1426 τοῦ
1379 1372 1520 1427 Πνεύ
1530 1389 1719 1443 ματος,

137 1461 286 1516 κατὰ
309 1460 431 1515 τίνα
453 1460 519 1532 δὴ
545 1461 767 1533 τρόπον,
788 1462 1113 1535 ὡςθύραθεν
1132 1463 1537 1533 ὲπεισθέοντοςς
1573 1464 1722 1519 Μέτ-

133 1569 270 1623 οχον
314 1551 423 1624 γὰρ
463 1552 660 1606 ἑαυτοῦ
709 1553 992 1619 παντελῶς
1026 1554 1202 1610 οὐδέν.
1248 1555 1391 1609 Ἀλλ’
1429 1555 1529 1611 οὐκ
1565 1556 1624 1611 ἔν
1656 1574 1720 1626 γε

132 1644 221 1715 τῷ
264 1644 414 1716 σοφῷ
442 1643 538 1698 καὶ
583 1645 803 1717 ἀκριὸεἴ
827 1645 1092 1717 λογισμῷ,
1134 1647 1202 1702 τὰ
1234 1647 1394 1716 φύσει
1447 1649 1723 1721 προσόντα

130 1736 275 1801 τισὶ,
313 1736 415 1807 τὴν
443 1735 553 1790 τῶν
583 1738 910 1808 εἰσποιητῶν
944 1739 1296 1812 ὑποκρίναιτο
1337 1740 1521 1809 δόξαν,
1550 1742 1720 1813 ὴγουν

1830 552 2129 611 secundnm
2159 551 2633 624 participationem
2657 566 2728 608 ox
2757 552 2942 610 Patre.

1893 644 1963 699 Α.
1986 641 2152 711 Atqui
2176 656 2336 698 nemo
2366 656 2474 699 non
2514 657 2660 699 sanae
2699 644 2929 713 mentis,
2964 654 3025 703 ut
3066 661 3211 715 reor,
3241 648 3409 707 mira-

1829 731 1975 789 bitur
2000 731 2148 803 quod
2179 746 2305 788 cum
2342 732 2623 803 proprium
2655 747 2781 790 esse
2830 732 2959 790 Filii
3007 734 3268 807 Spiritum
3298 748 3412 796 sta-

1828 832 2003 891 tuant,
2052 826 2104 880 ei
2149 838 2343 880 rursus
2383 824 2858 897 participationem
2906 828 3205 897 ascribant,
3250 837 3407 887 etex

1825 913 1939 970 Deo
1955 914 2115 971 Patre
2139 927 2237 987 per
2261 914 2524 985 Spiritum
2549 916 3036 975 sanctificationem
3054 920 3405 978 adventitiam

1830 1021 1960 1063 esse
1994 1006 2199 1075 dicant,
2229 1016 2285 1062 et
2311 1005 2604 1076 aliquando
2635 1007 2816 1063 datam
2868 1023 2966 1065 ceu
3008 1026 3117 1067 non
3157 1012 3403 1072 babenti.

1823 1096 1894 1151 Αι
1927 1111 2027 1152 cur
2062 1095 2418 1153 absurditatis
2465 1110 2585 1168 quae
2624 1096 2754 1153 hinc
2802 1099 3050 1170 sequitur
3102 1103 3407 1160 examinari

1825 1186 2025 1242 damna
2050 1201 2157 1243 non
2192 1187 2452 1256 ferenteS,
2490 1190 2555 1244 ad
2603 1187 2775 1246 solam
2814 1205 2971 1247 suam
3026 1192 3277 1250 seruntur
3315 1196 3404 1251 in-

1824 1276 2167 1335 considerate
2207 1278 2532 1335 libidinem?
2577 1279 2695 1348 Quo
2726 1288 2887 1352 pacto
2918 1282 3079 1339 enim·
3108 1283 3279 1342 Filius
3319 1286 3404 1342 sui

1825 1367 2062 1440 Spiritus
2091 1370 2360 1441 particeps
2399 1368 2580 1439 suerit,
2620 1387 2719 1428 ceu
2758 1373 3101 1432 extrinsecus
3140 1376 3341 1435 invecti
3370 1378 3400 1436 2.

1823 1456 1969 1514 Nihil
1989 1459 2134 1515 enim
2173 1458 2334 1529 plane
2361 1459 2564 1516 suimet
2589 1470 2677 1517 est
2705 1463 3000 1535 particeps.
3036 1464 3146 1522 Sed
3177 1467 3225 1523 si
3256 1476 3404 1525 recte

1823 1565 2066 1621 saneque
2111 1550 2420 1607 ratiocinari
2457 1550 2731 1620 volumus,
2782 1570 2903 1626 quae
2949 1564 3145 1612 natura
3204 1557 3395 1614 insunt

1823 1642 2117 1713 aliquibus,
2137 1657 2480 1716 nequaquam
2507 1643 2652 1700 velut
2684 1647 2984 1704 adventitia
3012 1649 3402 1718 censebuntur,

1823 1743 1918 1788 aut
1947 1748 2128 1790 rerum
2162 1743 2513 1791 externarum
2552 1735 2671 1793 loco
2703 1749 2887 1795 erunt.
2930 1739 3210 1808 Quomodo
3235 1741 3403 1814 igitur

134 1827 203 1882 tv
230 1827 345 1890 τοῖς
380 1826 488 1880 τῶν
520 1826 740 1881 όθνείων
783 1829 1068 1896 τετάξεται
1097 1829 1295 1899 λόγοις.
1342 1831 1468 1895 Πῶς
1504 1827 1599 1886 οὖν
1636 1830 1724 1885 διὰ
1754 1816 1795 1871 B
1823 1842 1923 1897 per
1967 1825 2230 1898 Spiritum
2270 1826 2665 1884 sanctificatum
2714 1844 2837 1886 esse
2880 1831 3055 1901 aiunt,
3091 1847 3214 1889 cum
3254 1832 3401 1890 clare

132 1918 461 1990 Πνεῦματος
510 1918 770 1989 ἡγιάσθαι
811 1922 977 1989 φασὶ,
1027 1922 1204 1975 καίτοι
1261 1922 1487 1991 λέγοντα
1536 1923 1723 1993 σαφῶς

129 2011 273 2082 περὶ
292 2008 388 2064 τοῦ
410 2009 752 2082 Πνεῦματος·
789 2030 807 2063 ι
835 2012 959 2065 Ὅτι
984 2013 1049 2066 ὲκ
1078 2012 1172 2066 τοῦ
1202 2012 1337 2084 ἐμοῦ
1375 2013 1606 2085 λήψεται
1629 2015 1724 2071 καὶ

104 2100 434 2171 ’ἀναγγελεῖ
477 2102 639 2173 ὑμίν;
676 2120 695 2153 ι
742 2102 853 2156 Καὶ
893 2101 1051 2156 τοῦτό
1098 2120 1278 2174 φαμεν
1329 2105 1391 2159 οὐ
1443 2103 1722 2177 μεθεκτῶς

129 2188 282 2250 εἶναί
342 2210 396 2248 τι
441 2194 790 2257 πιστεύοντες
839 2193 947 2247 τῶν
998 2194 1055 2248 ὲν
1092 2193 1171 2267 τῷ
1220 2195 1360 2267 ἁγίῳ
1416 2195 1730 2268 Πνεῦματιι

134 2283 453 2340 παντόλειον
483 2284 593 2355 γὰρ
622 2285 715 2339 καί
745 2285 992 2351 ἀνενδεὲς
1021 2285 1150 2339 κατ’
1169 2286 1301 2340 ἰδίαν
1334 2288 1451 2346 ἐστὶ
1476 2287 1636 2359 φύσιν
1663 2305 1720 2342 τε

138 2377 247 2431 καὶ
266 2373 498 2449 ὕπαρξιν
516 2393 531 2409 ·
564 2377 741 2430 ἐκεῖνο
768 2376 824 2431 δὲ
851 2376 1051 2446 μᾶλλον
1085 2377 1608 2449 κατασημαίνοντες,
1638 2378 1722 2432 ὅτι

136 2467 249 2540 τῆς
264 2467 358 2522 τοῦ
390 2466 529 2523 Θεοῦ
561 2468 656 2522 καὶ
683 2468 895 2539 Πατρδς
924 2468 1132 2533 οὐσίας,
1157 2467 1367 2523 καὶτοῦ
1391 2470 1531 2524 κατὰ
1561 2469 1723 2539 φύσιν

126 2560 199 2627 ἐξ
230 2560 396 2614 αὐτοῦ
423 2577 483 2615 τε
535 2560 629 2615 καὶ
658 2562 716 2613 ὲν
753 2560 904 2632 αὐτῷ
953 2561 1254 2631 πεφηνότος
1285 2561 1463 2631 Λόγου
1498 2562 1723 2634 Πνεῦμα

126 2651 403 2723 ὑπάρχον,
449 2654 561 2707 πᾶν
610 2655 747 2726 ὅπερ
788 2653 909 2707 ἐστὶ
955 2653 1055 2723 τῆς
1089 2652 1343 2725 θεότητος
1384 2653 1536 2718 ἴδιον,
1578 2653 1722 2708 κατὰ

122 2744 301 2815 φύσιν
334 2744 623 2814 ἐπάγεται,
646 2746 831 2823 πηγὴν
862 2744 963 2817 μὲν
991 2743 1182 2815 ὥσπερ
1211 2744 1334 2817 ἔχον
1364 2745 1559 2817 αὐτὴν,
1584 2763 1721 2818 προ-

118 2836 394 2911 χεόμενον
436 2837 494 2893 δὲ
539 2837 729 2912 ὥσπερ
761 2839 828 2892 ἐκ
878 2836 974 2892 τοῦ
1022 2836 1256 2909 Πατρός,
1291 2834 1381 2890 διὰ
1424 2836 1518 2890 τοῦ
1564 2836 1719 2903 Υἰοῦ,

122 2927 235 2983 καὶ
272 2927 502 2997 ἁγιάζον
528 2927 628 2997 τὴν
669 2927 871 2981 κτίσιν.
922 2926 986 2981 Εἰ
1011 2926 1066 2981 δὲ
1102 2926 1168 2997 δὴ
1200 2926 1294 2982 καί
1318 2926 1482 2981 αὑτὸν
1519 2926 1725 2983 οἴονται

124 3019 260 3095 μεθ’
287 3019 450 3092 ὴμῶν
475 3017 739 3089 ἡγιάσθαι
766 3017 860 3072 τὸν
887 3016 1080 3086 Λόγον,
1117 3018 1187 3073 τὰ
1221 3021 1286 3072 ὲκ
1309 3018 1606 3094 φληνάφων
1639 3020 1722 3086 εἰς

118 3112 296 3168 τοῦτο
328 3109 682 3176 συλλέγοντες
708 3107 1009 3178 λογισμῶν,
1034 3107 1349 3180 φραζόντων
1380 3113 1576 3170 ὲκεῖνο.

209 3203 274 3254 Β.
316 3197 392 3252 Τὸ
414 3196 468 3252 τί
502 3198 602 3270 δή;
1279 3260 1292 3279 ·

215 3292 284 3346 A.
317 3290 392 3362 Τῇ
415 3288 523 3343 τῶν
544 3289 790 3361 γενητῶν
814 3287 976 3359 φύσει
1005 3290 1067 3344 τὸ
1086 3290 1315 3364 Πνεῦμα
1336 3296 1720 3369 προσομιλοῦν,

125 3381 347 3450 ὀνίνησι
415 3378 517 3449 μὲν
575 3378 748 3449 αὐτὴν
781 3378 1261 3454 ὁμολογουμένως·
1304 3382 1517 3455 γᾶνοιτο
1555 3384 1600 3440 δ’
1629 3386 1719 3457 ἂν,

120 3466 373 3541 ὧ’γαθὲ,
401 3471 486 3535 τίς
514 3473 541 3526 ό
561 3470 713 3524 τοῦδε
742 3472 983 3543 τρόπος;
1014 3471 1176 3542 ἁγίαν
1203 3472 1376 3547 αὐτὴν
1404 3477 1703 3536 ἀποτελεῖ..

206 3565 272 3619 Β.
308 3563 519 3620 Οὐκοῦν
563 3563 861 3630 εκδείξειας
897 3563 985 3632 ἂν,
1013 3566 1282 3638 ἀσαφείας
1309 3568 1452 3641 δίχα.
1486 3570 1721 3647 Συνίημι

20 3648 43 3659 ”
138 3656 247 3731 ’γὰρ
271 3656 390 3711 οὔτι
420 3675 544 3715 που.
569 3657 623 3711 τί
642 3659 697 3712 δὲ
719 3659 785 3730 δὴ
809 3657 969 3713 τοῦτό
995 3660 1112 3713 ἐστι
1136 3661 1198 3715 τὸ
1218 3661 1380 3732 ἁγίαν
1409 3664 1718 3732 ἀποτελεῖν,

20 3704 117 3859 ’¹
132 3750 376 3823 φράσαις
409 3749 474 3804 ἂν
505 3749 741 3805 ὲθὲλοντί
770 3769 879 3823 μοι.

204 3841 274 3895 A.
308 3841 420 3895 Καὶ
459 3841 625 3913 μάλα.
676 3843 787 3915 Τὴν
837 3845 947 3918 γάρ
976 3862 1057 3900 τοι
1112 3846 1289 3903 κτίσιν
1339 3849 1439 3920 τὴν
1470 3846 1719 3924 λογικὴν,

130 3932 412 4004 ἁμαρτίας
443 3932 655 4003 ἀμείνω
683 3935 779 3989 καί
809 3936 908 4008 τῆς
945 3939 1024 4002 εἰς
1068 3938 1386 4011 φαυλότητα
1437 3957 1718 4014 παρατρο-

128 4020 254 4093 πῆς
304 4023 624 4092 ἀποφαῖνον,
663 4028 1006 4097 μεταμορφοῖ
1050 4027 1187 4100 πρὸς
1235 4027 1420 4084 εἰκόνα
1474 4030 1568 4085 τοῦ
1600 4032 1719 4086 κτί-

132 4130 334 4178 σαντος
365 4114 430 4168 δι’
460 4116 764 4186 ἀγιασμοῦ·
804 4118 959 4188 ἅγιος
993 4117 1103 4189 γὰρ
1132 4121 1162 4173 ό
1201 4122 1420 4177 πάντων
1439 4125 1715 4199 Δημιουρ-

127 4207 265 4278 γδς,
313 4205 394 4260 διδ
435 4209 529 4262 καί
580 4225 779 4280 φησιν·
836 4227 858 4262 s
917 4211 1098 4281 Ἀγιοι
1144 4211 1370 4280 ἔσεσθε,
1421 4214 1561 4270 διότι
1603 4215 1714 4287 ἐγὼ

127 4298 312 4370 ἅγιος.
342 4318 361 4352 a

202 4391 270 4447 Β.
325 4390 618 4464 Ὀρθότατα
650 4392 804 4466 ἔφης.

1826 1918 1974 1974 dicat
2003 1916 2071 1973 de
2112 1915 2359 1989 Spiritu:
2403 1937 2421 1970 ι
2463 1917 2733 1985 Quoniam
2768 1920 2835 1977 de
2881 1935 3002 1977 meo
3048 1923 3297 1994 accipiet.
3344 1932 3401 1981 et

1825 2008 2175 2065 annuntiabit
2202 2009 2397 2066 vobis?
2427 2028 2448 2064 ι
2479 2009 2656 2081 Atque
2682 2012 2786 2068 lnoc
2825 2010 3079 2081 dicimus,
3122 2028 3227 2070 non
3256 2017 3398 2087 quod

1825 2101 2111 2157 credamus
2143 2114 2263 2157 esse
2311 2116 2408 2171 per
2446 2102 2923 2173 participationem
2959 2103 3165 2175 aliquid
3206 2120 3397 2162 eornm

1823 2208 1944 2265 qnae
1973 2201 2102 2249 suut
2146 2192 2200 2248 in
2244 2193 2446 2266 Spiritu
2502 2193 2957 2266 (perfectissimus
3004 2195 3149 2253 enim
3206 2206 3289 2253 est
3334 2212 3399 2256 ac

1823 2282 2023 2341 nullius
2059 2283 2271 2359 indigus
2294 2290 2489 2342 natura
2512 2286 2633 2355 sua)
2661 2302 2678 2342 ι
2720 2285 2816 2342 sed
2845 2284 2976 2340 illud
3013 2286 3197 2357 potius
3227 2286 3400 2360 signi-

1824 2375 2234 2446 iicamus,quod
2259 2391 2381 2432 cum
2411 2375 2507 2432 Dei
2529 2390 2595 2431 ac
2615 2375 2793 2435 Patris
2821 2376 3139 2433 substantiae
3158 2388 3215 2435 et
3238 2376 3405 2436 Verbi

1824 2466 2122 2524 secundum
2142 2475 2390 2524 naturam
2424 2482 2493 2524 ex
2519 2467 2637 2540 ipso
2664 2467 2786 2523 etin
2811 2465 2927 2538 ipso
2939 2466 3247 2540 effulgentis
3277 2468 3403 2541 Spi-

1824 2560 1965 2615 ritus
1986 2558 2079 2626 sit,
2105 2574 2269 2617 omine
2297 2560 2351 2617 id
2375 2561 2740 2632 quodcunque
2771 2558 2989 2616 deitatis
3010 2562 3291 2631 proprium
3315 2575 3400 2618 se-

1822 2651 2058 2707 cundum
2086 2662 2335 2710 naturam
2360 2660 2463 2720 est,
2496 2652 2735 2718 asciscit,
2760 2651 2965 2708 iontem
3004 2652 3402 2725 quodammodo

1822 2740 1997 2811 ipsam
2035 2742 2264 2807 babens,
2294 2752 2350 2798 et
2378 2755 2456 2801 ex.
2497 2741 2615 2814 ipso
2653 2741 2818 2799 veluti
2859 2740 3024 2799 Patre
3069 2758 3402 2814 promanans

1821 2848 1921 2905 per
1944 2832 2253 2903 Filium,·et
2280 2831 2629 2892 sanctificans
2656 2842 2985 2892 creaturam.
3019 2830 3139 2892 «lam
3185 2834 3235 2890 si
3264 2833 3400 2891 Ver-

1821 2924 1953 2979 bum
1999 2922 2178 2996 ipsnm
2231 2937 2452 2995 qnoque
2503 2922 2787 2981 nobiscum
2837 2921 3236 2980 sanctiticatam
3276 2936 3402 2980 esse

1822 3025 2040 3089 putant,
2069 3015 2268 3075 stultas
2304 3016 2373 3074 ad
2416 3016 2469 3074 id
2500 3016 2839 3089 probandam
2872 3015 3209 3074 ratiunculas
3234 3014 3393 3073 colli·

1747 3146 1797 3212 C
1825 3109 2255 3182 gentes,dicant,
2275 3124 2482 3181 quaeso.

1894 3199 1959 3257 B.
1994 3199 2307 3271 Quidnam?

1891 3291 1962 3350 A.
2017 3290 2152 3351 Cum
2205 3307 2391 3351 rernm
2438 3302 2747 3350 creatarum
2791 3299 3003 3349 naturae
3054 3290 3302 3364 Spiritus
3337 3307 3399 3349 se

1822 3386 2211 3452 communicat,
2237 3383 2393 3454 juvat
2426 3384 2645 3456 quidem
2693 3383 2868 3455 ipsam
2895 3381 3293 3454 proculdubio.
3328 3382 3400 3437 At

1821 3476 1915 3549 qui
1943 3456 2158 3531 demum
2188 3473 2322 3534 illud
2344 3474 2428 3540 lit,
2459 3474 2678 3531 amice?
2708 3481 2952 3530 sanctam
2993 3473 3167 3544 ipsam
3201 3472 3398 3529 reddit.

1891 3567 1955 3626 B.
1985 3566 2224 3626 Ostende
2247 3580 2377 3638 ergo
2402 3566 2542 3623 citra
2584 3564 2998 3622 obscuritatem.
3042 3563 3396 3634 Nequaquam

1820 3664 1967 3720 enim
1996 3662 2173 3735 capio.
2203 3659 2346 3733 Quid
2377 3674 2540 3732 porro
2567 3658 2697 3715 illud
2725 3658 2820 3723 sit,
2852 3667 3099 3714 sanctam
3147 3656 3398 3721 reddere,

1820 3771 2030 3829 quaeso,
2055 3753 2187 3811 mibi
2214 3754 2521 3810 edisseras.

1890 3847 1957 3902 A.
2007 3846 2229 3902 Faciam
2272 3845 2466 3901 libens.
2512 3841 2835 3899 Creaturam
2881 3839 3031 3896 enim
3073 3836 3397 3895 rationalem

1820 3945 2045 4011 peccato
2076 3945 2133 3994 et
2152 3935 2505 3992 conversione
2527 3935 2603 3988 ad.
2623 3932 2813 3989 vitium
2854 3929 3015 4005 595
3059 3930 3410 4000 superiorem.

1819 4029 2088 4096 efficiens,
2136 4029 2494 4085 transformat
2532 4041 2652 4082 eam
2694 4027 2761 4081 ad
2802 4025 3090 4097 imaginem
3120 4021 3398 4080 creatoris

1819 4138 1917 4194 per
1949 4115 2712 4181 sanctificationem.Sanctus
2727 4117 2871 4171 enim
2906 4126 2992 4172 est
3016 4114 3244 4171 Creator
3269 4115 3395 4169 nni-

1819 4214 2001 4271 versi:
2036 4214 2241 4270 idcirco
2271 4212 2389 4268 ait:
2436 4230 2460 4264 ι
2505 4209 2694 4268 Sancti
2741 4219 2939 4275 estote,
2987 4207 3247 4279 quoniam
3296 4221 3404 4278 ego.

1818 4313 2042 4360 sanctus
2062 4317 2185 4360 sum
2220 4301 2290 4357 ⁸⁹.
2321 4319 2341 4355 ι

1889 4395 1955 4454 Β.
1995 4396 2321 4453 Rectissime
2357 4392 2565 4451 dixisti.

200 4484 273 4538 A.
327 4483 654 4554 Ἐκτίσμεθα
685 4484 794 4556 γὰρ
825 4485 920 4540 καὶ
953 4487 1115 4557 ἡμεῖς
1145 4485 1301 4541 αὐτοὶ
1322 4527 1339 4554 ,
1370 4489 1492 4543 κατ’
1526 4489 1713 4548 εἰκόνα
1745 4489 1790 4546 b
1889 4491 1961 4548 A.
1999 4488 2106 4560 lpsi
2140 4488 2287 4545 enim
2313 4485 2485 4541 creati
2512 4499 2701 4540 sumus
2731 4484 2894 4540 ctiam
2930 4484 2998 4541 ad
3025 4484 3311 4555 imaginem
3340 4494 3404 4541 et

123 4576 231 4635 καὶ
263 4575 524 4647 ὁμοίωσιν
548 4576 704 4631 Θεοῦ.
722 4578 796 4629 Τὸ
823 4578 879 4631 δὲ
905 4577 972 4649 δὴ
999 4578 1090 4632 τὸν
1119 4577 1262 4633 θεῖον
1293 4581 1425 4651 ἡμῖν
1449 4582 1714 4653 ἐμποιοῦν

120 4665 536 4737 δξιικονισμὺν,
583 4666 668 4739 εἴη
713 4667 775 4737 δή
820 4685 924 4722 που
967 4670 1186 4732 πάντως
1229 4667 1296 4723 ἂν
1339 4668 1370 4722 ό
1409 4669 1709 4744 ἁγιασμὸς,

119 4755 436 4819 τουτέστιν,
483 4759 515 4827 ἠ
568 4758 626 4810 ὲν
674 4757 953 4828 Πνεῦματι
1004 4758 1222 4830 μέθεξις
1264 4758 1360 4814 τοῦ
1405 4759 1557 4817 rios.
1604 4765 1714 4820 Καὶ

118 4846 291 4918 γοῦν,
331 4845 419 4899 ὅτε
455 4846 590 4918 πρὸς
617 4848 976 4921 παρατροπὴν
1021 4851 1055 4921 ὴ
1117 4848 1406 4922 ἀνθρώπου
1434 4852 1594 4923 φύσις
1630 4853 1712 4908 δι-

115 4940 354 5006 ώλισθε,
373 4941 466 4995 καὶ
487 4942 548 5009 τὸ
570 4940 671 5012 τῆς
696 4943 902 5006 εἰκόνος
923 4941 1118 5008 κάλλος
1137 4943 1601 5015 παρεσημαίνετο,
1614 4963 1709 5000 κε-

113 5033 581 5107 καινουργήμεθα
621 5035 757 5107 πρὸς
790 5036 852 5090 τὸ
876 5034 1152 5109 ἀπαρχῆς,
1177 5035 1707 5107 ἀναστοιχειούμενοι

117 5126 220 5182 διὰ
239 5125 381 5182 Πνεύ
390 5144 555 5196 ματος
578 5127 762 5180 εἰκόνα
791 5124 886 5180 τοῦ
915 5127 1223 5190 κτίσαντος,
1247 5126 1405 5197 δῆλον
1425 5125 1483 5181 δὲ
1510 5126 1592 5180 ὅτι
1615 5126 1708 5181 τοῦ

122 5219 291 5283 Υἰοῦ,
337 5219 405 5274 δι’
449 5214 510 5274 οῦ
536 5219 604 5273 τὰ
635 5220 811 5272 πάντα
845 5218 998 5290 παρὰ
1024 5218 1119 5273 τοῦ
1154 5219 1387 5292 Πατρός.
1426 5219 1536 5274 Καὶ
1576 5218 1708 5290 γοῦν

116 5315 154 5369 ὁ
180 5309 509 5380 ’σοφώτατος
565 5309 797 5374 Παῦλος,
846 5330 864 5363 ι
895 5311 1117 5375 Τεκνία,
1168 5311 1356 5382 φησὶν,
1403 5309 1498 5374 οὓς
1552 5310 1717 5366 πάλιν

114 5401 310 5458 ὠδίνω
343 5403 500 5474 ἄχρις
524 5394 586 5456 οῦ
618 5403 878 5475 μορφωθῇ
908 5403 1142 5475 Χριστὸς
1171 5407 1229 5458 ὲν
1259 5403 1436 5474 ὑμῖν.»
1465 5404 1576 5460 Καὶ
1603 5405 1712 5478 μὴν

114 5498 209 5552 δτι
239 5495 305 5549 τδ
327 5495 429 5567 τῆς
461 5496 646 5551 ἐνθάδε
691 5496 994 5568 λεγομένης
1031 5494 1366 5568 μορφώσεως
1408 5491 1581 5564 εἶδος,
1620 5496 1709 5554 διὰ

115 5585 225 5645 τοῦ
275 5586 434 5656 ἁγίου
486 5587 804 5659 Πνεῦματος
835 5589 1225 5662 ἐνσημαίνεται
1257 5591 1376 5655 ταῖς
1408 5588 1707 5663 ἡμετέραις

205 5772 256 5807 ⁸¹
285 5768 459 5831 Lavit.
491 5788 602 5830 xix.
643 5771 729 5828 26.

806 5774 850 5807 ⁸³
871 5772 1005 5833 Gen.
1028 5791 1064 5846 t,
1099 5772 1189 5831 26.
1265 5772 1311 5805 ⁸⁸
1333 5770 1505 5832 Galat.
1536 5787 1609 5842 tv,
1647 5770 1741 5832 ta.

1820 4581 2237 4640 similitudinem
2269 4576 2364 4634 Dei
2386 4577 2459 4634 ⁶⁸.
2495 4576 2554 4632 ld
2588 4584 2770 4632 autem
2800 4575 2945 4646 quod
2974 4576 3212 4631 divinam
3238 4574 3396 4633 nobis

1818 4674 2112 4748 imaginem
2158 4672 2318 4736 indit,
2352 4670 2537 4741 utique
2586 4679 2673 4726 est
2718 4667 3099 4734 sanctificatio,
3129 4669 3234 4724 hoc
3277 4677 3391 4735 est,

1815 4767 2162 4841 participatio
2183 4765 2305 4824 Filii
2333 4765 2387 4824 in
2413 4763 2641 4836 Spiritu.
2672 4762 2828 4820 Unde
2854 4775 2978 4817 cum
3002 4762 3057 4817 iu
3084 4760 3276 4816 vitium
3298 4760 3420 4822 de·,

1814 4861 1967 4932 lapsa
2004 4862 2078 4917 sit
2120 4871 2313 4916 natura
2344 4857 2603 4921 bominis,
2640 4866 2698 4913 et
2744 4853 2996 4925 imaginis
3034 4849 3400 4923 pulchritudi-

1821 4970 1946 5011 nem
1979 4953 2316 5018 adulterarit,
2353 4952 2407 5007 in
2439 4951 2728 5023 pristinum
2769 4955 2970 5004 statum
3009 4945 3254 5002 renovati
3301 4960 3394 5001 su·

1817 5060 1959 5111 ttius,
1994 5043 2269 5099 reformati
2304 5057 2401 5114 per
2427 5041 2687 5114 Spiritum
2729 5039 2798 5094 ad
2830 5038 3119 5109 imaginem
3166 5035 3393 5093 Creato-

1814 5135 1914 5203 ris,
1936 5135 2060 5194 Filii
2089 5136 2367 5200 nimirum,
2408 5149 2504 5204 per
2536 5147 2697 5203 quem
2738 5131 2921 5186 omnia
2966 5146 2995 5184 a
3029 5130 3208 5185 Patre.
3244 5127 3389 5195 Quo·

1819 5226 1966 5281 circa
2017 5224 2453 5298 sapientissimus
2499 5221 2699 5277 Paulus
2736 5236 2755 5277 ε
2801 5240 2821 5274 ι
2854 5219 3027 5276 Filioli
3072 5220 3207 5285 mei,
3254 5232 3395 5288 quos

1820 5317 2016 5374 iterum
2063 5315 2326 5387 parturio,
2378 5314 2551 5369 donec
2595 5313 2858 5369 formetur
2895 5311 3148 5368 Christus
3197 5310 3252 5364 in
3301 5325 3394 5363 vo·

1817 5409 1985 5466 bis⁸⁸.
2027 5427 2047 5461 ι
2083 5407 2254 5465 Porro
2283 5406 2517 5477 speciem
2551 5405 2733 5478 ejusce
2764 5399 3102 5460 formationis
3129 5414 3226 5469 per
3265 5401 3392 5470 Spi-

1816 5500 1981 5556 ritum
2033 5509 2282 5557 sanctum
2341 5498 2629 5555 animabus
2692 5495 2893 5555 nostris
2946 5491 3220 5562 imprimi,
3277 5490 3393 5561 ipso

1813 5589 2062 5647 ostendet
2096 5588 2338 5646 clamans
2371 5606 2385 5643 ι
2430 5605 2450 5641 ι
2490 5585 2600 5644 Nos
2632 5601 2759 5644 vcro
2796 5600 2987 5643 omncs
3032 5580 3264 5639 revelata
3306 5576 3398 5638 ta·-
