3809 6125
262 320 368 377 539

1254 316 1311 372 S.
1349 311 1625 373 CYntLLl
1663 306 2130 364 uenantum
2172 305 2491 361 Altonum.

3425 292 3536 349 sto

267 430 387 485 nire
412 428 588 499 inquit
617 426 902 495 Salvator,
955 428 1050 485 seat
1106 437 1292 498 postea
1345 428 1574 497 ipsemet
1601 424 1706 479 boc
1739 437 1835 477 sua
1868 426 1909 483 Α
1941 420 2219 489 Δεσπότης
2247 417 2342 471 καὶ
2371 416 2625 487 ποιητὴς,
2661 413 2810 485 αύτῷ
2839 413 2899 467 δὲ
2920 409 3223 483 προσήκειν
3257 404 3406 478 μόνῳ
3439 399 3538 459 καὶ

264 519 590 576 auctoritate
618 519 766 575 facit.
817 517 980 575 lubet
1005 518 1152 574 enim
1202 517 1453 588 Philippo
1489 527 1549 572 ut
1577 521 1838 585 sequatur
1939 510 2039 581 τὴν
2066 510 2175 563 τῶν
2215 505 2465 579 ἐργατῶν
2518 504 2791 571 ἀνάδειξιν
2841 502 3045 574 ἔφησεν
3087 502 3117 554 ὁ
3162 497 3379 569 Σωτήρ·
3416 492 3540 552 εἶτα

261 626 344 667 se.
370 610 512 666 Deus
539 610 721 681 itaque
752 625 914 667 verus
935 619 1040 678 est,
1072 620 1131 667 ut
1158 610 1417 667 Dominus
1439 608 1634 667 messis
1671 605 1841 663 nimi·

263 716 385 757 rum
424 702 598 773 reipsa
627 700 952 759 declaratus.

940 985 1101 1045 ALtu
1111 987 1170 1043 D.

316 1114 366 1164 ,ι
395 1095 611 1162 Tollite,
645 1098 842 1168 inquit,
869 1098 970 1156 ista
996 1100 1148 1165 hine,
1179 1108 1234 1157 et
1272 1099 1438 1156 nolite
1455 1099 1618 1172 317
1665 1098 1848 1156 faeere

269 1188 488 1243 domum
516 1189 696 1246 Patris
728 1190 856 1255 mei,
896 1192 1115 1248 domum
1145 1200 1420 1247 mercatus
1439 1192 1509 1247 ⁸⁸.
1543 1211 1562 1244 ι
1593 1192 1648 1247 Si
1680 1192 1850 1247 Filius

267 1289 353 1334 est
375 1289 650 1347 creatura,
683 1294 813 1351 ergo
835 1282 1003 1338 etiam
1033 1299 1131 1354 per
1155 1283 1388 1354 gratiam
1441 1283 1494 1338 id
1520 1293 1849 1339 consecutus

267 1372 518 1440 estquod
552 1381 776 1426 vocetur
809 1373 975 1439 Deus,
1011 1384 1066 1429 et
1094 1372 1219 1430 Filii
1247 1388 1442 1430 nomen
1476 1390 1577 1447 per
1606 1375 1851 1446 adoptio·-

269 1475 393 1516 nem
420 1461 497 1516 illi
531 1464 764 1519 inditum
815 1474 920 1532 est,
953 1466 1093 1520 sicut
1142 1474 1200 1521 et
1248 1465 1475 1536 reliquis
1499 1466 1854 1524 rationalibus

269 1556 560 1621 creaturis,
588 1554 789 1625 quibus
837 1570 944 1611 non
996 1556 1111 1625 ipsa
1146 1567 1337 1612 natura
1369 1573 1489 1614 eam
1536 1557 1850 1629 dignitatem

271 1642 488 1711 indidit,
521 1647 615 1701 sed
678 1649 850 1718 gratia
881 1658 938 1703 et
969 1648 1299 1705 beneficium
1357 1648 1478 1720 ejus
1529 1649 1623 1719 qui
1668 1649 1849 1703 dixit:

275 1755 294 1787 ι
324 1734 438 1806 Ego
495 1738 608 1793 dixi
640 1756 655 1793 ι
713 1738 794 1793 Dii
828 1740 983 1805 estis,
1017 1748 1073 1797 et
1106 1740 1201 1795 filii
1243 1741 1451 1796 Excelsi
1504 1755 1695 1796 omnes
1723 1739 1792 1795 ⁸⁷.
1825 1758 1846 1792 ι
1880 1770 1927 1826 Β

271 1826 329 1880 Si
364 1841 494 1896 ergo
540 1844 646 1885 non
681 1841 765 1887 est
799 1832 1160 1889 essentialiter
1210 1833 1407 1899 Filius,
1472 1833 1642 1890 frater
1668 1834 1851 1905 itaque

270 1927 356 1972 ost
382 1933 571 1974 eorum
606 1921 698 1992 qul
738 1936 834 1990 per
875 1924 1220 1995 adoptionem
1257 1924 1355 1980 mii
1388 1924 1485 1981 Dei
1531 1934 1678 1981 sunt.
1701 1925 1850 1993 Quo-

271 2008 432 2062 modo
454 2008 617 2078 igitur
641 2009 874 2079 (dixerit
907 2013 1101 2068 merito
1155 2013 1416 2085 aliquis),
1445 2028 1567 2069 cum
1596 2012 1729 2068 nibil
1752 2012 1854 2068 ba·

270 2100 417 2164 beat,
446 2108 706 2168 quantum
735 2101 800 2155 ad
830 2099 953 2157 Filii
1005 2103 1323 2174 dignitatem
1370 2106 1585 2170 attinet,
1617 2105 1852 2176 amplius

271 2205 430 2259 quam
461 2206 581 2258 nos,
613 2192 826 2247 Patrem
858 2194 948 2265 qui
980 2196 1234 2252 omnibus
1265 2200 1570 2253 communis
1605 2207 1711 2265 est,
1744 2197 1850 2254 sibi

271 2282 370 2337 soli
397 2295 640 2354 arrogat,
667 2286 895 2343 dicens:
926 2306 948 2341 ι
984 2288 1163 2346 Nolite
1219 2290 1397 2346 faeere
1422 2291 1642 2346 domum
1677 2291 1852 2347 Patris

269 2372 420 2427 mei?
455 2391 475 2426 ι
515 2373 812 2444 Oportebat
842 2377 986 2432 enim
1009 2377 1181 2447 illum,
1206 2394 1327 2435 cum
1357 2381 1430 2436 sit
1459 2378 1640 2449 iustus
1669 2388 1724 2436 et
1753 2382 1851 2437 bo-

270 2479 396 2526 nus,
446 2465 518 2520 ita
568 2468 747 2535 potius
804 2470 1237 2541 negotiatoribus
1280 2472 1499 2528 diceret
1541 2472 1718 2529 Nolite
1770 2473 1857 2529 fa·-

271 2568 394 2609 rere
419 2556 637 2611 domum
663 2557 841 2612 Patris
871 2561 1065 2625 vestri,
1090 2562 1310 2617 domum
1344 2572 1637 2622 mercatus.
1684 2564 1850 2633 Atqui

273 2645 377 2700 boe
401 2661 504 2702 non
530 2648 693 2717 dixit,
721 2651 817 2706 sed
841 2649 1032 2723 inagna
1061 2654 1387 2709 auctoritate
1414 2655 1519 2711 sibi
1546 2654 1647 2712 soli
1676 2654 1853 2709 Patris

273 2751 470 2792 nomen
525 2738 783 2796 vindicat.
816 2741 985 2798 Norat
1031 2744 1216 2814 itaque
1246 2758 1308 2801 se
1352 2748 1572 2816 proprie
1595 2762 1659 2802 ac
1689 2754 1852 2802 natu·

274 2827 464 2885 raliter
485 2828 679 2886 Filium
710 2849 852 2899 esse,
904 2835 970 2891 ad
999 2834 1154 2903 cnjus
1181 2837 1540 2893 imitationem
1563 2854 1663 2895 nos
1693 2854 1721 2892 a
1745 2840 1853 2902 Deo

274 2918 347 2971 ita
380 2922 548 2975 vocati
575 2937 785 2980 sumus.
817 2925 916 2993 Qui
944 2941 1073 2983 vero
1103 2926 1178 2982 ita
1207 2940 1403 2985 natura
1428 2945 1524 2984 sna
1548 2940 1631 2985 est
1655 2929 1849 2998 filius,

269 3010 544 3078 quomodo
570 3013 642 3068 sit
672 3017 928 3072 creatus?

949 3129 1180 3186 Auno.

354 3258 373 3292 ι
402 3241 554 3305 Quod
580 3243 817 3312 signum,
846 3244 1043 3314 inquit,
1081 3249 1236 3305 nobis
1270 3251 1532 3316 ostendis,
1563 3253 1705 3322 qnod
1737 3253 1853 3308 haee

279 3330 451 3385 racis?
481 3331 780 3402 Respondit
816 3332 995 3400 Jesus,
1051 3346 1104 3390 et
1137 3337 1273 3392 dixit
1322 3338 1400 3393 eis
1428 3354 1442 3392 :
1476 3337 1680 3393 Solvite
1720 3349 1855 3394 tem-

278 3423 424 3494 plum
460 3424 580 3488 boe,
616 3436 669 3478 et
712 3426 762 3480 in
792 3427 965 3483 tribus
995 3428 1186 3485 diebus
1225 3430 1500 3485 suscitabo
1530 3431 1702 3500 ipsum
1727 3430 1793 3484 ⁸⁸.
1827 3451 1844 3483 ι

278 3513 430 3578 Quod
468 3528 597 3568 vero
623 3513 873 3571 Christus
902 3532 1097 3586 eorpus
1123 3534 1280 3573 suum
1316 3520 1571 3589 templum
1599 3522 1849 3592 appellet,

275 3605 394 3672 ipse
423 3605 752 3675 evangelista
792 3607 948 3663 nobis
974 3609 1214 3665 declarat
1239 3611 1425 3667 dicens
1456 3630 1469 3666 ε
1508 3632 1528 3666 ι
1554 3612 1646 3668 llle
1671 3624 1850 3668 autem

279 3694 493 3748 «licebat
527 3696 593 3748 de
634 3696 835 3765 templo
867 3699 1108 3767 corporis
1141 3701 1224 3754 sui
1248 3700 1316 3755 ⁸⁸.
1350 3720 1369 3752 ι
1402 3701 1629 3766 Quando
1671 3712 1851 3757 alitent

279 3785 518 3840 surrexit
555 3800 584 3839 e
633 3787 884 3852 mortuis,
928 3790 1198 3844 recordati
1239 3800 1363 3844 sunt
1408 3792 1674 3863 discipuli,
1710 3798 1853 3864 quod

279 3880 380 3934 boc
409 3889 528 3935 erat
554 3881 809 3950 templum
837 3881 1028 3949 dequo
1044 3881 1258 3937 dixerat
1288 3884 1389 3939 eis.
1404 3882 1565 3954 Atqui
1595 3889 1852 3958 templum

277 3985 406 4025 vere
459 3988 521 4025 ae
565 3970 784 4042 proprie
834 3973 939 4028 dici
995 3988 1101 4028 non
1150 3977 1347 4046 possit,
1385 3992 1489 4031 non
1518 3978 1855 4036 inhabitante

282 4063 334 4114 in
375 4062 489 4131 ipso
531 4062 659 4121 Deo.
693 4062 1157 4130 Quemadmodum
1207 4080 1381 4134 neque
1414 4067 1466 4120 in
1511 4068 1666 4123 nobis
1697 4084 1854 4123 nemo

279 4155 555 4208 vocaverit
593 4170 791 4226 eorpus
823 4157 1080 4225 ternplum
1112 4157 1407 4212 habitantis·
1443 4159 1493 4213 in
1526 4175 1591 4216 eo
1618 4160 1851 4216 animm:

282 4245 477 4312 templa
527 4261 655 4300 vero
692 4255 803 4300 tum
836 4249 1054 4300 demum
1088 4263 1363 4310 vocatnur,
1410 4251 1624 4318 quando
1661 4267 1754 4320 per
1794 4253 1857 4305 li-

279 4335 402 4392 dem
429 4338 481 4390 in
522 4337 800 4393 Christum
829 4337 1064 4409 Spiritus
1098 4351 1323 4395 sanctus
1354 4341 1405 4395 io
1449 4342 1603 4397 nobis
1627 4341 1852 4400 habitat.

1942 601 2102 655 τοῦτο
2127 600 2361 671 ποιήσας
2417 598 2582 660 αὐτὸς
2631 596 2690 661 ὲξ
2728 597 2936 659 οίιιείας
2996 590 3286 655 αύθεντίας
3316 591 3536 661 ὁρᾶται·

1942 692 2255 748 ἀκολουθεῖν
2306 691 2417 759 γὰρ
2468 686 2620 759 αύτῷ
2665 686 2877 742 κελεύει
2921 686 3014 739 τὸν
3060 683 3352 737 Φίλιππον.
3403 682 3541 747 Θεὸς

1943 784 2054 853 ἄρα
2079 782 2227 837 ἐστὶν
2259 780 2537 850 ἀληθινὸς,
2570 777 2666 832 ἅτε
2692 775 2756 847 δὴ
2795 776 2893 830 καὶ
2917 773 3015 828 τοῦ
3039 771 3303 845 θερισμοῦ
3331 771 3543 845 Κύριος

1944 875 2011 930 δι’
2031 875 2195 931 αὐτοῦ
2225 871 2594 943 καταληφθεὶς
2615 869 2713 925 τοῦ
2735 869 3095 942 πράγματος.

2640 982 2846 1037 ΑΔΔΟ.

2026 1117 2046 1149 ι
2089 1100 2300 1168 Ἄρατε
2328 1094 2500 1151 ταῦτα
2532 1093 2806 1158 ἐντεῦθεν,
2866 1091 2942 1163 μὴ
2992 1092 3201 1145 ποιεῖτε
3246 1090 3339 1144 τὸν
3391 1085 3545 1144 οἷκον

1948 1188 2042 1244 τοῦ
2088 1189 2320 1261 Πατρὸς,
2357 1184 2506 1244 οἶκον
2549 1186 2850 1258 ἐμπορίου,
2886 1202 2905 1235 ι
2942 1182 3005 1236 Et
3059 1181 3275 1252 ποίημά
3318 1181 3467 1236 ἔστιν
3513 1182 3544 1233 ό

1951 1281 2103 1349 Υἱὸς,
2156 1282 2301 1337 κατὰ
2350 1281 2515 1354 χάριν
2546 1278 2660 1350 ἔχει
2706 1276 2952 1349 δηλονότι
3004 1274 3099 1330 καὶ
3140 1274 3202 1328 τὸ
3237 1272 3542 1344 κεκλῆσθαι

1950 1373 2106 1440 Θεὸς,
2137 1374 2233 1427 καὶ
2262 1370 2416 1427 θετὸν
2443 1370 2591 1441 αὐτῷ
2640 1370 2702 1423 τὸ
2725 1370 2825 1439 τῆς
2851 1368 3099 1440 υἱότητος
3134 1364 3331 1436 ὄνομα,
3372 1365 3544 1419 καθά-

1954 1484 2061 1538 περ
2083 1461 2175 1520 οὖν
2199 1466 2294 1521 καὶ
2333 1466 2448 1530 τοῖς
2476 1462 2655 1528 ἄλλοις
2688 1463 2932 1532 λογικοῖς
2953 1459 3272 1530 κτίσμασιν,
3326 1452 3412 1523 οἷς
3442 1461 3545 1531 οὐχ

1955 1559 1988 1630 ἡ
2018 1557 2181 1627 φύσις
2199 1559 2264 1612 τὸ
2296 1554 2518 1628 ἀξίωμα
2556 1553 2899 1627 προξενοῦσα
2941 1551 3213 1621 φαίνεται,
3242 1550 3359 1605 ἀλλ’
3384 1552 3419 1623 ὴ
3448 1551 3545 1605 τοῦ

1954 1647 2207 1715 λέγοντος
2258 1644 2454 1718 χάρις·
2508 1663 2527 1695 ‹
2569 1643 2712 1712 Ἐγὼ
2757 1638 2905 1696 εἶπα·
2954 1640 3078 1695 Θεοί
3130 1640 3254 1694 ἐστε
3310 1640 3411 1693 καὶ
3437 1639 3547 1695 υἱοὶ

1966 1737 2230 1801 Ὑψίστου
2277 1735 2551 1799 πάντες.»
2614 1734 2678 1787 Et
2709 1732 2893 1787 τοίνυν
2941 1732 3044 1785 οὐκ
3102 1727 3384 1793 οὖσιωδῶς
3416 1729 3545 1795 Υίός

1956 1831 2125 1895 ἐστιν,
2141 1826 2374 1895 ἀδελφὸς
2395 1827 2503 1898 ἄρα
2526 1826 2635 1879 τῶν
2655 1824 3011 1896 κεκλημένων
3034 1823 3115 1888 είς
3135 1823 3365 1894 υίότητα
3381 1821 3543 1877 Θεοῦ.

1953 1917 2079 1982 Πῶς
2119 1912 2234 1983 οῦν,
2271 1917 2400 1989 εἴπῃ
2444 1932 2529 1979 τις
2561 1916 2628 1970 ἂν
2665 1915 2913 1980 εἰκότως,
2934 1914 3087 1969 οὐδὲν
3114 1912 3276 1985 ἔχων,
3298 1912 3376 1979 ὡς
3402 1914 3543 1986 πρὸς

1953 2008 2102 2078 ἡμᾶς
2136 2006 2197 2060 τὸ
2225 2005 2389 2060 πλέον
2416 2007 2497 2070 είς
2521 2005 2583 2059 τὸ
2606 2005 2707 2075 τῆς
2738 2004 2985 2076 υἱὸτητος
3036 1999 3272 2075 ἀξίωμα,
3298 2002 3392 2059 τὸν
3419 2022 3540 2059 κοι-

1953 2098 2042 2155 νὸν
2063 2098 2130 2169 δὴ
2173 2098 2267 2152 καὶ
2321 2099 2544 2153 πάντων
2598 2097 2761 2169 μόνος
2793 2095 3134 2151 ἰδιοποιεῖται
3168 2093 3398 2168 Πατέρα,
3440 2094 3533 2149 λέ·

1953 2204 2099 2258 γων·
2154 2206 2173 2239 ι
2220 2188 2315 2261 Μὴ
2368 2190 2574 2241 ποιεῖτε
2617 2187 2711 2241 τὸν
2748 2183 2894 2241 οἶκον
2929 2186 3027 2240 τοῦ
3082 2185 3290 2258 Πατρός
3320 2202 3453 2257 μους
3501 2205 3520 2239 ι

1968 2283 2167 2354 Ἐχρῆν
2193 2281 2300 2353 γὰρ
2329 2281 2394 2353 δὴ
2420 2280 2512 2333 τὸν
2534 2282 2665 2335 ὸντα
2714 2280 2920 2335 δίκαιόν
2948 2296 3009 2332 τε
3039 2278 3136 2333 καὶ
3169 2277 3373 2348 ἀγαθὸν
3423 2282 3536 2344 τοῖς

1956 2372 2423 2446 ἐμπορευομένοις
2481 2374 2680 2427 εἰπεῖν·
2729 2372 2823 2442 Μὴ
2860 2373 3065 2425 ποιεῖτε
3107 2372 3203 2426 τὸν
3248 2364 3400 2425 οἴκον
3444 2370 3543 2425 τοῦ

1957 2466 2171 2537 Πατρὸς
2202 2465 2380 2537 ὑμῶν,
2414 2461 2563 2520 οἷκον
2604 2464 2900 2537 ἐμπορίου.
2934 2463 3097 2517 Ἀλλὰ
3128 2464 3238 2535 μὴν
3279 2460 3444 2517 τοῦτο
3472 2463 3549 2517 εἰ·

1957 2556 2073 2611 πὼν
2123 2558 2185 2611 ού
2242 2557 2515 2628 φαίνεται,
2557 2557 2739 2627 ἐαυτῷ
2775 2556 2836 2612 δὲ
2874 2555 3023 2626 μόνῳ
3079 2554 3141 2608 τὸ
3184 2553 3283 2609 τοῦ
3334 2553 3551 2624 Πατρὸς

1956 2648 2129 2720 όνομα
2169 2648 2307 2721 μετὰ
2356 2650 2553 2720 πολλῆς
2609 2667 2755 2714 τινος
2782 2649 3087 2720 ἐπιγράφει
3116 2650 3217 2719 τῆς
3272 2646 3547 2713 ἐξουσίας.

1957 2736 2111 2795 Οἶδεν
2150 2740 2258 2811 ἄρα
2294 2741 2499 2813 κυρίως
2525 2741 2655 2795 ὸντα
2689 2740 2882 2794 ἑαυτὸν
2904 2738 3000 2793 καὶ
3028 2738 3173 2794 κατὰ
3211 2738 3379 2809 φύσιν
3397 2737 3551 2808 nav,

1957 2826 2021 2886 οῦ
2048 2833 2193 2887 κατὰ
2221 2831 2453 2905 μίμησιν
2508 2833 2671 2903 ἡμεῖς
2720 2835 2802 2896 είς
2846 2830 3008 2885 τοῦτο
3062 2830 3216 2903 παρὰ
3270 2830 3412 2886 Θεοῦ
3454 2846 3551 2886 ωε·

1958 2925 2229 2996 κλήμεθα.
2300 2925 2360 2979 '0
2408 2924 2465 2978 δὲ
2514 2924 2687 2989 οὕτως
2727 2925 2864 2996 ἔχων
2906 2923 3124 2994 φύσεως
3153 2924 3303 2991 Υίὸς,
3328 2922 3451 2989 πῶς
3484 2922 3550 2979 ἂν

1959 3014 2043 3089 εἴη
2067 3014 2332 3088 γενητός;

2638 3129 2841 3186 ΑΛΛΟ.

2033 3261 2052 3295 ι
2099 3242 2165 3295 Τί
2215 3246 2440 3315 σημεῖον
2483 3243 2751 3308 δεικνύεις
2794 3246 2929 3315 ἡμῖν
2978 3245 3060 3298 δτι
3115 3242 3292 3299 ταῦτα
3335 3245 3547 3314 ποιεῖςς

1969 3336 2270 3407 Ἀπεκρίθη
2328 3335 2539 3407 Ἰησοῦς
2591 3338 2681 3392 καὶ
2718 3334 2873 3390 εἶπεν
2922 3338 3140 3401 αὐτοῖς·
3191 3336 3415 3393 Λύσατε
3456 3337 3550 3395 τὸν

1956 3428 2081 3483 ναὸν
2108 3428 2319 3495 τοῦτον,
2356 3429 2451 3482 καὶ
2494 3429 2554 3482 ὲν
2585 3428 2765 3498 τρισὶν
2801 3430 3043 3510 ᾐμέραις
3072 3430 3250 3503 ἐγερῶ
3294 3430 3490 3488 αὐτόν.
3521 3446 3544 3481 ι

1955 3519 2081 3574 Ὀτι
2111 3519 2239 3574 ναὸν
2262 3520 2322 3573 τὸ
2349 3519 2480 3572 ἴδιον
2506 3519 2772 3572 ἀποκαλεῖ
2796 3519 2951 3591 σῶμα
2979 3520 3238 3593 Χριστὸς,
3261 3520 3364 3577 καὶ
3383 3518 3550 3587 ιὺτδς

1953 3613 2088 3682 ἡμῖν
2116 3613 2146 3666 ό
2168 3612 2561 3683 εύαγγελιστὴς
2592 3614 2922 3686 καταστήσει
2965 3615 3201 3686 φανερὸν
3252 3614 3426 3682 εὐθὺς
3451 3616 3537 3670 ὃ.»

1955 3704 2125 3773 ἀγων·
2157 3723 2176 3755 ‹
2215 3705 2449 3766 Ἐκεῖνος
2473 3703 2529 3756 δὲ
2563 3703 2715 3772 ἔλεγε
2739 3705 2868 3775 περὶ
2895 3705 2988 3757 τοῦ
3011 3704 3141 3758 ναοῦ
3171 3705 3268 3759 τοῦ
3298 3708 3534 3777 σῶμα

1956 3794 2145 3849 αὐτοῦ.
2188 3813 2205 3844 ι
2248 3795 2375 3847 Ὅτε
2410 3789 2501 3847 οὖν
2531 3793 2740 3865 ἠγέρθη
2773 3795 2836 3848 ὲκ
2863 3794 2971 3848 τῶν
3004 3796 3234 3867 νεκρῶν,
3272 3793 3538 3866 ἐμνήσθη·

1959 3903 2059 3940 σαν
2089 3889 2136 3940 οἱ
2172 3886 2435 3957 μαθηταὶ,
2476 3887 2554 3940 ὅτι
2595 3885 2754 3939 τοῦτο
2778 3881 2845 3956 ἦν
2874 3887 2902 3940 ὃ
2939 3886 3121 3956 ἔλεγεν
3152 3889 3356 3952 αὐτοῖς,
3385 3883 3528 3947 Nube

1956 3978 2243 4050 τοιγαροῦν
2280 3980 2381 4033 οὐκ
2422 3979 2488 4034 ἂν
2517 3978 2728 4048 λέγοιτο
2758 3995 2810 4030 τι
2852 3979 3055 4051 κυρίως
3085 3982 3180 4034 καὶ
3215 3977 3422 4052 ἀληθῶς
3453 3975 3528 4049 μὴ
3614 4041 3629 4053 ‚

1957 4071 2291 4135 ἐνοικοῦντος
2334 4074 2391 4125 ὲν
2419 4070 2567 4141 αὐτῷ
2611 4071 2705 4125 τοῦ
2738 4069 2895 4125 Θεοῦ.
2933 4071 3147 4143 Ὥσπερ
3197 4067 3293 4126 οὖν
3334 4069 3427 4126 καὶ
3453 4067 3531 4138 ἐφ’

1959 4166 2116 4237 ἡμῶν
2141 4166 2242 4219 οὐκ
2273 4165 2338 4222 ἄν
2368 4180 2451 4228 τις
2484 4163 2749 4235 ὀνομάσαι
2790 4163 2852 4217 τὸ
2902 4162 3059 4234 σῶμα
3101 4163 3231 4217 ναὸν
3258 4164 3363 4237 τῆς
3408 4161 3541 4217 ἐνοι-

1958 4259 2163 4330 κούσης
2195 4260 2254 4313 ὲν
2285 4257 2433 4329 αὐτῷ
2460 4260 2637 4327 ψυχῆς
2657 4272 2672 4288 ·
2706 4257 2825 4311 ναοὶ
2853 4256 2910 4310 δὲ
2942 4256 3062 4310 τότε
3104 4256 3538 4329 χρηματίζομεν.

1958 4350 2046 4402 ὅτε
2076 4348 2165 4402 διὰ
2200 4349 2299 4419 τῆς
2326 4348 2405 4410 εἰς
2429 4346 2665 4416 Χριστὸν
2699 4346 2936 4408 πίστεως
2968 4344 3029 4398 τὸ
3060 4344 3288 4417 Πνεῦμα
3315 4346 3449 4418 ἡμῐν
3482 4344 3542 4398 τὸ

281 4426 481 4482 Christi
519 4441 648 4482 vero
701 4442 898 4497 corpus
943 4429 1139 4482 merito
1170 4444 1234 4483 ae
1274 4445 1403 4486 vere
1448 4441 1532 4487 est
1577 4433 1852 4504 templum.
1889 4454 1934 4511 ῃ
1960 4441 2114 4507 ἅγιον
2147 4437 2492 4502 ἐνοικίζεται.
2523 4437 2669 4501 Noto<
2695 4436 2753 4490 δὲ
2797 4437 2859 4489 τὸ
2890 4436 3049 4506 σῶμα
3077 4436 3173 4490 τοῦ
3200 4436 3443 4509 Χριστοῦ
3467 4435 3542 4492 δι-

279 4516 414 4572 Num
451 4519 504 4573 in
547 4520 661 4589 ipso
689 4519 1019 4574 inhabitavit
1046 4521 1224 4575 omnis
1254 4520 1529 4591 plenitudo
1551 4525 1851 4584 divinitatis

281 4610 674 4676 corporaliter,
726 4618 785 4664 nt
834 4608 1032 4664 Paulus
1082 4610 1364 4680 inquit⁹⁰,
1407 4613 1550 4670 Deus
1598 4617 1848 4672 nimirum

287 4701 519 4755 Verbum
568 4704 931 4760 incarnatum.
980 4703 1263 4773 Quomodo
1299 4707 1460 4777 igitur
1497 4708 1570 4764 sit
1610 4720 1848 4779 creatuS,

279 4793 373 4860 qui
420 4794 674 4863 templum
722 4795 921 4865 effecit,
979 4811 1036 4854 ut
1076 4813 1203 4855 vere
1260 4798 1426 4868 Deus,
1474 4815 1668 4872 corpus
1708 4805 1849 4873 qnod

280 4883 606 4941 inhabitavit
625 4886 649 4940 ἲ

942 5069 1173 5129 ALttJn.

359 5200 378 5232 ι
408 5179 542 5237 Cum
573 5191 776 5248 antem,
808 5183 1006 5253 inquit,
1038 5198 1180 5240 esset
1210 5187 1262 5242 in
1303 5187 1601 5244 Jerusalem
1641 5193 1693 5246 itt
1719 5191 1858 5248 sesto

285 5269 525 5335 Pascbae,
557 5275 1073 5331 multicretliderunt
1100 5278 1153 5331 in
1190 5282 1413 5336 nomine
1440 5283 1580 5352 ejuS,
1609 5283 1855 5340 videntes

286 5365 441 5430 signa
491 5380 610 5432 qnae
659 5368 911 5425 iaciebat.
950 5371 1070 5439 lpse
1107 5383 1235 5425 vero
1270 5369 1428 5428 Jesus
1470 5390 1576 5429 non
1623 5376 1856 5431 credidit

288 5454 522 5522 seipsum
555 5457 655 5521 eis,
688 5461 810 5527 quia
852 5463 965 5530 ipse
1007 5475 1196 5516 ornnes
1223 5464 1605 5532 cognoscebat,
1639 5481 1738 5520 nec
1774 5467 1856 5521 in·

292 5543 504 5613 iligelvat
536 5556 592 5598 ut
623 5547 818 5618 aliquis
854 5559 1145 5606 testaretur
1176 5552 1242 5607 de
1271 5553 1487 5609 bomine
1520 5573 1533 5608 ε
1563 5557 1676 5624 ipse
1713 5558 1855 5612 enim

371 5704 415 5733 ⁸⁸
443 5702 595 5758 ioan.
625 5718 685 5767 ιι,
730 5702 810 5757 16.
888 5705 930 5738 ⁸⁷
968 5705 1110 5761 Psal.
1144 5722 1327 5773 tun,
1356 5706 1408 5761 (3.

1486 5709 1529 5735 ‘⁸
1557 5706 1710 5765 ioan.
1754 5727 1810 5769 ιι.
1853 5711 1933 5764 to.

1958 4529 2129 4593 καίως
2154 4546 2214 4581 τε
2247 4529 2341 4582 καὶ
2364 4528 2594 4600 ἀληθῶς·
2631 4530 2689 4581 ὲν
2718 4526 2869 4597 αὐτῷ
2898 4527 3006 4599 γὰρ
3051 4527 3348 4599 εὐδόκησεν
3378 4530 3538 4596 ἐγκα-

1957 4619 2209 4691 τοικῆσαι
2241 4622 2348 4676 πᾶν
2377 4621 2435 4674 τὸ
2471 4621 2741 4693 πλήρωμα
2781 4620 2880 4689 τῆς
2908 4619 3162 4690 θεότητος
3190 4621 3536 4692 σωματικῶς.

1957 4713 2033 4778 ὡς
2061 4712 2091 4765 ό
2114 4712 2323 4776 Παῦλός
2348 4729 2531 4783 φησιν·
2575 4713 2689 4766 ἀλλ’
2726 4712 2842 4765 ἔστι
2873 4711 3029 4781 δῆλον
3054 4711 3131 4774 ὡς
3157 4712 3187 4764 ό
3209 4710 3344 4776 Θεὸς
3372 4713 3539 4781 Λόγος

1959 4811 1989 4862 ό
2017 4808 2304 4879 ἐνοικήσας
2334 4809 2470 4862 ἐστί.
2525 4807 2651 4870 Πῶς
2699 4807 2766 4861 ἂν
2810 4801 2905 4860 οὖν
2953 4805 3189 4877 ὑπάρχοι
3237 4805 3484 4876 γενητὸς,
3513 4807 3539 4856 ό

1960 4899 2087 4953 ναὸν
2119 4899 2405 4964 ἀποδείξας
2433 4900 2507 4964 ὡς
2542 4898 2698 4967 φύσει
2738 4897 2869 4962 Θεὸς
2897 4896 2958 4950 τὸ
2996 4898 3054 4950 ὲν
3089 4889 3248 4969 ᾧπερ
3289 4893 3362 4968 ἦν
3390 4896 3537 4965 ἅγιον

1964 4990 2159 5063 σῶμα;

2641 5083 2845 5136 ΑΛΛΟ.

2039 5216 2055 5248 ι
2114 5199 2201 5260 Ὠς
2229 5198 2285 5250 δὲ
2312 5193 2378 5268 ἦν
2412 5199 2468 5249 ὲν
2498 5199 2607 5260 τοῖς
2644 5196 3034 5267 Ἱεροσολύμοις
3066 5197 3126 5249 ἐν
3151 5194 3234 5265 τῷ
3262 5194 3459 5268 Πάσχα
3482 5195 3540 5248 εν

1960 5292 2028 5358 τῇ
2076 5290 2256 5358 ἑορτῇ,
2309 5287 2491 5341 πολλοὶ
2532 5288 2858 5341 ἐπίστευσαν
2902 5289 2981 5350 εἰς
3027 5287 3088 5340 τὸ
3133 5287 3309 5356 ὸνομα
3350 5281 3536 5349 αὐτοῦ,

1965 5377 2292 5448 θεωροῦντες
2325 5378 2488 5432 αὐτοῦ
2518 5378 2587 5433 τὰ
2613 5380 2816 5449 σημεῖα
2844 5377 2880 5432 ἃ
2907 5377 3104 5432 ἐποίει.
3131 5377 3306 5442 Δύτὸς
3330 5376 3393 5432 δὲ
3437 5378 3536 5448 Ἰη-

1967 5469 2091 5532 σοῦς
2124 5470 2223 5522 οὐκ
2249 5469 2534 5523 ἐπίστευσε
2569 5470 2731 5523 αὐτὸν
2763 5469 2944 5533 αὐτοῖς
2972 5469 3059 5523 διὰ
3090 5469 3151 5522 τὸ
3182 5469 3350 5525 αὑτὸν
3381 5467 3539 5538 γινώ·

1970 5576 2116 5612 σκειν
2145 5559 2373 5624 πάντας,
2407 5559 2503 5611 καὶ
2540 5558 2619 5612 ὅτι
2652 5561 2713 5611 ού
2743 5559 2932 5629 χρείαν
2964 5554 3108 5629 εἶχεν
3155 5558 3241 5614 ἴνα
3279 5576 3367 5624 τις
3398 5575 3534 5630 μαρ-

2013 5713 2056 5742 '⁴'
2085 5713 2212 5766 ibid.
2242 5714 2324 5766 2¹.
2406 5715 2450 5741 Μ’
2486 5712 2687 5768 (ἶοίυεε.
2724 5730 2781 5775 ιι,
2808 5718 2859 5767 9.
