<?xml version="1.0" encoding="UTF-8"?>
<!DOCTYPE html PUBLIC "-//W3C//DTD XHTML 1.0 Transitional//EN"
    "http://www.w3.org/TR/xhtml1/DTD/xhtml1-transitional.dtd">
<html xmlns="http://www.w3.org/1999/xhtml" xml:lang="en" lang="en">
 <head>
  <title>
</title>
<meta http-equiv="Content-Type" content="text/html;charset=utf-8" />
  <meta name='ocr-system' content='tesseract 3.04.00' />
  <meta name='ocr-capabilities' content='ocr_page ocr_carea ocr_par ocr_line ocrx_word'/>
</head>
<body>
  <div class='ocr_page' id='page_1' title='image "./patrologicursus109migngoog/patrologicursus109migngoog_0053.png"; bbox 0 0 3809 6125; ppageno 0'>
   <div class='ocr_carea' id='block_1_1' title="bbox 266 342 367 399">
    <p class='ocr_par' dir='ltr' id='par_1_1' title="bbox 266 342 367 399">
     <span class='ocr_line' id='line_1_1' title="bbox 266 342 367 399; baseline -0.01 0"><span class='ocrx_word' id='word_1_1' title='bbox 266 342 367 399; x_wconf 69' lang='lat'><strong>{87</strong></span> 
     </span>
    </p>
   </div>
   <div class='ocr_carea' id='block_1_2' title="bbox 1289 315 2538 384">
    <p class='ocr_par' dir='ltr' id='par_1_2' title="bbox 1289 315 2538 384">
     <span class='ocr_line' id='line_1_2' title="bbox 1289 315 2538 384; baseline -0.008 0"><span class='ocrx_word' id='word_1_2' title='bbox 1289 329 1348 384; x_wconf 89' lang='lat' dir='ltr'><strong>S.</strong></span> <span class='ocrx_word' id='word_1_3' title='bbox 1387 324 1666 384; x_wconf 66' lang='lat' dir='ltr'><strong>multu</strong></span> <span class='ocrx_word' id='word_1_4' title='bbox 1705 320 2177 379; x_wconf 69' lang='lat' dir='ltr'><strong>ALEXANDMM</strong></span> <span class='ocrx_word' id='word_1_5' title='bbox 2214 315 2538 377; x_wconf 74' lang='lat' dir='ltr'><strong>Anctnssr.</strong></span> 
     </span>
    </p>
   </div>
   <div class='ocr_carea' id='block_1_3' title="bbox 3418 308 3524 365">
    <p class='ocr_par' dir='ltr' id='par_1_3' title="bbox 3418 308 3524 365">
     <span class='ocr_line' id='line_1_3' title="bbox 3418 308 3524 365; baseline 0.019 -2"><span class='ocrx_word' id='word_1_6' title='bbox 3418 308 3524 365; x_wconf 68' lang='grc'><strong>188</strong></span> 
     </span>
    </p>
   </div>
   <div class='ocr_carea' id='block_1_4' title="bbox 261 412 3524 520">
    <p class='ocr_par' dir='ltr' id='par_1_4' title="bbox 261 412 3524 520">
     <span class='ocr_line' id='line_1_4' title="bbox 261 412 3524 520; baseline -0.007 -12"><span class='ocrx_word' id='word_1_7' title='bbox 261 458 570 520; x_wconf 77' lang='lat' dir='ltr'><strong>terrogatus</strong></span> <span class='ocrx_word' id='word_1_8' title='bbox 593 447 846 519; x_wconf 85' lang='lat' dir='ltr'><strong>quisnam</strong></span> <span class='ocrx_word' id='word_1_9' title='bbox 874 455 1058 504; x_wconf 84' lang='lat' dir='ltr'><strong>esset:</strong></span> <span class='ocrx_word' id='word_1_10' title='bbox 1105 463 1125 499; x_wconf 86' lang='lat' dir='ltr'><strong>t</strong></span> <span class='ocrx_word' id='word_1_11' title='bbox 1176 446 1310 518; x_wconf 77' lang='lat' dir='ltr'><strong>Ego,</strong></span> <span class='ocrx_word' id='word_1_12' title='bbox 1341 447 1537 518; x_wconf 85' lang='lat' dir='ltr'><strong>inquit.</strong></span> <span class='ocrx_word' id='word_1_13' title='bbox 1569 460 1688 502; x_wconf 88' lang='lat' dir='ltr'><strong>sum</strong></span> <span class='ocrx_word' id='word_1_14' title='bbox 1729 458 1833 500; x_wconf 80' lang='lat' dir='ltr'><strong>vox</strong></span> <span class='ocrx_word' id='word_1_15' title='bbox 1861 444 1909 502; x_wconf 78' lang='grc' dir='ltr'><strong>Α</strong></span> <span class='ocrx_word' id='word_1_16' title='bbox 1932 443 2046 497; x_wconf 75' lang='grc' dir='ltr'><strong>Καὶ</strong></span> <span class='ocrx_word' id='word_1_17' title='bbox 2078 441 2241 505; x_wconf 73' lang='grc' dir='ltr'><strong>αὐτὸς</strong></span> <span class='ocrx_word' id='word_1_18' title='bbox 2274 440 2332 495; x_wconf 78' lang='grc' dir='ltr'><strong>δέ</strong></span> <span class='ocrx_word' id='word_1_19' title='bbox 2372 456 2477 496; x_wconf 83' lang='grc' dir='ltr'><strong>που</strong></span> <span class='ocrx_word' id='word_1_20' title='bbox 2504 436 2654 508; x_wconf 82' lang='grc' dir='ltr'><strong>παρὰ</strong></span> <span class='ocrx_word' id='word_1_21' title='bbox 2680 412 2791 489; x_wconf 85' lang='grc' dir='ltr'><strong>τῶν</strong></span> <span class='ocrx_word' id='word_1_22' title='bbox 2831 430 3100 487; x_wconf 81' lang='grc' dir='ltr'><strong>Ἰουδαίων</strong></span> <span class='ocrx_word' id='word_1_23' title='bbox 3133 428 3195 482; x_wconf 82' lang='grc' dir='ltr'><strong>τὸ</strong></span> <span class='ocrx_word' id='word_1_24' title='bbox 3227 428 3311 493; x_wconf 75' lang='grc' dir='ltr'><strong>τίς</strong></span> <span class='ocrx_word' id='word_1_25' title='bbox 3339 427 3409 485; x_wconf 69' lang='grc' dir='ltr'><strong>ἂν</strong></span> <span class='ocrx_word' id='word_1_26' title='bbox 3434 432 3524 503; x_wconf 72' lang='grc' dir='ltr'><strong>εἴη</strong></span> 
     </span>
    </p>
   </div>
   <div class='ocr_carea' id='block_1_5' title="bbox 259 535 1847 1515">
    <p class='ocr_par' dir='ltr' id='par_1_5' title="bbox 259 535 1847 1515">
     <span class='ocr_line' id='line_1_5' title="bbox 259 535 1834 609; baseline -0.006 -12"><span class='ocrx_word' id='word_1_27' title='bbox 259 541 546 597; x_wconf 82' lang='lat' dir='ltr'><strong>clamantis</strong></span> <span class='ocrx_word' id='word_1_28' title='bbox 570 540 625 595; x_wconf 89' lang='lat' dir='ltr'><strong>in</strong></span> <span class='ocrx_word' id='word_1_29' title='bbox 647 540 868 596; x_wconf 78' lang='lat' dir='ltr'><strong>deserto</strong></span> <span class='ocrx_word' id='word_1_30' title='bbox 893 557 911 596; x_wconf 74' lang='lat' dir='ltr'><strong><em>z</em></strong></span> <span class='ocrx_word' id='word_1_31' title='bbox 947 539 1258 609; x_wconf 78' lang='lat' dir='ltr'><strong>Praeparate</strong></span> <span class='ocrx_word' id='word_1_32' title='bbox 1283 538 1427 593; x_wconf 73' lang='lat' dir='ltr'><strong>viam</strong></span> <span class='ocrx_word' id='word_1_33' title='bbox 1458 536 1677 592; x_wconf 78' lang='lat' dir='ltr'><strong>Domini</strong></span> <span class='ocrx_word' id='word_1_34' title='bbox 1711 535 1781 590; x_wconf 85' lang='lat'><strong>⁸⁸.</strong></span> <span class='ocrx_word' id='word_1_35' title='bbox 1814 552 1834 586; x_wconf 81' lang='grc' dir='ltr'><strong>ι</strong></span> 
     </span>
     <span class='ocr_line' id='line_1_6' title="bbox 262 626 1843 701; baseline -0.003 -15"><span class='ocrx_word' id='word_1_36' title='bbox 262 632 437 686; x_wconf 87' lang='lat' dir='ltr'><strong>Dicite</strong></span> <span class='ocrx_word' id='word_1_37' title='bbox 467 631 632 701; x_wconf 77' lang='lat' dir='ltr'><strong>igitur</strong></span> <span class='ocrx_word' id='word_1_38' title='bbox 660 628 817 684; x_wconf 87' lang='lat' dir='ltr'><strong>nobis</strong></span> <span class='ocrx_word' id='word_1_39' title='bbox 846 628 938 697; x_wconf 92' lang='lat' dir='ltr'><strong>qui</strong></span> <span class='ocrx_word' id='word_1_40' title='bbox 961 628 1212 697; x_wconf 88' lang='lat' dir='ltr'><strong>imperite</strong></span> <span class='ocrx_word' id='word_1_41' title='bbox 1239 627 1524 683; x_wconf 72' lang='lat' dir='ltr'><strong>Christum</strong></span> <span class='ocrx_word' id='word_1_42' title='bbox 1551 626 1843 696; x_wconf 87' lang='lat' dir='ltr'><strong>aliquando</strong></span> 
     </span>
     <span class='ocr_line' id='line_1_7' title="bbox 266 716 1842 790; baseline -0.003 -14"><span class='ocrx_word' id='word_1_43' title='bbox 266 721 695 789; x_wconf 78' lang='lat' dir='ltr'><strong>promovendum</strong></span> <span class='ocrx_word' id='word_1_44' title='bbox 768 719 1068 790; x_wconf 79' lang='lat' dir='ltr'><strong>opinamini</strong></span> <span class='ocrx_word' id='word_1_45' title='bbox 1096 756 1112 783; x_wconf 89' lang='lat'>,</span> <span class='ocrx_word' id='word_1_46' title='bbox 1180 725 1238 773; x_wconf 90' lang='lat' dir='ltr'><strong>et</strong></span> <span class='ocrx_word' id='word_1_47' title='bbox 1277 716 1525 773; x_wconf 77' lang='lat' dir='ltr'><strong>-Joannis</strong></span> <span class='ocrx_word' id='word_1_48' title='bbox 1585 718 1842 772; x_wconf 79' lang='lat' dir='ltr'><strong>virtutem</strong></span> 
     </span>
     <span class='ocr_line' id='line_1_8' title="bbox 262 810 1844 881; baseline -0.004 -13"><span class='ocrx_word' id='word_1_49' title='bbox 262 813 485 869; x_wconf 74' lang='lat' dir='ltr'><strong>vixdum</strong></span> <span class='ocrx_word' id='word_1_50' title='bbox 511 813 564 867; x_wconf 78' lang='lat' dir='ltr'><strong>in</strong></span> <span class='ocrx_word' id='word_1_51' title='bbox 603 811 790 866; x_wconf 78' lang='lat' dir='ltr'><strong>futuro</strong></span> <span class='ocrx_word' id='word_1_52' title='bbox 813 810 1013 866; x_wconf 80' lang='lat' dir='ltr'><strong>saeculo</strong></span> <span class='ocrx_word' id='word_1_53' title='bbox 1043 820 1447 881; x_wconf 88' lang='lat' dir='ltr'><strong>superaturum,</strong></span> <span class='ocrx_word' id='word_1_54' title='bbox 1477 813 1694 879; x_wconf 91' lang='lat' dir='ltr'><strong>quando</strong></span> <span class='ocrx_word' id='word_1_55' title='bbox 1716 822 1844 878; x_wconf 87' lang='lat' dir='ltr'><strong>pro-</strong></span> 
     </span>
     <span class='ocr_line' id='line_1_9' title="bbox 263 898 1846 970; baseline -0.003 -11"><span class='ocrx_word' id='word_1_56' title='bbox 263 905 425 970; x_wconf 84' lang='lat' dir='ltr'><strong>pheta</strong></span> <span class='ocrx_word' id='word_1_57' title='bbox 449 902 712 958; x_wconf 78' lang='lat' dir='ltr'><strong>Altissimi</strong></span> <span class='ocrx_word' id='word_1_58' title='bbox 744 918 851 958; x_wconf 89' lang='lat' dir='ltr'><strong>non</strong></span> <span class='ocrx_word' id='word_1_59' title='bbox 883 902 1083 959; x_wconf 85' lang='lat' dir='ltr'><strong>merito</strong></span> <span class='ocrx_word' id='word_1_60' title='bbox 1112 902 1291 957; x_wconf 88' lang='lat' dir='ltr'><strong>minor</strong></span> <span class='ocrx_word' id='word_1_61' title='bbox 1315 902 1529 957; x_wconf 84' lang='lat' dir='ltr'><strong>censeri</strong></span> <span class='ocrx_word' id='word_1_62' title='bbox 1558 898 1846 955; x_wconf 73' lang='lat' dir='ltr'><strong>debuerit?</strong></span> 
     </span>
     <span class='ocr_line' id='line_1_10' title="bbox 261 990 1842 1063; baseline -0.003 -14"><span class='ocrx_word' id='word_1_63' title='bbox 261 994 491 1061; x_wconf 81' lang='lat' dir='ltr'><strong>Quando</strong></span> <span class='ocrx_word' id='word_1_64' title='bbox 542 1009 676 1049; x_wconf 79' lang='lat' dir='ltr'><strong>vero</strong></span> <span class='ocrx_word' id='word_1_65' title='bbox 725 1007 903 1063; x_wconf 71' lang='lat' dir='ltr'><strong>praeco</strong></span> <span class='ocrx_word' id='word_1_66' title='bbox 962 1000 1019 1049; x_wconf 88' lang='lat' dir='ltr'><strong>et</strong></span> <span class='ocrx_word' id='word_1_67' title='bbox 1067 1007 1413 1063; x_wconf 58' lang='lat' dir='ltr'><strong>praecursor,</strong></span> <span class='ocrx_word' id='word_1_68' title='bbox 1451 993 1658 1062; x_wconf 84' lang='lat' dir='ltr'><strong>quique</strong></span> <span class='ocrx_word' id='word_1_69' title='bbox 1698 990 1842 1047; x_wconf 83' lang='lat' dir='ltr'><strong>servi</strong></span> 
     </span>
     <span class='ocr_line' id='line_1_11' title="bbox 262 1080 1844 1154; baseline -0.004 -13"><span class='ocrx_word' id='word_1_70' title='bbox 262 1084 439 1140; x_wconf 82' lang='lat' dir='ltr'><strong>officio</strong></span> <span class='ocrx_word' id='word_1_71' title='bbox 467 1085 728 1154; x_wconf 76' lang='lat' dir='ltr'><strong>fungitur,</strong></span> <span class='ocrx_word' id='word_1_72' title='bbox 769 1082 996 1152; x_wconf 72' lang='lat' dir='ltr'><strong>:equalis</strong></span> <span class='ocrx_word' id='word_1_73' title='bbox 1017 1083 1290 1138; x_wconf 86' lang='lat' dir='ltr'><strong>habeatur</strong></span> <span class='ocrx_word' id='word_1_74' title='bbox 1321 1082 1371 1139; x_wconf 94' lang='lat' dir='ltr'><strong>ei</strong></span> <span class='ocrx_word' id='word_1_75' title='bbox 1393 1083 1489 1153; x_wconf 87' lang='lat' dir='ltr'><strong>qui</strong></span> <span class='ocrx_word' id='word_1_76' title='bbox 1516 1080 1844 1137; x_wconf 86' lang='lat' dir='ltr'><strong>naturaliter</strong></span> 
     </span>
     <span class='ocr_line' id='line_1_12' title="bbox 270 1172 1846 1245; baseline -0.001 -15"><span class='ocrx_word' id='word_1_77' title='bbox 270 1176 528 1230; x_wconf 83' lang='lat' dir='ltr'><strong>Dominus</strong></span> <span class='ocrx_word' id='word_1_78' title='bbox 583 1174 701 1243; x_wconf 72' lang='lat' dir='ltr'><strong>est?</strong></span> <span class='ocrx_word' id='word_1_79' title='bbox 752 1172 926 1239; x_wconf 89' lang='lat' dir='ltr'><strong>Quam</strong></span> <span class='ocrx_word' id='word_1_80' title='bbox 965 1174 1183 1245; x_wconf 88' lang='lat' dir='ltr'><strong>quidem</strong></span> <span class='ocrx_word' id='word_1_81' title='bbox 1241 1188 1355 1230; x_wconf 86' lang='lat' dir='ltr'><strong>rem</strong></span> <span class='ocrx_word' id='word_1_82' title='bbox 1406 1174 1665 1229; x_wconf 85' lang='lat' dir='ltr'><strong>omnibus</strong></span> <span class='ocrx_word' id='word_1_83' title='bbox 1711 1174 1846 1229; x_wconf 87' lang='lat' dir='ltr'><strong>satis</strong></span> 
     </span>
     <span class='ocr_line' id='line_1_13' title="bbox 269 1263 1847 1335; baseline -0.001 -16"><span class='ocrx_word' id='word_1_84' title='bbox 269 1266 539 1335; x_wconf 78' lang='lat' dir='ltr'><strong>cognitam</strong></span> <span class='ocrx_word' id='word_1_85' title='bbox 568 1279 689 1320; x_wconf 86' lang='lat' dir='ltr'><strong>esse</strong></span> <span class='ocrx_word' id='word_1_86' title='bbox 727 1263 988 1318; x_wconf 74' lang='lat' dir='ltr'><strong>arbitror.</strong></span> <span class='ocrx_word' id='word_1_87' title='bbox 1015 1264 1297 1330; x_wconf 82' lang='lat' dir='ltr'><strong>Quomodo</strong></span> <span class='ocrx_word' id='word_1_88' title='bbox 1320 1264 1486 1332; x_wconf 80' lang='lat' dir='ltr'><strong>igitur</strong></span> <span class='ocrx_word' id='word_1_89' title='bbox 1507 1263 1600 1334; x_wconf 90' lang='lat' dir='ltr'><strong>qui</strong></span> <span class='ocrx_word' id='word_1_90' title='bbox 1631 1277 1847 1334; x_wconf 81' lang='lat' dir='ltr'><strong>semper</strong></span> 
     </span>
     <span class='ocr_line' id='line_1_14' title="bbox 271 1353 1847 1425; baseline -0.003 -14"><span class='ocrx_word' id='word_1_91' title='bbox 271 1357 442 1425; x_wconf 80' lang='lat' dir='ltr'><strong>major</strong></span> <span class='ocrx_word' id='word_1_92' title='bbox 474 1354 600 1422; x_wconf 81' lang='lat' dir='ltr'><strong>ruit,</strong></span> <span class='ocrx_word' id='word_1_93' title='bbox 641 1364 942 1424; x_wconf 87' lang='lat' dir='ltr'><strong>temporum</strong></span> <span class='ocrx_word' id='word_1_94' title='bbox 978 1354 1288 1409; x_wconf 83' lang='lat' dir='ltr'><strong>evolutione</strong></span> <span class='ocrx_word' id='word_1_95' title='bbox 1326 1354 1446 1410; x_wconf 82' lang='lat' dir='ltr'><strong>talis</strong></span> <span class='ocrx_word' id='word_1_96' title='bbox 1470 1354 1580 1422; x_wconf 83' lang='lat' dir='ltr'><strong>flet,</strong></span> <span class='ocrx_word' id='word_1_97' title='bbox 1619 1354 1669 1411; x_wconf 85' lang='lat' dir='ltr'><strong>si</strong></span> <span class='ocrx_word' id='word_1_98' title='bbox 1690 1353 1847 1410; x_wconf 86' lang='lat' dir='ltr'><strong>Chri·</strong></span> 
     </span>
     <span class='ocr_line' id='line_1_15' title="bbox 270 1442 1845 1515; baseline 0 -14"><span class='ocrx_word' id='word_1_99' title='bbox 270 1456 388 1502; x_wconf 87' lang='lat' dir='ltr'><strong>stus</strong></span> <span class='ocrx_word' id='word_1_100' title='bbox 443 1454 698 1514; x_wconf 79' lang='lat' dir='ltr'><strong>tanquam</strong></span> <span class='ocrx_word' id='word_1_101' title='bbox 755 1445 972 1500; x_wconf 77' lang='lat' dir='ltr'><strong>futurus</strong></span> <span class='ocrx_word' id='word_1_102' title='bbox 1006 1444 1185 1514; x_wconf 80' lang='lat' dir='ltr'><strong>major</strong></span> <span class='ocrx_word' id='word_1_103' title='bbox 1231 1442 1439 1501; x_wconf 84' lang='lat' dir='ltr'><strong>Joanne</strong></span> <span class='ocrx_word' id='word_1_104' title='bbox 1485 1445 1724 1515; x_wconf 83' lang='lat' dir='ltr'><strong>Baptista</strong></span> <span class='ocrx_word' id='word_1_105' title='bbox 1775 1448 1845 1501; x_wconf 84' lang='lat' dir='ltr'><strong>ita</strong></span> 
     </span>
    </p>
   </div>
   <div class='ocr_carea' id='block_1_6' title="bbox 270 1534 1847 1682">
    <p class='ocr_par' dir='ltr' id='par_1_6' title="bbox 270 1534 1847 1682">
     <span class='ocr_line' id='line_1_16' title="bbox 272 1534 1847 1610; baseline 0 -18"><span class='ocrx_word' id='word_1_106' title='bbox 272 1538 348 1593; x_wconf 90' lang='lat' dir='ltr'><strong>ait</strong></span> <span class='ocrx_word' id='word_1_107' title='bbox 400 1554 416 1591; x_wconf 73' lang='grc' dir='ltr'><strong>ε</strong></span> <span class='ocrx_word' id='word_1_108' title='bbox 474 1555 493 1588; x_wconf 87' lang='lat' dir='ltr'><strong>t</strong></span> <span class='ocrx_word' id='word_1_109' title='bbox 543 1536 718 1591; x_wconf 78' lang='lat' dir='ltr'><strong>Minor</strong></span> <span class='ocrx_word' id='word_1_110' title='bbox 777 1535 832 1591; x_wconf 90' lang='lat' dir='ltr'><strong>in</strong></span> <span class='ocrx_word' id='word_1_111' title='bbox 913 1550 1082 1606; x_wconf 77' lang='lat' dir='ltr'><strong>regno</strong></span> <span class='ocrx_word' id='word_1_112' title='bbox 1139 1534 1401 1593; x_wconf 85' lang='lat' dir='ltr'><strong>coeiorum</strong></span> <span class='ocrx_word' id='word_1_113' title='bbox 1481 1539 1658 1610; x_wconf 80' lang='lat' dir='ltr'><strong>major</strong></span> <span class='ocrx_word' id='word_1_114' title='bbox 1728 1538 1847 1608; x_wconf 85' lang='lat' dir='ltr'><strong>ipso</strong></span> 
     </span>
     <span class='ocr_line' id='line_1_17' title="bbox 270 1624 556 1682; baseline -0.01 0"><span class='ocrx_word' id='word_1_115' title='bbox 270 1626 378 1682; x_wconf 81' lang='lat' dir='ltr'><strong>erit</strong></span> <span class='ocrx_word' id='word_1_116' title='bbox 409 1624 497 1680; x_wconf 76' lang='lat'><strong>⁸⁸?</strong></span> <span class='ocrx_word' id='word_1_117' title='bbox 533 1644 556 1679; x_wconf 65' lang='lat' dir='ltr'><strong>a</strong></span> 
     </span>
    </p>
   </div>
   <div class='ocr_carea' id='block_1_7' title="bbox 1940 519 3531 1054">
    <p class='ocr_par' dir='ltr' id='par_1_7' title="bbox 1940 519 3531 1054">
     <span class='ocr_line' id='line_1_18' title="bbox 1940 519 3525 604; baseline -0.011 -17"><span class='ocrx_word' id='word_1_118' title='bbox 1940 531 2379 604; x_wconf 67' lang='grc' dir='ltr'>διερωτώμενος·</span> <span class='ocrx_word' id='word_1_119' title='bbox 2418 548 2438 582; x_wconf 84' lang='lat' dir='ltr'><strong>t</strong></span> <span class='ocrx_word' id='word_1_120' title='bbox 2486 526 2628 593; x_wconf 84' lang='grc' dir='ltr'><strong>Ἐγὼ</strong></span> <span class='ocrx_word' id='word_1_121' title='bbox 2654 524 2805 597; x_wconf 77' lang='grc' dir='ltr'><strong>φωνὴ</strong></span> <span class='ocrx_word' id='word_1_122' title='bbox 2840 522 3071 595; x_wconf 89' lang='grc' dir='ltr'><strong>βοῶντος</strong></span> <span class='ocrx_word' id='word_1_123' title='bbox 3111 520 3170 574; x_wconf 83' lang='grc' dir='ltr'><strong>ἐν</strong></span> <span class='ocrx_word' id='word_1_124' title='bbox 3198 521 3265 591; x_wconf 73' lang='grc' dir='ltr'><strong>τῇ</strong></span> <span class='ocrx_word' id='word_1_125' title='bbox 3308 519 3525 591; x_wconf 76' lang='grc' dir='ltr'><strong>ἐρήμῳ,</strong></span> 
     </span>
     <span class='ocr_line' id='line_1_19' title="bbox 1941 610 3529 694; baseline -0.008 -18"><span class='ocrx_word' id='word_1_126' title='bbox 1941 622 2107 694; x_wconf 81' lang='grc' dir='ltr'><strong>φησίν</strong></span> <span class='ocrx_word' id='word_1_127' title='bbox 2124 638 2139 653; x_wconf 92' lang='grc'><em>·</em></span> <span class='ocrx_word' id='word_1_128' title='bbox 2203 620 2560 691; x_wconf 82' lang='grc' dir='ltr'><strong>Ἑτοιμάσατε</strong></span> <span class='ocrx_word' id='word_1_129' title='bbox 2586 618 2687 688; x_wconf 78' lang='grc' dir='ltr'><strong>τὴν</strong></span> <span class='ocrx_word' id='word_1_130' title='bbox 2716 616 2834 671; x_wconf 78' lang='grc' dir='ltr'><strong>όδδν</strong></span> <span class='ocrx_word' id='word_1_131' title='bbox 2861 612 3089 683; x_wconf 83' lang='grc' dir='ltr'><strong>Κυρίου.</strong></span> <span class='ocrx_word' id='word_1_132' title='bbox 3126 627 3146 661; x_wconf 77' lang='grc' dir='ltr'><strong>ι</strong></span> <span class='ocrx_word' id='word_1_133' title='bbox 3180 610 3387 679; x_wconf 78' lang='grc' dir='ltr'><strong>Λέγετε</strong></span> <span class='ocrx_word' id='word_1_134' title='bbox 3415 610 3529 664; x_wconf 83' lang='grc' dir='ltr'><strong>τοί-</strong></span> 
     </span>
     <span class='ocr_line' id='line_1_20' title="bbox 1942 702 3529 784; baseline -0.006 -17"><span class='ocrx_word' id='word_1_135' title='bbox 1942 730 2038 767; x_wconf 88' lang='grc' dir='ltr'><strong>νυν</strong></span> <span class='ocrx_word' id='word_1_136' title='bbox 2075 714 2207 784; x_wconf 78' lang='grc' dir='ltr'><strong>ἡμῖν</strong></span> <span class='ocrx_word' id='word_1_137' title='bbox 2234 714 2285 765; x_wconf 85' lang='grc' dir='ltr'><strong>οἰ</strong></span> <span class='ocrx_word' id='word_1_138' title='bbox 2320 708 2729 783; x_wconf 76' lang='grc' dir='ltr'><strong>προόεὸλῆσθαί</strong></span> <span class='ocrx_word' id='word_1_139' title='bbox 2762 723 2893 761; x_wconf 85' lang='grc' dir='ltr'><strong>ποτε</strong></span> <span class='ocrx_word' id='word_1_140' title='bbox 2925 703 3019 758; x_wconf 80' lang='grc' dir='ltr'><strong>τὸν</strong></span> <span class='ocrx_word' id='word_1_141' title='bbox 3057 703 3296 774; x_wconf 82' lang='grc' dir='ltr'><strong>Χριστὸν</strong></span> <span class='ocrx_word' id='word_1_142' title='bbox 3325 702 3422 756; x_wconf 70' lang='grc' dir='ltr'><strong>ἐπὶ</strong></span> <span class='ocrx_word' id='word_1_143' title='bbox 3465 702 3529 757; x_wconf 74' lang='grc' dir='ltr'><strong>τὸ</strong></span> 
     </span>
     <span class='ocr_line' id='line_1_21' title="bbox 1947 793 3531 875; baseline -0.008 -18"><span class='ocrx_word' id='word_1_144' title='bbox 1947 804 2131 875; x_wconf 81' lang='grc' dir='ltr'><strong>μεῖζον</strong></span> <span class='ocrx_word' id='word_1_145' title='bbox 2175 802 2401 873; x_wconf 80' lang='grc' dir='ltr'>ἀμαθῶς</span> <span class='ocrx_word' id='word_1_146' title='bbox 2431 799 2851 861; x_wconf 82' lang='grc' dir='ltr'><strong>ὑποπτεύοντες,</strong></span> <span class='ocrx_word' id='word_1_147' title='bbox 2900 796 2995 849; x_wconf 78' lang='grc' dir='ltr'><strong>καὶ</strong></span> <span class='ocrx_word' id='word_1_148' title='bbox 3037 793 3102 848; x_wconf 79' lang='grc' dir='ltr'><strong>τὸ</strong></span> <span class='ocrx_word' id='word_1_149' title='bbox 3143 793 3393 848; x_wconf 82' lang='grc' dir='ltr'><strong>Ἰωάννου</strong></span> <span class='ocrx_word' id='word_1_150' title='bbox 3428 793 3531 864; x_wconf 66' lang='grc' dir='ltr'><strong>μέ·</strong></span> 
     </span>
     <span class='ocr_line' id='line_1_22' title="bbox 1942 885 3530 966; baseline -0.006 -18"><span class='ocrx_word' id='word_1_151' title='bbox 1942 910 2074 966; x_wconf 88' lang='grc' dir='ltr'><strong>τρον</strong></span> <span class='ocrx_word' id='word_1_152' title='bbox 2105 894 2492 965; x_wconf 81' lang='grc' dir='ltr'><strong>ὑπεραλεῖσθαι</strong></span> <span class='ocrx_word' id='word_1_153' title='bbox 2523 892 2679 964; x_wconf 84' lang='grc' dir='ltr'><strong>μόλις</strong></span> <span class='ocrx_word' id='word_1_154' title='bbox 2712 893 2769 944; x_wconf 86' lang='grc' dir='ltr'><strong>ἐν</strong></span> <span class='ocrx_word' id='word_1_155' title='bbox 2808 892 2874 961; x_wconf 78' lang='grc' dir='ltr'><strong>τῇ</strong></span> <span class='ocrx_word' id='word_1_156' title='bbox 2922 885 3169 959; x_wconf 76' lang='grc' dir='ltr'>βασιλείᾳ</span> <span class='ocrx_word' id='word_1_157' title='bbox 3207 885 3320 941; x_wconf 85' lang='grc' dir='ltr'><strong>τῶν</strong></span> <span class='ocrx_word' id='word_1_158' title='bbox 3357 886 3530 956; x_wconf 81' lang='grc' dir='ltr'><strong>οὐρα·</strong></span> 
     </span>
     <span class='ocr_line' id='line_1_23' title="bbox 1944 978 3529 1054; baseline -0.005 -14"><span class='ocrx_word' id='word_1_159' title='bbox 1944 987 2072 1050; x_wconf 90' lang='grc' dir='ltr'><strong>νῶν,</strong></span> <span class='ocrx_word' id='word_1_160' title='bbox 2121 985 2250 1039; x_wconf 88' lang='grc' dir='ltr'><strong>πότε</strong></span> <span class='ocrx_word' id='word_1_161' title='bbox 2279 984 2378 1038; x_wconf 85' lang='grc' dir='ltr'><strong>τοῦ</strong></span> <span class='ocrx_word' id='word_1_162' title='bbox 2426 984 2683 1053; x_wconf 75' lang='grc' dir='ltr'>Ὑψίστου</span> <span class='ocrx_word' id='word_1_163' title='bbox 2731 982 3019 1054; x_wconf 81' lang='grc' dir='ltr'>προφήτης</span> <span class='ocrx_word' id='word_1_164' title='bbox 3052 979 3153 1033; x_wconf 76' lang='grc' dir='ltr'><strong>οὑκ</strong></span> <span class='ocrx_word' id='word_1_165' title='bbox 3190 978 3259 1033; x_wconf 81' lang='grc' dir='ltr'><strong>ἂν</strong></span> <span class='ocrx_word' id='word_1_166' title='bbox 3289 978 3529 1035; x_wconf 74' lang='grc' dir='ltr'><strong>ἐλάττων</strong></span> 
     </span>
    </p>
   </div>
   <div class='ocr_carea' id='block_1_8' title="bbox 1945 1071 3527 1146">
    <p class='ocr_par' dir='ltr' id='par_1_8' title="bbox 1945 1071 3527 1146">
     <span class='ocr_line' id='line_1_24' title="bbox 1945 1071 3527 1146; baseline -0.004 -15"><span class='ocrx_word' id='word_1_167' title='bbox 1945 1078 2119 1132; x_wconf 83' lang='grc' dir='ltr'><strong>νοοῖτο</strong></span> <span class='ocrx_word' id='word_1_168' title='bbox 2140 1077 2367 1141; x_wconf 77' lang='grc' dir='ltr'><strong>δικαίως</strong></span> <span class='ocrx_word' id='word_1_169' title='bbox 2389 1094 2404 1140; x_wconf 75' lang='grc' dir='ltr'>ς</span> <span class='ocrx_word' id='word_1_170' title='bbox 2438 1075 2575 1130; x_wconf 85' lang='grc' dir='ltr'><strong>Πότε</strong></span> <span class='ocrx_word' id='word_1_171' title='bbox 2597 1074 2656 1129; x_wconf 79' lang='grc' dir='ltr'><strong>δὲ</strong></span> <span class='ocrx_word' id='word_1_172' title='bbox 2701 1076 2730 1128; x_wconf 85' lang='grc' dir='ltr'><strong>ό</strong></span> <span class='ocrx_word' id='word_1_173' title='bbox 2753 1072 2929 1146; x_wconf 80' lang='grc' dir='ltr'><strong>κήρυξ</strong></span> <span class='ocrx_word' id='word_1_174' title='bbox 2955 1072 3050 1127; x_wconf 63' lang='grc' dir='ltr'><strong>καὶΙ</strong></span> <span class='ocrx_word' id='word_1_175' title='bbox 3076 1071 3386 1143; x_wconf 81' lang='grc' dir='ltr'><strong>πρόδρομος</strong></span> <span class='ocrx_word' id='word_1_176' title='bbox 3430 1071 3527 1124; x_wconf 77' lang='grc' dir='ltr'><strong>καὶ</strong></span> 
     </span>
    </p>
   </div>
   <div class='ocr_carea' id='block_1_9' title="bbox 1922 1160 3528 1239">
    <p class='ocr_par' dir='ltr' id='par_1_9' title="bbox 1922 1160 3528 1239">
     <span class='ocr_line' id='line_1_25' title="bbox 1922 1160 3528 1239; baseline -0.004 -19"><span class='ocrx_word' id='word_1_177' title='bbox 1922 1165 2046 1239; x_wconf 49' lang='grc' dir='ltr'><strong>’τὴν</strong></span> <span class='ocrx_word' id='word_1_178' title='bbox 2070 1166 2256 1238; x_wconf 80' lang='grc' dir='ltr'><strong>οἰκέτῃ</strong></span> <span class='ocrx_word' id='word_1_179' title='bbox 2295 1165 2616 1237; x_wconf 81' lang='grc' dir='ltr'><strong>πρέπουσαν</strong></span> <span class='ocrx_word' id='word_1_180' title='bbox 2649 1162 2921 1217; x_wconf 77' lang='grc' dir='ltr'><strong>διακονίαν</strong></span> <span class='ocrx_word' id='word_1_181' title='bbox 2964 1160 3319 1232; x_wconf 89' lang='grc' dir='ltr'><strong>ἀποπληρῶν,</strong></span> <span class='ocrx_word' id='word_1_182' title='bbox 3355 1160 3435 1223; x_wconf 84' lang='grc' dir='ltr'><strong>εἰς</strong></span> <span class='ocrx_word' id='word_1_183' title='bbox 3465 1161 3528 1215; x_wconf 79' lang='grc' dir='ltr'><strong>τὸ</strong></span> 
     </span>
    </p>
   </div>
   <div class='ocr_carea' id='block_1_10' title="bbox 1945 1251 3529 1515">
    <p class='ocr_par' dir='ltr' id='par_1_10' title="bbox 1945 1251 3529 1515">
     <span class='ocr_line' id='line_1_26' title="bbox 1947 1251 3526 1329; baseline -0.006 -16"><span class='ocrx_word' id='word_1_184' title='bbox 1947 1259 2063 1313; x_wconf 75' lang='grc' dir='ltr'><strong>ἴσον</strong></span> <span class='ocrx_word' id='word_1_185' title='bbox 2094 1257 2369 1314; x_wconf 73' lang='grc' dir='ltr'><strong>ἀναὸαίνει</strong></span> <span class='ocrx_word' id='word_1_186' title='bbox 2400 1258 2596 1329; x_wconf 82' lang='grc' dir='ltr'><strong>μέτρον</strong></span> <span class='ocrx_word' id='word_1_187' title='bbox 2624 1255 2703 1327; x_wconf 81' lang='grc' dir='ltr'><strong>τῷ</strong></span> <span class='ocrx_word' id='word_1_188' title='bbox 2733 1254 2874 1309; x_wconf 80' lang='grc' dir='ltr'><strong>κατὰ</strong></span> <span class='ocrx_word' id='word_1_189' title='bbox 2900 1253 3061 1324; x_wconf 84' lang='grc' dir='ltr'><strong>φύσιν</strong></span> <span class='ocrx_word' id='word_1_190' title='bbox 3093 1251 3317 1324; x_wconf 77' lang='grc' dir='ltr'><strong>Κυρίῳς</strong></span> <span class='ocrx_word' id='word_1_191' title='bbox 3361 1251 3526 1315; x_wconf 70' lang='grc' dir='ltr'><strong>Ἀλλ’,</strong></span> 
     </span>
     <span class='ocr_line' id='line_1_27' title="bbox 1945 1338 3529 1422; baseline -0.006 -18"><span class='ocrx_word' id='word_1_192' title='bbox 1945 1345 2121 1422; x_wconf 73' lang='grc' dir='ltr'><strong>οἶμαι,</strong></span> <span class='ocrx_word' id='word_1_193' title='bbox 2169 1348 2336 1404; x_wconf 75' lang='grc' dir='ltr'><strong>πᾶσίν</strong></span> <span class='ocrx_word' id='word_1_194' title='bbox 2375 1349 2524 1403; x_wconf 88' lang='grc' dir='ltr'><strong>ἐστιν</strong></span> <span class='ocrx_word' id='word_1_195' title='bbox 2550 1351 2580 1402; x_wconf 86' lang='grc' dir='ltr'><strong>ό</strong></span> <span class='ocrx_word' id='word_1_196' title='bbox 2624 1347 2781 1417; x_wconf 75' lang='grc' dir='ltr'><strong>λόγος</strong></span> <span class='ocrx_word' id='word_1_197' title='bbox 2821 1345 3170 1409; x_wconf 76' lang='grc' dir='ltr'><strong>εὐσύνοπτος.</strong></span> <span class='ocrx_word' id='word_1_198' title='bbox 3214 1344 3343 1407; x_wconf 85' lang='grc' dir='ltr'><strong>Πῶς</strong></span> <span class='ocrx_word' id='word_1_199' title='bbox 3374 1338 3472 1397; x_wconf 75' lang='grc' dir='ltr'><strong>οὖν</strong></span> <span class='ocrx_word' id='word_1_200' title='bbox 3497 1342 3529 1395; x_wconf 86' lang='grc' dir='ltr'><strong>ό</strong></span> 
     </span>
     <span class='ocr_line' id='line_1_28' title="bbox 1951 1433 3527 1515; baseline -0.005 -20"><span class='ocrx_word' id='word_1_201' title='bbox 1951 1442 2154 1515; x_wconf 81' lang='grc' dir='ltr'><strong>μείζων</strong></span> <span class='ocrx_word' id='word_1_202' title='bbox 2179 1442 2288 1507; x_wconf 76' lang='grc' dir='ltr'><strong>ἀεὶ,</strong></span> <span class='ocrx_word' id='word_1_203' title='bbox 2314 1440 2471 1494; x_wconf 80' lang='grc' dir='ltr'><strong>τοῦτο</strong></span> <span class='ocrx_word' id='word_1_204' title='bbox 2492 1439 2644 1494; x_wconf 80' lang='grc' dir='ltr'><strong>ἔσται</strong></span> <span class='ocrx_word' id='word_1_205' title='bbox 2678 1438 2819 1493; x_wconf 82' lang='grc' dir='ltr'><strong>κατὰ</strong></span> <span class='ocrx_word' id='word_1_206' title='bbox 2842 1437 3086 1509; x_wconf 78' lang='grc' dir='ltr'><strong>καιροὺς,</strong></span> <span class='ocrx_word' id='word_1_207' title='bbox 3108 1434 3268 1507; x_wconf 77' lang='grc' dir='ltr'><strong>εἴπερ</strong></span> <span class='ocrx_word' id='word_1_208' title='bbox 3298 1433 3376 1499; x_wconf 82' lang='grc' dir='ltr'><strong>ὡς</strong></span> <span class='ocrx_word' id='word_1_209' title='bbox 3402 1434 3527 1488; x_wconf 88' lang='grc' dir='ltr'><strong>ἐσό-</strong></span> 
     </span>
    </p>
   </div>
   <div class='ocr_carea' id='block_1_11' title="bbox 1902 1527 3524 1607">
    <p class='ocr_par' dir='ltr' id='par_1_11' title="bbox 1902 1527 3524 1607">
     <span class='ocr_line' id='line_1_29' title="bbox 1902 1527 3524 1607; baseline -0.006 -18"><span class='ocrx_word' id='word_1_210' title='bbox 1902 1577 1919 1589; x_wconf 89' lang='grc'><strong>.</strong></span> <span class='ocrx_word' id='word_1_211' title='bbox 1950 1551 2114 1607; x_wconf 87' lang='grc' dir='ltr'><strong>μενος</strong></span> <span class='ocrx_word' id='word_1_212' title='bbox 2144 1530 2347 1604; x_wconf 76' lang='grc' dir='ltr'><strong>μείζων</strong></span> <span class='ocrx_word' id='word_1_213' title='bbox 2377 1532 2647 1597; x_wconf 74' lang='grc' dir='ltr'><strong>,Ἰωάννου</strong></span> <span class='ocrx_word' id='word_1_214' title='bbox 2690 1529 2946 1603; x_wconf 80' lang='grc' dir='ltr'><strong>Χριστὸς,</strong></span> <span class='ocrx_word' id='word_1_215' title='bbox 2990 1548 3012 1582; x_wconf 76' lang='lat' dir='ltr'><strong>r</strong></span> <span class='ocrx_word' id='word_1_216' title='bbox 3073 1528 3135 1581; x_wconf 86' lang='lat'><strong>&#39;0</strong></span> <span class='ocrx_word' id='word_1_217' title='bbox 3178 1527 3524 1600; x_wconf 75' lang='grc' dir='ltr'><strong>μικρότερος,</strong></span> 
     </span>
    </p>
   </div>
   <div class='ocr_carea' id='block_1_12' title="bbox 1947 1617 3527 1786">
    <p class='ocr_par' dir='ltr' id='par_1_12' title="bbox 1947 1617 3527 1786">
     <span class='ocr_line' id='line_1_30' title="bbox 1947 1617 3527 1698; baseline -0.007 -16"><span class='ocrx_word' id='word_1_218' title='bbox 1947 1628 2132 1698; x_wconf 69' lang='grc' dir='ltr'><strong>φησιν,</strong></span> <span class='ocrx_word' id='word_1_219' title='bbox 2177 1627 2238 1682; x_wconf 86' lang='grc' dir='ltr'><strong>ἐν</strong></span> <span class='ocrx_word' id='word_1_220' title='bbox 2276 1628 2343 1697; x_wconf 81' lang='grc' dir='ltr'><strong>τῇ</strong></span> <span class='ocrx_word' id='word_1_221' title='bbox 2386 1622 2630 1695; x_wconf 78' lang='grc' dir='ltr'><strong>βασιλείᾳ</strong></span> <span class='ocrx_word' id='word_1_222' title='bbox 2670 1622 2781 1677; x_wconf 91' lang='grc' dir='ltr'><strong>τῶν</strong></span> <span class='ocrx_word' id='word_1_223' title='bbox 2814 1621 3082 1695; x_wconf 79' lang='grc' dir='ltr'><strong>οὐρανῶν,</strong></span> <span class='ocrx_word' id='word_1_224' title='bbox 3115 1618 3315 1693; x_wconf 80' lang='grc' dir='ltr'><strong>μείζων</strong></span> <span class='ocrx_word' id='word_1_225' title='bbox 3360 1617 3527 1675; x_wconf 79' lang='grc' dir='ltr'><strong>αὐτοῦ</strong></span> 
     </span>
     <span class='ocr_line' id='line_1_31' title="bbox 1947 1721 2268 1786; baseline -0.006 -13"><span class='ocrx_word' id='word_1_226' title='bbox 1947 1721 2139 1786; x_wconf 80' lang='grc' dir='ltr'><strong>ἐστιν;</strong></span> <span class='ocrx_word' id='word_1_227' title='bbox 2181 1738 2201 1772; x_wconf 84' lang='grc' dir='ltr'><strong>ι</strong></span> <span class='ocrx_word' id='word_1_228' title='bbox 2263 1775 2268 1782; x_wconf 67' lang='grc'><strong>,</strong></span> 
     </span>
    </p>
   </div>
   <div class='ocr_carea' id='block_1_13' title="bbox 274 1818 3529 1911">
    <p class='ocr_par' dir='ltr' id='par_1_13' title="bbox 274 1818 3529 1911">
     <span class='ocr_line' id='line_1_32' title="bbox 274 1818 3529 1911; baseline -0.002 -31"><span class='ocrx_word' id='word_1_229' title='bbox 274 1824 377 1883; x_wconf 75' lang='lat' dir='ltr'><strong>Pia</strong></span> <span class='ocrx_word' id='word_1_230' title='bbox 418 1825 804 1895; x_wconf 60' lang='grc' dir='ltr'><strong>ιοιίαίεορίιῖε</strong></span> <span class='ocrx_word' id='word_1_231' title='bbox 860 1826 1167 1894; x_wconf 71' lang='lat' dir='ltr'><strong>explicatio,</strong></span> <span class='ocrx_word' id='word_1_232' title='bbox 1219 1841 1432 1881; x_wconf 73' lang='lat' dir='ltr'><strong>sensnm</strong></span> <span class='ocrx_word' id='word_1_233' title='bbox 1473 1826 1581 1880; x_wconf 73' lang='lat' dir='ltr'><strong>sive</strong></span> <span class='ocrx_word' id='word_1_234' title='bbox 1627 1840 1842 1894; x_wconf 74' lang='lat' dir='ltr'><strong>scopum</strong></span> <span class='ocrx_word' id='word_1_235' title='bbox 1871 1818 1917 1874; x_wconf 86' lang='lat' dir='ltr'>B</span> <span class='ocrx_word' id='word_1_236' title='bbox 1959 1830 2279 1911; x_wconf 59' lang='grc' dir='ltr'><strong>Ἑξῄγησις</strong></span> <span class='ocrx_word' id='word_1_237' title='bbox 2304 1830 2565 1898; x_wconf 52' lang='lat' dir='ltr'><strong>snm-6214·</strong></span> <span class='ocrx_word' id='word_1_238' title='bbox 2604 1828 2753 1884; x_wconf 62' lang='lat' dir='ltr'><strong>mov</strong></span> <span class='ocrx_word' id='word_1_239' title='bbox 2782 1827 2891 1883; x_wconf 76' lang='grc' dir='ltr'><strong>τοῦ</strong></span> <span class='ocrx_word' id='word_1_240' title='bbox 2922 1824 3275 1896; x_wconf 72' lang='grc' dir='ltr'><strong>κεφαλαίου,</strong></span> <span class='ocrx_word' id='word_1_241' title='bbox 3311 1822 3423 1878; x_wconf 79' lang='grc' dir='ltr'><strong>τόν</strong></span> <span class='ocrx_word' id='word_1_242' title='bbox 3456 1821 3529 1876; x_wconf 77' lang='grc' dir='ltr'><strong>ὲν</strong></span> 
     </span>
    </p>
   </div>
   <div class='ocr_carea' id='block_1_14' title="bbox 626 1895 1531 1951">
    <p class='ocr_par' dir='ltr' id='par_1_14' title="bbox 626 1895 1531 1951">
     <span class='ocr_line' id='line_1_33' title="bbox 626 1895 1531 1951; baseline -0.001 0"><span class='ocrx_word' id='word_1_243' title='bbox 626 1897 773 1951; x_wconf 74' lang='lat' dir='ltr'><strong>iltius</strong></span> <span class='ocrx_word' id='word_1_244' title='bbox 806 1896 934 1950; x_wconf 83' lang='lat' dir='ltr'><strong>dicti</strong></span> <span class='ocrx_word' id='word_1_245' title='bbox 964 1904 1213 1950; x_wconf 80' lang='lat' dir='ltr'><strong>accurate</strong></span> <span class='ocrx_word' id='word_1_246' title='bbox 1235 1895 1531 1951; x_wconf 74' lang='lat' dir='ltr'><strong>declarans.</strong></span> 
     </span>
    </p>
   </div>
   <div class='ocr_carea' id='block_1_15' title="bbox 270 2004 1850 3153">
    <p class='ocr_par' dir='ltr' id='par_1_15' title="bbox 270 2004 1850 3153">
     <span class='ocr_line' id='line_1_34' title="bbox 343 2004 1846 2075; baseline -0.001 -13"><span class='ocrx_word' id='word_1_247' title='bbox 343 2007 480 2062; x_wconf 84' lang='lat' dir='ltr'><strong>Cum</strong></span> <span class='ocrx_word' id='word_1_248' title='bbox 527 2006 640 2075; x_wconf 73' lang='lat' dir='ltr'><strong>iam</strong></span> <span class='ocrx_word' id='word_1_249' title='bbox 691 2005 827 2061; x_wconf 87' lang='lat' dir='ltr'><strong>satis</strong></span> <span class='ocrx_word' id='word_1_250' title='bbox 879 2019 978 2073; x_wconf 89' lang='lat' dir='ltr'><strong>pro</strong></span> <span class='ocrx_word' id='word_1_251' title='bbox 1031 2018 1150 2059; x_wconf 91' lang='lat' dir='ltr'><strong>meo</strong></span> <span class='ocrx_word' id='word_1_252' title='bbox 1197 2004 1512 2069; x_wconf 81' lang='lat' dir='ltr'><strong>intellectu,</strong></span> <span class='ocrx_word' id='word_1_253' title='bbox 1556 2004 1846 2075; x_wconf 82' lang='lat' dir='ltr'><strong>propositae</strong></span> 
     </span>
     <span class='ocr_line' id='line_1_35' title="bbox 273 2093 1848 2167; baseline -0.001 -15"><span class='ocrx_word' id='word_1_254' title='bbox 273 2095 594 2167; x_wconf 77' lang='lat' dir='ltr'><strong>quaestionis</strong></span> <span class='ocrx_word' id='word_1_255' title='bbox 615 2094 882 2149; x_wconf 81' lang='lat' dir='ltr'><strong>rationem</strong></span> <span class='ocrx_word' id='word_1_256' title='bbox 902 2093 1364 2164; x_wconf 80' lang='lat' dir='ltr'><strong>investigaverim,</strong></span> <span class='ocrx_word' id='word_1_257' title='bbox 1396 2093 1551 2163; x_wconf 79' lang='lat'><strong>101</strong></span> <span class='ocrx_word' id='word_1_258' title='bbox 1582 2094 1848 2165; x_wconf 74' lang='lat' dir='ltr'><strong>singulas·</strong></span> 
     </span>
     <span class='ocr_line' id='line_1_36' title="bbox 273 2184 1848 2255; baseline -0.001 -16"><span class='ocrx_word' id='word_1_259' title='bbox 273 2200 379 2255; x_wconf 82' lang='lat' dir='ltr'><strong>que</strong></span> <span class='ocrx_word' id='word_1_260' title='bbox 408 2184 526 2255; x_wconf 82' lang='lat' dir='ltr'><strong>ejus</strong></span> <span class='ocrx_word' id='word_1_261' title='bbox 559 2193 745 2255; x_wconf 84' lang='lat' dir='ltr'><strong>partes</strong></span> <span class='ocrx_word' id='word_1_262' title='bbox 763 2192 1025 2238; x_wconf 84' lang='lat' dir='ltr'><strong>accurate</strong></span> <span class='ocrx_word' id='word_1_263' title='bbox 1072 2184 1455 2251; x_wconf 69' lang='lat' dir='ltr'><strong>pertractarint</strong></span> <span class='ocrx_word' id='word_1_264' title='bbox 1481 2221 1499 2248; x_wconf 83' lang='lat'>,</span> <span class='ocrx_word' id='word_1_265' title='bbox 1543 2192 1601 2239; x_wconf 91' lang='lat' dir='ltr'><strong>et</strong></span> <span class='ocrx_word' id='word_1_266' title='bbox 1647 2186 1848 2239; x_wconf 77' lang='lat' dir='ltr'><strong>adver·-</strong></span> 
     </span>
     <span class='ocr_line' id='line_1_37' title="bbox 270 2271 1849 2344; baseline -0.001 -15"><span class='ocrx_word' id='word_1_267' title='bbox 270 2278 543 2332; x_wconf 85' lang='lat' dir='ltr'><strong>sariorum</strong></span> <span class='ocrx_word' id='word_1_268' title='bbox 587 2274 872 2344; x_wconf 73' lang='lat' dir='ltr'><strong>opiniones</strong></span> <span class='ocrx_word' id='word_1_269' title='bbox 919 2282 978 2327; x_wconf 87' lang='lat' dir='ltr'><strong>ut</strong></span> <span class='ocrx_word' id='word_1_270' title='bbox 1016 2272 1183 2328; x_wconf 82' lang='lat' dir='ltr'><strong>salsas</strong></span> <span class='ocrx_word' id='word_1_271' title='bbox 1222 2271 1504 2327; x_wconf 76' lang='lat' dir='ltr'><strong>refutarim</strong></span> <span class='ocrx_word' id='word_1_272' title='bbox 1530 2312 1547 2338; x_wconf 89' lang='lat'>,</span> <span class='ocrx_word' id='word_1_273' title='bbox 1598 2283 1849 2342; x_wconf 81' lang='lat' dir='ltr'><strong>superest</strong></span> 
     </span>
     <span class='ocr_line' id='line_1_38' title="bbox 275 2362 1848 2433; baseline -0.002 -13"><span class='ocrx_word' id='word_1_274' title='bbox 275 2375 336 2420; x_wconf 89' lang='lat' dir='ltr'><strong>ut</strong></span> <span class='ocrx_word' id='word_1_275' title='bbox 399 2380 588 2421; x_wconf 75' lang='lat' dir='ltr'><strong>verum</strong></span> <span class='ocrx_word' id='word_1_276' title='bbox 647 2362 811 2433; x_wconf 80' lang='lat' dir='ltr'><strong>hujus</strong></span> <span class='ocrx_word' id='word_1_277' title='bbox 866 2363 997 2418; x_wconf 89' lang='lat' dir='ltr'><strong>dicti</strong></span> <span class='ocrx_word' id='word_1_278' title='bbox 1041 2377 1260 2418; x_wconf 84' lang='lat' dir='ltr'><strong>sensum</strong></span> <span class='ocrx_word' id='word_1_279' title='bbox 1309 2362 1608 2433; x_wconf 59' lang='lat' dir='ltr'><strong>explicem.</strong></span> <span class='ocrx_word' id='word_1_280' title='bbox 1660 2362 1848 2433; x_wconf 85' lang='lat' dir='ltr'><strong>Neque</strong></span> 
     </span>
     <span class='ocr_line' id='line_1_39' title="bbox 273 2454 1848 2525; baseline -0.001 -12"><span class='ocrx_word' id='word_1_281' title='bbox 273 2459 419 2514; x_wconf 87' lang='lat' dir='ltr'><strong>enim</strong></span> <span class='ocrx_word' id='word_1_282' title='bbox 454 2457 693 2513; x_wconf 82' lang='lat' dir='ltr'><strong>arbitror</strong></span> <span class='ocrx_word' id='word_1_283' title='bbox 721 2455 971 2512; x_wconf 85' lang='lat' dir='ltr'><strong>sufficere</strong></span> <span class='ocrx_word' id='word_1_284' title='bbox 995 2495 1010 2520; x_wconf 88' lang='lat'>‚</span> <span class='ocrx_word' id='word_1_285' title='bbox 1059 2465 1121 2511; x_wconf 90' lang='lat' dir='ltr'><strong>ut</strong></span> <span class='ocrx_word' id='word_1_286' title='bbox 1148 2468 1244 2511; x_wconf 90' lang='lat' dir='ltr'><strong>eos</strong></span> <span class='ocrx_word' id='word_1_287' title='bbox 1275 2456 1365 2525; x_wconf 84' lang='lat' dir='ltr'><strong>qui</strong></span> <span class='ocrx_word' id='word_1_288' title='bbox 1416 2454 1555 2510; x_wconf 87' lang='lat' dir='ltr'><strong>male</strong></span> <span class='ocrx_word' id='word_1_289' title='bbox 1604 2456 1848 2511; x_wconf 87' lang='lat' dir='ltr'><strong>sentiunt</strong></span> 
     </span>
     <span class='ocr_line' id='line_1_40' title="bbox 275 2546 1849 2622; baseline -0.004 -15"><span class='ocrx_word' id='word_1_290' title='bbox 275 2554 600 2622; x_wconf 77' lang='lat' dir='ltr'><strong>(statuentes</strong></span> <span class='ocrx_word' id='word_1_291' title='bbox 658 2549 911 2603; x_wconf 86' lang='lat' dir='ltr'><strong>nimirum</strong></span> <span class='ocrx_word' id='word_1_292' title='bbox 971 2546 1270 2611; x_wconf 25' lang='lat' dir='ltr'><strong>Christum.</strong></span> <span class='ocrx_word' id='word_1_293' title='bbox 1306 2546 1538 2615; x_wconf 87' lang='lat' dir='ltr'><strong>quodam</strong></span> <span class='ocrx_word' id='word_1_294' title='bbox 1603 2555 1849 2618; x_wconf 90' lang='lat' dir='ltr'><strong>tempore</strong></span> 
     </span>
     <span class='ocr_line' id='line_1_41' title="bbox 277 2634 1846 2711; baseline -0.004 -16"><span class='ocrx_word' id='word_1_295' title='bbox 277 2640 538 2711; x_wconf 75' lang='lat' dir='ltr'><strong>maiorem</strong></span> <span class='ocrx_word' id='word_1_296' title='bbox 568 2634 778 2693; x_wconf 76' lang='lat' dir='ltr'><strong>soanne</strong></span> <span class='ocrx_word' id='word_1_297' title='bbox 813 2634 1102 2705; x_wconf 74' lang='lat' dir='ltr'><strong>futurum),</strong></span> <span class='ocrx_word' id='word_1_298' title='bbox 1130 2635 1590 2707; x_wconf 81' lang='lat' dir='ltr'><strong>reprehendamus</strong></span> <span class='ocrx_word' id='word_1_299' title='bbox 1612 2676 1628 2703; x_wconf 91' lang='lat'><strong>,</strong></span> <span class='ocrx_word' id='word_1_300' title='bbox 1659 2650 1846 2691; x_wconf 69' lang='lat' dir='ltr'><strong>rerum</strong></span> 
     </span>
     <span class='ocr_line' id='line_1_42' title="bbox 275 2709 1846 2792; baseline -0.003 -9"><span class='ocrx_word' id='word_1_301' title='bbox 275 2728 440 2783; x_wconf 89' lang='lat' dir='ltr'><strong>etiam</strong></span> <span class='ocrx_word' id='word_1_302' title='bbox 466 2724 830 2782; x_wconf 81' lang='lat' dir='ltr'><strong>necessarium</strong></span> <span class='ocrx_word' id='word_1_303' title='bbox 864 2738 987 2779; x_wconf 85' lang='lat' dir='ltr'><strong>esse</strong></span> <span class='ocrx_word' id='word_1_304' title='bbox 1042 2733 1122 2792; x_wconf 88' lang='lat' dir='ltr'><strong>ut,</strong></span> <span class='ocrx_word' id='word_1_305' title='bbox 1157 2724 1319 2780; x_wconf 77' lang='lat' dir='ltr'><strong>allata</strong></span> <span class='ocrx_word' id='word_1_306' title='bbox 1350 2709 1417 2780; x_wconf 80' lang='lat' dir='ltr'><strong>in&#39;</strong></span> <span class='ocrx_word' id='word_1_307' title='bbox 1449 2723 1685 2779; x_wconf 77' lang='lat' dir='ltr'><strong>inedium</strong></span> <span class='ocrx_word' id='word_1_308' title='bbox 1715 2737 1846 2780; x_wconf 80' lang='lat' dir='ltr'><strong>vera</strong></span> 
     </span>
     <span class='ocr_line' id='line_1_43' title="bbox 274 2813 1850 2887; baseline -0.001 -12"><span class='ocrx_word' id='word_1_309' title='bbox 274 2819 566 2886; x_wconf 86' lang='lat' dir='ltr'><strong>sententia,</strong></span> <span class='ocrx_word' id='word_1_310' title='bbox 593 2816 927 2887; x_wconf 79' lang='lat' dir='ltr'><strong>intelligatur</strong></span> <span class='ocrx_word' id='word_1_311' title='bbox 975 2830 1083 2872; x_wconf 90' lang='lat' dir='ltr'><strong>non</strong></span> <span class='ocrx_word' id='word_1_312' title='bbox 1127 2824 1329 2871; x_wconf 87' lang='lat' dir='ltr'><strong>temere</strong></span> <span class='ocrx_word' id='word_1_313' title='bbox 1361 2830 1459 2872; x_wconf 91' lang='lat' dir='ltr'><strong>nos</strong></span> <span class='ocrx_word' id='word_1_314' title='bbox 1504 2813 1572 2871; x_wconf 89' lang='lat' dir='ltr'><strong>ad</strong></span> <span class='ocrx_word' id='word_1_315' title='bbox 1615 2829 1710 2874; x_wconf 91' lang='lat' dir='ltr'><strong>eos</strong></span> <span class='ocrx_word' id='word_1_316' title='bbox 1761 2830 1850 2873; x_wconf 89' lang='lat' dir='ltr'><strong>re-</strong></span> 
     </span>
     <span class='ocr_line' id='line_1_44' title="bbox 273 2905 1845 2982; baseline -0.004 -15"><span class='ocrx_word' id='word_1_317' title='bbox 273 2909 689 2982; x_wconf 85' lang='lat' dir='ltr'><strong>prehendendos</strong></span> <span class='ocrx_word' id='word_1_318' title='bbox 743 2906 1063 2963; x_wconf 85' lang='lat' dir='ltr'><strong>accessisse.</strong></span> <span class='ocrx_word' id='word_1_319' title='bbox 1137 2906 1250 2977; x_wconf 79' lang='lat' dir='ltr'><strong>Age</strong></span> <span class='ocrx_word' id='word_1_320' title='bbox 1296 2905 1460 2976; x_wconf 83' lang='lat' dir='ltr'><strong>igitur</strong></span> <span class='ocrx_word' id='word_1_321' title='bbox 1505 2914 1667 2960; x_wconf 86' lang='lat' dir='ltr'><strong>totam</strong></span> <span class='ocrx_word' id='word_1_322' title='bbox 1728 2920 1845 2962; x_wconf 85' lang='lat' dir='ltr'><strong>rem</strong></span> 
     </span>
     <span class='ocr_line' id='line_1_45' title="bbox 276 2994 1846 3067; baseline -0.004 -10"><span class='ocrx_word' id='word_1_323' title='bbox 276 3001 453 3057; x_wconf 90' lang='lat' dir='ltr'><strong>denuo</strong></span> <span class='ocrx_word' id='word_1_324' title='bbox 482 3001 792 3067; x_wconf 83' lang='lat' dir='ltr'><strong>recitemus,</strong></span> <span class='ocrx_word' id='word_1_325' title='bbox 844 3005 1116 3053; x_wconf 90' lang='lat' dir='ltr'><strong>eteorum</strong></span> <span class='ocrx_word' id='word_1_326' title='bbox 1175 3010 1298 3066; x_wconf 83' lang='lat' dir='ltr'><strong>quae</strong></span> <span class='ocrx_word' id='word_1_327' title='bbox 1357 3009 1386 3048; x_wconf 90' lang='lat' dir='ltr'><strong>a</strong></span> <span class='ocrx_word' id='word_1_328' title='bbox 1433 2994 1650 3051; x_wconf 86' lang='lat' dir='ltr'><strong>Christo</strong></span> <span class='ocrx_word' id='word_1_329' title='bbox 1703 2994 1846 3051; x_wconf 80' lang='lat' dir='ltr'><strong>dicta</strong></span> 
     </span>
     <span class='ocr_line' id='line_1_46' title="bbox 275 3085 1848 3153; baseline -0.005 -5"><span class='ocrx_word' id='word_1_330' title='bbox 275 3102 402 3150; x_wconf 89' lang='lat' dir='ltr'><strong>sunt</strong></span> <span class='ocrx_word' id='word_1_331' title='bbox 422 3107 642 3148; x_wconf 88' lang='lat' dir='ltr'><strong>causam</strong></span> <span class='ocrx_word' id='word_1_332' title='bbox 665 3089 904 3146; x_wconf 82' lang='lat' dir='ltr'><strong>breviter</strong></span> <span class='ocrx_word' id='word_1_333' title='bbox 935 3095 1280 3145; x_wconf 85' lang='lat' dir='ltr'><strong>recensentes</strong></span> <span class='ocrx_word' id='word_1_334' title='bbox 1307 3126 1323 3153; x_wconf 90' lang='lat'><strong>,</strong></span> <span class='ocrx_word' id='word_1_335' title='bbox 1371 3085 1662 3143; x_wconf 78' lang='lat' dir='ltr'><strong>doceamus</strong></span> <span class='ocrx_word' id='word_1_336' title='bbox 1695 3086 1848 3141; x_wconf 92' lang='lat' dir='ltr'><strong>audi·</strong></span> 
     </span>
    </p>
   </div>
   <div class='ocr_carea' id='block_1_16' title="bbox 2015 1892 3454 1974">
    <p class='ocr_par' dir='ltr' id='par_1_16' title="bbox 2015 1892 3454 1974">
     <span class='ocr_line' id='line_1_47' title="bbox 2015 1892 3454 1974; baseline -0.005 -20"><span class='ocrx_word' id='word_1_337' title='bbox 2015 1918 2098 1966; x_wconf 80' lang='grc' dir='ltr'><strong>τῳ</strong></span> <span class='ocrx_word' id='word_1_338' title='bbox 2119 1901 2445 1974; x_wconf 68' lang='grc' dir='ltr'><strong>θεωρήματι</strong></span> <span class='ocrx_word' id='word_1_339' title='bbox 2473 1898 2713 1955; x_wconf 75' lang='grc' dir='ltr'><strong>σκοπὸν</strong></span> <span class='ocrx_word' id='word_1_340' title='bbox 2734 1896 3183 1969; x_wconf 54' lang='grc' dir='ltr'><strong>,ἀπογυμνοῦσα</strong></span> <span class='ocrx_word' id='word_1_341' title='bbox 3210 1892 3454 1966; x_wconf 70' lang='grc' dir='ltr'><strong>γοργιῖις.</strong></span> 
     </span>
    </p>
   </div>
   <div class='ocr_carea' id='block_1_17' title="bbox 1947 2006 3532 3176">
    <p class='ocr_par' dir='ltr' id='par_1_17' title="bbox 1947 2006 3532 3176">
     <span class='ocr_line' id='line_1_48' title="bbox 2033 2006 3529 2088; baseline -0.005 -19"><span class='ocrx_word' id='word_1_342' title='bbox 2033 2012 2438 2086; x_wconf 81' lang='grc' dir='ltr'><strong>Ἐξαρκούντως</strong></span> <span class='ocrx_word' id='word_1_343' title='bbox 2464 2013 2566 2085; x_wconf 72' lang='grc' dir='ltr'><strong>ήδη</strong></span> <span class='ocrx_word' id='word_1_344' title='bbox 2593 2010 2736 2067; x_wconf 89' lang='grc' dir='ltr'><strong>κατά</strong></span> <span class='ocrx_word' id='word_1_345' title='bbox 2762 2027 2828 2082; x_wconf 90' lang='grc' dir='ltr'><strong>γε</strong></span> <span class='ocrx_word' id='word_1_346' title='bbox 2860 2011 2951 2065; x_wconf 83' lang='grc' dir='ltr'><strong>τὸν</strong></span> <span class='ocrx_word' id='word_1_347' title='bbox 2985 2010 3253 2088; x_wconf 69' lang='grc' dir='ltr'><strong>ἡμέτερον</strong></span> <span class='ocrx_word' id='word_1_348' title='bbox 3272 2006 3399 2062; x_wconf 81' lang='grc' dir='ltr'><strong>νοῦν</strong></span> <span class='ocrx_word' id='word_1_349' title='bbox 3433 2007 3529 2061; x_wconf 80' lang='grc' dir='ltr'><strong>τὸν</strong></span> 
     </span>
     <span class='ocr_line' id='line_1_49' title="bbox 1947 2096 3529 2176; baseline -0.003 -19"><span class='ocrx_word' id='word_1_350' title='bbox 1947 2105 2007 2159; x_wconf 86' lang='grc' dir='ltr'><strong>ἐν</strong></span> <span class='ocrx_word' id='word_1_351' title='bbox 2034 2107 2147 2168; x_wconf 81' lang='grc' dir='ltr'><strong>τοῖς</strong></span> <span class='ocrx_word' id='word_1_352' title='bbox 2169 2103 2498 2176; x_wconf 66' lang='grc' dir='ltr'><strong>προλαόοῦσι</strong></span> <span class='ocrx_word' id='word_1_353' title='bbox 2526 2102 2915 2175; x_wconf 72' lang='grc' dir='ltr'><strong>βασανίσαντες</strong></span> <span class='ocrx_word' id='word_1_354' title='bbox 2933 2100 3112 2169; x_wconf 91' lang='grc' dir='ltr'><strong>λόγον,</strong></span> <span class='ocrx_word' id='word_1_355' title='bbox 3137 2100 3232 2154; x_wconf 76' lang='grc' dir='ltr'><strong>καὶ</strong></span> <span class='ocrx_word' id='word_1_356' title='bbox 3259 2098 3371 2153; x_wconf 86' lang='grc' dir='ltr'><strong>τῶν</strong></span> <span class='ocrx_word' id='word_1_357' title='bbox 3394 2096 3529 2153; x_wconf 87' lang='grc' dir='ltr'><strong>θεω-</strong></span> 
     </span>
     <span class='ocr_line' id='line_1_50' title="bbox 1952 2190 3530 2268; baseline -0.004 -18"><span class='ocrx_word' id='word_1_358' title='bbox 1952 2197 2211 2268; x_wconf 85' lang='grc' dir='ltr'><strong>ρημάτων</strong></span> <span class='ocrx_word' id='word_1_359' title='bbox 2242 2196 2471 2250; x_wconf 68' lang='grc' dir='ltr'><strong>ἕκαστον</strong></span> <span class='ocrx_word' id='word_1_360' title='bbox 2501 2195 2643 2267; x_wconf 80' lang='grc' dir='ltr'><strong>μετὰ</strong></span> <span class='ocrx_word' id='word_1_361' title='bbox 2674 2196 2775 2265; x_wconf 83' lang='grc' dir='ltr'><strong>τῆς</strong></span> <span class='ocrx_word' id='word_1_362' title='bbox 2812 2194 3040 2265; x_wconf 84' lang='grc' dir='ltr'><strong>δεούσης</strong></span> <span class='ocrx_word' id='word_1_363' title='bbox 3069 2190 3355 2265; x_wconf 77' lang='grc' dir='ltr'><strong>ἀκριδείας</strong></span> <span class='ocrx_word' id='word_1_364' title='bbox 3390 2190 3530 2243; x_wconf 84' lang='grc' dir='ltr'><strong>διευ-</strong></span> 
     </span>
     <span class='ocr_line' id='line_1_51' title="bbox 1947 2280 3528 2359; baseline -0.006 -18"><span class='ocrx_word' id='word_1_365' title='bbox 1947 2289 2338 2359; x_wconf 72' lang='grc' dir='ltr'><strong>κρινησάμενοι</strong></span> <span class='ocrx_word' id='word_1_366' title='bbox 2398 2288 2491 2341; x_wconf 85' lang='grc' dir='ltr'><strong>τόν</strong></span> <span class='ocrx_word' id='word_1_367' title='bbox 2519 2303 2579 2339; x_wconf 92' lang='grc' dir='ltr'><strong>τε</strong></span> <span class='ocrx_word' id='word_1_368' title='bbox 2616 2285 2728 2341; x_wconf 88' lang='grc' dir='ltr'><strong>τῶν</strong></span> <span class='ocrx_word' id='word_1_369' title='bbox 2754 2285 2822 2339; x_wconf 81' lang='grc' dir='ltr'><strong>δι’</strong></span> <span class='ocrx_word' id='word_1_370' title='bbox 2865 2284 3110 2348; x_wconf 80' lang='grc' dir='ltr'><strong>ἐναντίας</strong></span> <span class='ocrx_word' id='word_1_371' title='bbox 3154 2282 3232 2348; x_wconf 85' lang='grc' dir='ltr'><strong>ὡς</strong></span> <span class='ocrx_word' id='word_1_372' title='bbox 3272 2282 3375 2335; x_wconf 85' lang='grc' dir='ltr'><strong>οὐκ</strong></span> <span class='ocrx_word' id='word_1_373' title='bbox 3416 2280 3528 2349; x_wconf 72' lang='grc' dir='ltr'><strong>ἔχοι</strong></span> 
     </span>
     <span class='ocr_line' id='line_1_52' title="bbox 1949 2370 3528 2446; baseline -0.006 -14"><span class='ocrx_word' id='word_1_374' title='bbox 1949 2378 2129 2441; x_wconf 89' lang='grc' dir='ltr'><strong>καλῶς</strong></span> <span class='ocrx_word' id='word_1_375' title='bbox 2152 2376 2528 2446; x_wconf 76' lang='grc' dir='ltr'><strong>διελέγξαντες</strong></span> <span class='ocrx_word' id='word_1_376' title='bbox 2560 2375 2782 2437; x_wconf 81' lang='grc' dir='ltr'><strong>σκοπὸν,</strong></span> <span class='ocrx_word' id='word_1_377' title='bbox 2812 2371 2899 2428; x_wconf 68' lang='grc' dir='ltr'><strong>ἐπ’</strong></span> <span class='ocrx_word' id='word_1_378' title='bbox 2919 2373 3059 2428; x_wconf 85' lang='grc' dir='ltr'><strong>αύτά</strong></span> <span class='ocrx_word' id='word_1_379' title='bbox 3091 2372 3156 2445; x_wconf 80' lang='grc' dir='ltr'><strong>δὴ</strong></span> <span class='ocrx_word' id='word_1_380' title='bbox 3179 2370 3367 2426; x_wconf 82' lang='grc' dir='ltr'><strong>λοιπὸν</strong></span> <span class='ocrx_word' id='word_1_381' title='bbox 3390 2370 3528 2424; x_wconf 79' lang='grc' dir='ltr'><strong>ἰέναι</strong></span> 
     </span>
     <span class='ocr_line' id='line_1_53' title="bbox 1950 2462 3529 2541; baseline -0.005 -19"><span class='ocrx_word' id='word_1_382' title='bbox 1950 2471 2249 2541; x_wconf 81' lang='grc' dir='ltr'><strong>προσήκειν</strong></span> <span class='ocrx_word' id='word_1_383' title='bbox 2290 2470 2655 2541; x_wconf 69' lang='grc' dir='ltr'><strong>ἐνενοήσαμεν</strong></span> <span class='ocrx_word' id='word_1_384' title='bbox 2693 2467 2765 2522; x_wconf 90' lang='grc' dir='ltr'><strong>τά</strong></span> <span class='ocrx_word' id='word_1_385' title='bbox 2796 2466 2856 2532; x_wconf 75' lang='grc' dir='ltr'><strong>ἐξ</strong></span> <span class='ocrx_word' id='word_1_386' title='bbox 2891 2465 3146 2537; x_wconf 78' lang='grc' dir='ltr'><strong>ἀληθείας</strong></span> <span class='ocrx_word' id='word_1_387' title='bbox 3197 2462 3529 2534; x_wconf 78' lang='grc' dir='ltr'><strong>θεωρήματα</strong></span> 
     </span>
     <span class='ocr_line' id='line_1_54' title="bbox 1950 2553 3530 2633; baseline -0.005 -19"><span class='ocrx_word' id='word_1_388' title='bbox 1950 2562 2045 2616; x_wconf 75' lang='grc' dir='ltr'><strong>καὶ</strong></span> <span class='ocrx_word' id='word_1_389' title='bbox 2096 2561 2196 2632; x_wconf 73' lang='grc' dir='ltr'><strong>τὴν</strong></span> <span class='ocrx_word' id='word_1_390' title='bbox 2228 2562 2286 2615; x_wconf 73' lang='grc' dir='ltr'><strong>ἐν</strong></span> <span class='ocrx_word' id='word_1_391' title='bbox 2318 2561 2397 2633; x_wconf 83' lang='grc' dir='ltr'><strong>τῷ</strong></span> <span class='ocrx_word' id='word_1_392' title='bbox 2448 2560 2797 2631; x_wconf 81' lang='grc' dir='ltr'><strong>παροισθέντι</strong></span> <span class='ocrx_word' id='word_1_393' title='bbox 2834 2555 2984 2631; x_wconf 78' lang='grc' dir='ltr'><strong>ῥητῷ</strong></span> <span class='ocrx_word' id='word_1_394' title='bbox 3015 2555 3366 2611; x_wconf 87' lang='grc' dir='ltr'><strong>διαπτύσσειν</strong></span> <span class='ocrx_word' id='word_1_395' title='bbox 3412 2553 3530 2607; x_wconf 86' lang='grc' dir='ltr'><strong>διά-</strong></span> 
     </span>
     <span class='ocr_line' id='line_1_55' title="bbox 1950 2642 3531 2722; baseline -0.006 -17"><span class='ocrx_word' id='word_1_396' title='bbox 1950 2666 2120 2705; x_wconf 88' lang='grc' dir='ltr'><strong>νοιαν.</strong></span> <span class='ocrx_word' id='word_1_397' title='bbox 2153 2651 2227 2705; x_wconf 85' lang='grc' dir='ltr'><strong>Οὐ</strong></span> <span class='ocrx_word' id='word_1_398' title='bbox 2254 2650 2366 2722; x_wconf 80' lang='grc' dir='ltr'><strong>γὰρ</strong></span> <span class='ocrx_word' id='word_1_399' title='bbox 2385 2644 2539 2722; x_wconf 72' lang='grc' dir='ltr'><strong>οἶμαι</strong></span> <span class='ocrx_word' id='word_1_400' title='bbox 2571 2649 2702 2715; x_wconf 81' lang='grc' dir='ltr'><strong>δεῖν,</strong></span> <span class='ocrx_word' id='word_1_401' title='bbox 2734 2647 2809 2713; x_wconf 86' lang='grc' dir='ltr'><strong>ὡς</strong></span> <span class='ocrx_word' id='word_1_402' title='bbox 2835 2648 2936 2702; x_wconf 85' lang='grc' dir='ltr'><strong>οὐκ</strong></span> <span class='ocrx_word' id='word_1_403' title='bbox 2966 2647 3166 2719; x_wconf 79' lang='grc' dir='ltr'><strong>ἄριστα</strong></span> <span class='ocrx_word' id='word_1_404' title='bbox 3192 2642 3394 2709; x_wconf 76' lang='grc' dir='ltr'><strong>νοοῦσι,</strong></span> <span class='ocrx_word' id='word_1_405' title='bbox 3434 2643 3531 2713; x_wconf 87' lang='grc' dir='ltr'><strong>μό-</strong></span> 
     </span>
     <span class='ocr_line' id='line_1_56' title="bbox 1950 2735 3528 2817; baseline -0.005 -20"><span class='ocrx_word' id='word_1_406' title='bbox 1950 2759 2039 2797; x_wconf 89' lang='grc' dir='ltr'><strong>νον</strong></span> <span class='ocrx_word' id='word_1_407' title='bbox 2070 2737 2330 2814; x_wconf 75' lang='grc' dir='ltr'><strong>ἐπιτιμᾷν</strong></span> <span class='ocrx_word' id='word_1_408' title='bbox 2358 2742 2469 2807; x_wconf 83' lang='grc' dir='ltr'><strong>τοῗς</strong></span> <span class='ocrx_word' id='word_1_409' title='bbox 2490 2740 2571 2795; x_wconf 80' lang='grc' dir='ltr'><strong>ὅτι</strong></span> <span class='ocrx_word' id='word_1_410' title='bbox 2599 2737 2801 2812; x_wconf 78' lang='grc' dir='ltr'><strong>μείζων</strong></span> <span class='ocrx_word' id='word_1_411' title='bbox 2832 2738 2984 2793; x_wconf 77' lang='grc' dir='ltr'><strong>ἔσται</strong></span> <span class='ocrx_word' id='word_1_412' title='bbox 3011 2737 3245 2817; x_wconf 79' lang='grc' dir='ltr'><strong>Χριστὸς</strong></span> <span class='ocrx_word' id='word_1_413' title='bbox 3279 2735 3528 2791; x_wconf 82' lang='grc' dir='ltr'><strong>Ἰωάννου</strong></span> 
     </span>
     <span class='ocr_line' id='line_1_57' title="bbox 1950 2830 3532 2904; baseline -0.004 -17"><span class='ocrx_word' id='word_1_414' title='bbox 1950 2833 2093 2887; x_wconf 87' lang='grc' dir='ltr'><strong>κατά</strong></span> <span class='ocrx_word' id='word_1_415' title='bbox 2107 2851 2227 2888; x_wconf 87' lang='grc' dir='ltr'><strong>τινα</strong></span> <span class='ocrx_word' id='word_1_416' title='bbox 2245 2834 2435 2904; x_wconf 88' lang='grc' dir='ltr'><strong>χρόνον</strong></span> <span class='ocrx_word' id='word_1_417' title='bbox 2458 2833 2809 2903; x_wconf 79' lang='grc' dir='ltr'><strong>διειληφόσιν,</strong></span> <span class='ocrx_word' id='word_1_418' title='bbox 2834 2830 2967 2885; x_wconf 82' lang='grc' dir='ltr'><strong>ἀλλὰ</strong></span> <span class='ocrx_word' id='word_1_419' title='bbox 2987 2831 3081 2886; x_wconf 71' lang='grc' dir='ltr'><strong>καὶ</strong></span> <span class='ocrx_word' id='word_1_420' title='bbox 3106 2830 3242 2901; x_wconf 78' lang='grc' dir='ltr'><strong>αὐτῇ</strong></span> <span class='ocrx_word' id='word_1_421' title='bbox 3262 2830 3330 2899; x_wconf 74' lang='grc' dir='ltr'><strong>τῇ</strong></span> <span class='ocrx_word' id='word_1_422' title='bbox 3352 2844 3532 2900; x_wconf 87' lang='grc' dir='ltr'><strong>παρα-</strong></span> 
     </span>
     <span class='ocr_line' id='line_1_58' title="bbox 1949 2917 3531 2995; baseline -0.004 -16"><span class='ocrx_word' id='word_1_423' title='bbox 1949 2924 2097 2979; x_wconf 85' lang='grc' dir='ltr'><strong>θέσει</strong></span> <span class='ocrx_word' id='word_1_424' title='bbox 2137 2924 2247 2978; x_wconf 84' lang='grc' dir='ltr'><strong>τῶν</strong></span> <span class='ocrx_word' id='word_1_425' title='bbox 2296 2924 2673 2995; x_wconf 77' lang='grc' dir='ltr'><strong>ἀληθεστέρων</strong></span> <span class='ocrx_word' id='word_1_426' title='bbox 2719 2923 2941 2979; x_wconf 80' lang='grc' dir='ltr'><strong>ἐννοιῶν</strong></span> <span class='ocrx_word' id='word_1_427' title='bbox 2992 2920 3394 2994; x_wconf 79' lang='grc' dir='ltr'><strong>ἀποκρούεσθαι</strong></span> <span class='ocrx_word' id='word_1_428' title='bbox 3451 2917 3531 2991; x_wconf 82' lang='grc' dir='ltr'><strong>τῷ</strong></span> 
     </span>
     <span class='ocr_line' id='line_1_59' title="bbox 1953 3010 3531 3090; baseline -0.003 -21"><span class='ocrx_word' id='word_1_429' title='bbox 1953 3014 2028 3088; x_wconf 79' lang='grc' dir='ltr'><strong>μὴ</strong></span> <span class='ocrx_word' id='word_1_430' title='bbox 2059 3015 2236 3071; x_wconf 85' lang='grc' dir='ltr'><strong>δοκεῖν</strong></span> <span class='ocrx_word' id='word_1_431' title='bbox 2286 3014 2348 3068; x_wconf 84' lang='grc' dir='ltr'><strong>ού</strong></span> <span class='ocrx_word' id='word_1_432' title='bbox 2392 3015 2621 3081; x_wconf 84' lang='grc' dir='ltr'><strong>δεόντως</strong></span> <span class='ocrx_word' id='word_1_433' title='bbox 2661 3016 3025 3090; x_wconf 78' lang='grc' dir='ltr'><strong>ἐπισκήπτειν</strong></span> <span class='ocrx_word' id='word_1_434' title='bbox 3053 3016 3255 3079; x_wconf 83' lang='grc' dir='ltr'><strong>αὐτοῖς.</strong></span> <span class='ocrx_word' id='word_1_435' title='bbox 3288 3012 3423 3084; x_wconf 83' lang='grc' dir='ltr'><strong>Φέρε</strong></span> <span class='ocrx_word' id='word_1_436' title='bbox 3465 3010 3531 3082; x_wconf 77' lang='grc' dir='ltr'><strong>δὴ</strong></span> 
     </span>
     <span class='ocr_line' id='line_1_60' title="bbox 1950 3098 3531 3176; baseline -0.002 -19"><span class='ocrx_word' id='word_1_437' title='bbox 1950 3101 2045 3157; x_wconf 74' lang='grc' dir='ltr'><strong>οὖν</strong></span> <span class='ocrx_word' id='word_1_438' title='bbox 2076 3104 2160 3158; x_wconf 81' lang='grc' dir='ltr'><strong>ἐπ’</strong></span> <span class='ocrx_word' id='word_1_439' title='bbox 2195 3102 2325 3158; x_wconf 80' lang='grc' dir='ltr'><strong>αὐτὸ</strong></span> <span class='ocrx_word' id='word_1_440' title='bbox 2367 3098 2556 3161; x_wconf 73' lang='grc' dir='ltr'><strong>λοιπὸν</strong></span> <span class='ocrx_word' id='word_1_441' title='bbox 2590 3105 2760 3176; x_wconf 76' lang='grc' dir='ltr'><strong>ἴωμεν</strong></span> <span class='ocrx_word' id='word_1_442' title='bbox 2803 3105 2865 3160; x_wconf 83' lang='grc' dir='ltr'><strong>τὸ</strong></span> <span class='ocrx_word' id='word_1_443' title='bbox 2900 3106 3255 3176; x_wconf 86' lang='grc' dir='ltr'><strong>ἀνάγνωσμα,</strong></span> <span class='ocrx_word' id='word_1_444' title='bbox 3297 3102 3392 3157; x_wconf 76' lang='grc' dir='ltr'><strong>καὶ</strong></span> <span class='ocrx_word' id='word_1_445' title='bbox 3422 3101 3531 3155; x_wconf 90' lang='grc' dir='ltr'><strong>τῶν</strong></span> 
     </span>
    </p>
   </div>
   <div class='ocr_carea' id='block_1_18' title="bbox 279 3172 3533 3267">
    <p class='ocr_par' dir='ltr' id='par_1_18' title="bbox 279 3172 3533 3267">
     <span class='ocr_line' id='line_1_61' title="bbox 279 3172 3533 3267; baseline -0.004 -26"><span class='ocrx_word' id='word_1_446' title='bbox 279 3198 465 3251; x_wconf 87' lang='lat' dir='ltr'><strong>tores,</strong></span> <span class='ocrx_word' id='word_1_447' title='bbox 525 3185 778 3256; x_wconf 88' lang='lat' dir='ltr'><strong>quisnam</strong></span> <span class='ocrx_word' id='word_1_448' title='bbox 827 3183 900 3238; x_wconf 89' lang='lat' dir='ltr'><strong>sit</strong></span> <span class='ocrx_word' id='word_1_449' title='bbox 927 3181 1085 3253; x_wconf 79' lang='lat' dir='ltr'><strong>hujus</strong></span> <span class='ocrx_word' id='word_1_450' title='bbox 1140 3180 1269 3237; x_wconf 89' lang='lat' dir='ltr'><strong>dicti</strong></span> <span class='ocrx_word' id='word_1_451' title='bbox 1313 3194 1528 3251; x_wconf 88' lang='lat' dir='ltr'><strong>scopus.</strong></span> <span class='ocrx_word' id='word_1_452' title='bbox 1581 3178 1844 3246; x_wconf 84' lang='lat' dir='ltr'><strong>Quocirca</strong></span> <span class='ocrx_word' id='word_1_453' title='bbox 1874 3172 1918 3231; x_wconf 89' lang='lat' dir='ltr'>C</span> <span class='ocrx_word' id='word_1_454' title='bbox 1952 3189 2257 3263; x_wconf 58' lang='grc' dir='ltr'><strong>εἰρημένων</strong></span> <span class='ocrx_word' id='word_1_455' title='bbox 2305 3193 2458 3263; x_wconf 55' lang='grc' dir='ltr'><strong>παρὰ</strong></span> <span class='ocrx_word' id='word_1_456' title='bbox 2510 3192 2605 3248; x_wconf 68' lang='lat'>⁴:0³3</span> <span class='ocrx_word' id='word_1_457' title='bbox 2644 3196 2899 3267; x_wconf 61' lang='grc' dir='ltr'><strong>Σωτῆρος</strong></span> <span class='ocrx_word' id='word_1_458' title='bbox 2950 3197 3111 3266; x_wconf 62' lang='grc' dir='ltr'><strong>ἡμῶν</strong></span> <span class='ocrx_word' id='word_1_459' title='bbox 3147 3192 3386 3267; x_wconf 61' lang='grc' dir='ltr'><strong>χρωτοῦ</strong></span> <span class='ocrx_word' id='word_1_460' title='bbox 3432 3192 3533 3265; x_wconf 57' lang='grc' dir='ltr'><strong>τὴν</strong></span> 
     </span>
    </p>
   </div>
   <div class='ocr_carea' id='block_1_19' title="bbox 278 3267 1853 4436">
    <p class='ocr_par' dir='ltr' id='par_1_19' title="bbox 278 3267 1853 4436">
     <span class='ocr_line' id='line_1_62' title="bbox 279 3267 1849 3348; baseline -0.004 -14"><span class='ocrx_word' id='word_1_461' title='bbox 279 3279 427 3348; x_wconf 85' lang='lat' dir='ltr'><strong>(nam</strong></span> <span class='ocrx_word' id='word_1_462' title='bbox 455 3277 580 3333; x_wconf 87' lang='lat' dir='ltr'><strong>inde</strong></span> <span class='ocrx_word' id='word_1_463' title='bbox 599 3276 812 3332; x_wconf 88' lang='lat' dir='ltr'><strong>initium</strong></span> <span class='ocrx_word' id='word_1_464' title='bbox 837 3273 1131 3339; x_wconf 77' lang='lat' dir='ltr'><strong>faciemus,</strong></span> <span class='ocrx_word' id='word_1_465' title='bbox 1148 3288 1272 3330; x_wconf 89' lang='lat' dir='ltr'><strong>cum</strong></span> <span class='ocrx_word' id='word_1_466' title='bbox 1291 3272 1343 3327; x_wconf 89' lang='lat' dir='ltr'><strong>in</strong></span> <span class='ocrx_word' id='word_1_467' title='bbox 1371 3287 1591 3329; x_wconf 88' lang='lat' dir='ltr'><strong>carcere</strong></span> <span class='ocrx_word' id='word_1_468' title='bbox 1612 3267 1849 3328; x_wconf 72' lang='lat' dir='ltr'><strong>loannes</strong></span> 
     </span>
     <span class='ocr_line' id='line_1_63' title="bbox 279 3359 1849 3428; baseline -0.004 -6"><span class='ocrx_word' id='word_1_469' title='bbox 279 3365 541 3423; x_wconf 85' lang='lat' dir='ltr'><strong>miracula</strong></span> <span class='ocrx_word' id='word_1_470' title='bbox 567 3363 773 3422; x_wconf 85' lang='lat' dir='ltr'><strong>Cbristi</strong></span> <span class='ocrx_word' id='word_1_471' title='bbox 814 3364 1152 3428; x_wconf 82' lang='lat' dir='ltr'><strong>audivisset,</strong></span> <span class='ocrx_word' id='word_1_472' title='bbox 1200 3360 1381 3418; x_wconf 85' lang='lat' dir='ltr'><strong>missis</strong></span> <span class='ocrx_word' id='word_1_473' title='bbox 1434 3361 1644 3416; x_wconf 89' lang='lat' dir='ltr'><strong>duobus</strong></span> <span class='ocrx_word' id='word_1_474' title='bbox 1684 3359 1849 3416; x_wconf 88' lang='lat' dir='ltr'><strong>disci·-</strong></span> 
     </span>
     <span class='ocr_line' id='line_1_64' title="bbox 278 3453 1847 3525; baseline -0.004 -13"><span class='ocrx_word' id='word_1_475' title='bbox 278 3456 418 3525; x_wconf 87' lang='lat' dir='ltr'><strong>pulis</strong></span> <span class='ocrx_word' id='word_1_476' title='bbox 447 3456 560 3513; x_wconf 88' lang='lat' dir='ltr'><strong>suis</strong></span> <span class='ocrx_word' id='word_1_477' title='bbox 602 3455 742 3512; x_wconf 84' lang='lat' dir='ltr'><strong>dixit</strong></span> <span class='ocrx_word' id='word_1_478' title='bbox 785 3457 833 3511; x_wconf 90' lang='lat' dir='ltr'><strong>ei</strong></span> <span class='ocrx_word' id='word_1_479' title='bbox 871 3468 884 3504; x_wconf 74' lang='grc' dir='ltr'><strong>τ</strong></span> <span class='ocrx_word' id='word_1_480' title='bbox 923 3473 943 3507; x_wconf 84' lang='lat' dir='ltr'><strong>t</strong></span> <span class='ocrx_word' id='word_1_481' title='bbox 985 3453 1066 3509; x_wconf 83' lang='lat' dir='ltr'><strong>Tu</strong></span> <span class='ocrx_word' id='word_1_482' title='bbox 1121 3468 1182 3509; x_wconf 89' lang='lat' dir='ltr'><strong>es</strong></span> <span class='ocrx_word' id='word_1_483' title='bbox 1227 3453 1320 3523; x_wconf 88' lang='lat' dir='ltr'><strong>qui</strong></span> <span class='ocrx_word' id='word_1_484' title='bbox 1373 3461 1633 3507; x_wconf 83' lang='lat' dir='ltr'><strong>venturus</strong></span> <span class='ocrx_word' id='word_1_485' title='bbox 1658 3465 1738 3519; x_wconf 89' lang='lat' dir='ltr'><strong>es,</strong></span> <span class='ocrx_word' id='word_1_486' title='bbox 1776 3466 1847 3507; x_wconf 87' lang='lat' dir='ltr'><strong>an</strong></span> 
     </span>
     <span class='ocr_line' id='line_1_65' title="bbox 285 3543 1843 3619; baseline -0.005 -16"><span class='ocrx_word' id='word_1_487' title='bbox 285 3547 451 3604; x_wconf 87' lang='lat' dir='ltr'><strong>alium</strong></span> <span class='ocrx_word' id='word_1_488' title='bbox 487 3546 908 3619; x_wconf 77' lang='lat' dir='ltr'><strong>exspectamus?</strong></span> <span class='ocrx_word' id='word_1_489' title='bbox 937 3564 957 3598; x_wconf 84' lang='lat' dir='ltr'><strong>t</strong></span> <span class='ocrx_word' id='word_1_490' title='bbox 988 3545 1071 3601; x_wconf 79' lang='lat' dir='ltr'><strong>Ad</strong></span> <span class='ocrx_word' id='word_1_491' title='bbox 1106 3543 1208 3601; x_wconf 91' lang='lat' dir='ltr'><strong>hoc</strong></span> <span class='ocrx_word' id='word_1_492' title='bbox 1244 3543 1493 3601; x_wconf 85' lang='lat' dir='ltr'><strong>Christus</strong></span> <span class='ocrx_word' id='word_1_493' title='bbox 1524 3543 1801 3614; x_wconf 89' lang='lat' dir='ltr'><strong>respondit</strong></span> <span class='ocrx_word' id='word_1_494' title='bbox 1828 3559 1843 3596; x_wconf 76' lang='lat' dir='ltr'><strong>t</strong></span> 
     </span>
     <span class='ocr_line' id='line_1_66' title="bbox 283 3636 1840 3709; baseline -0.006 -13"><span class='ocrx_word' id='word_1_495' title='bbox 283 3660 306 3696; x_wconf 73' lang='grc' dir='ltr'><strong>ι</strong></span> <span class='ocrx_word' id='word_1_496' title='bbox 333 3641 535 3697; x_wconf 85' lang='lat' dir='ltr'><strong>Euntes</strong></span> <span class='ocrx_word' id='word_1_497' title='bbox 566 3640 729 3695; x_wconf 86' lang='lat' dir='ltr'><strong>dicite</strong></span> <span class='ocrx_word' id='word_1_498' title='bbox 755 3637 949 3694; x_wconf 84' lang='lat' dir='ltr'><strong>Joanni</strong></span> <span class='ocrx_word' id='word_1_499' title='bbox 977 3653 1098 3709; x_wconf 81' lang='lat' dir='ltr'><strong>quae</strong></span> <span class='ocrx_word' id='word_1_500' title='bbox 1129 3637 1358 3693; x_wconf 84' lang='lat' dir='ltr'><strong>audistis</strong></span> <span class='ocrx_word' id='word_1_501' title='bbox 1380 3645 1436 3692; x_wconf 91' lang='lat' dir='ltr'><strong>et</strong></span> <span class='ocrx_word' id='word_1_502' title='bbox 1457 3636 1670 3691; x_wconf 74' lang='lat' dir='ltr'><strong>vidistis</strong></span> <span class='ocrx_word' id='word_1_503' title='bbox 1713 3636 1782 3700; x_wconf 79' lang='lat'><strong>⁸⁸,</strong></span> <span class='ocrx_word' id='word_1_504' title='bbox 1820 3652 1840 3686; x_wconf 81' lang='grc' dir='ltr'><strong>ι</strong></span> 
     </span>
     <span class='ocr_line' id='line_1_67' title="bbox 279 3725 1849 3802; baseline -0.004 -16"><span class='ocrx_word' id='word_1_505' title='bbox 279 3741 334 3787; x_wconf 89' lang='lat' dir='ltr'><strong>ct</strong></span> <span class='ocrx_word' id='word_1_506' title='bbox 366 3732 629 3802; x_wconf 68' lang='lat' dir='ltr'><strong>praeclara</strong></span> <span class='ocrx_word' id='word_1_507' title='bbox 666 3728 923 3785; x_wconf 88' lang='lat' dir='ltr'><strong>miracula</strong></span> <span class='ocrx_word' id='word_1_508' title='bbox 951 3729 1047 3783; x_wconf 88' lang='lat' dir='ltr'><strong>abs</strong></span> <span class='ocrx_word' id='word_1_509' title='bbox 1074 3741 1137 3782; x_wconf 89' lang='lat' dir='ltr'><strong>se</strong></span> <span class='ocrx_word' id='word_1_510' title='bbox 1179 3725 1324 3782; x_wconf 88' lang='lat' dir='ltr'><strong>edita</strong></span> <span class='ocrx_word' id='word_1_511' title='bbox 1353 3735 1657 3781; x_wconf 90' lang='lat' dir='ltr'><strong>enumerat.</strong></span> <span class='ocrx_word' id='word_1_512' title='bbox 1712 3725 1849 3780; x_wconf 88' lang='lat' dir='ltr'><strong>Cum</strong></span> 
     </span>
     <span class='ocr_line' id='line_1_68' title="bbox 281 3815 1847 3891; baseline -0.005 -16"><span class='ocrx_word' id='word_1_513' title='bbox 281 3837 412 3878; x_wconf 76' lang='lat' dir='ltr'><strong>vero</strong></span> <span class='ocrx_word' id='word_1_514' title='bbox 438 3818 683 3891; x_wconf 87' lang='lat' dir='ltr'><strong>discipuli</strong></span> <span class='ocrx_word' id='word_1_515' title='bbox 729 3819 796 3874; x_wconf 87' lang='lat' dir='ltr'><strong>ad</strong></span> <span class='ocrx_word' id='word_1_516' title='bbox 830 3815 1096 3874; x_wconf 69' lang='lat' dir='ltr'><strong>loannem</strong></span> <span class='ocrx_word' id='word_1_517' title='bbox 1145 3816 1457 3883; x_wconf 86' lang='lat' dir='ltr'><strong>rediissent,</strong></span> <span class='ocrx_word' id='word_1_518' title='bbox 1495 3815 1744 3872; x_wconf 85' lang='lat' dir='ltr'><strong>Christus</strong></span> <span class='ocrx_word' id='word_1_519' title='bbox 1773 3817 1847 3869; x_wconf 90' lang='lat' dir='ltr'><strong>ita</strong></span> 
     </span>
     <span class='ocr_line' id='line_1_69' title="bbox 283 3906 1847 3968; baseline -0.005 0"><span class='ocrx_word' id='word_1_520' title='bbox 283 3912 367 3968; x_wconf 55' lang='lat' dir='ltr'><strong>ad*</strong></span> <span class='ocrx_word' id='word_1_521' title='bbox 398 3912 782 3968; x_wconf 78' lang='lat' dir='ltr'><strong>circumfusam</strong></span> <span class='ocrx_word' id='word_1_522' title='bbox 834 3908 1146 3965; x_wconf 65' lang='lat' dir='ltr'><strong>«ludaeorum</strong></span> <span class='ocrx_word' id='word_1_523' title='bbox 1205 3907 1419 3964; x_wconf 85' lang='lat' dir='ltr'><strong>turbam</strong></span> <span class='ocrx_word' id='word_1_524' title='bbox 1463 3906 1676 3964; x_wconf 82' lang='lat' dir='ltr'><strong>locutus</strong></span> <span class='ocrx_word' id='word_1_525' title='bbox 1719 3916 1847 3962; x_wconf 83' lang='lat' dir='ltr'><strong>est:</strong></span> 
     </span>
     <span class='ocr_line' id='line_1_70' title="bbox 288 3998 1849 4071; baseline -0.003 -14"><span class='ocrx_word' id='word_1_526' title='bbox 288 4023 310 4057; x_wconf 76' lang='grc' dir='ltr'><strong>ι</strong></span> <span class='ocrx_word' id='word_1_527' title='bbox 349 4003 486 4071; x_wconf 84' lang='lat' dir='ltr'><strong>Quid</strong></span> <span class='ocrx_word' id='word_1_528' title='bbox 551 4004 741 4059; x_wconf 83' lang='lat' dir='ltr'><strong>existis</strong></span> <span class='ocrx_word' id='word_1_529' title='bbox 791 4004 843 4058; x_wconf 87' lang='lat' dir='ltr'><strong>in</strong></span> <span class='ocrx_word' id='word_1_530' title='bbox 907 4002 1182 4057; x_wconf 84' lang='lat' dir='ltr'><strong>desertum</strong></span> <span class='ocrx_word' id='word_1_531' title='bbox 1233 3998 1415 4057; x_wconf 78' lang='lat' dir='ltr'><strong>videre</strong></span> <span class='ocrx_word' id='word_1_532' title='bbox 1447 4039 1463 4067; x_wconf 85' lang='lat'>‚</span> <span class='ocrx_word' id='word_1_533' title='bbox 1527 3999 1849 4055; x_wconf 88' lang='lat' dir='ltr'><strong>arundinem</strong></span> 
     </span>
     <span class='ocr_line' id='line_1_71' title="bbox 282 4090 1853 4167; baseline -0.003 -16"><span class='ocrx_word' id='word_1_534' title='bbox 282 4105 447 4152; x_wconf 81' lang='lat' dir='ltr'><strong>vento</strong></span> <span class='ocrx_word' id='word_1_535' title='bbox 481 4095 781 4167; x_wconf 79' lang='lat' dir='ltr'><strong>agitatam?</strong></span> <span class='ocrx_word' id='word_1_536' title='bbox 812 4109 879 4149; x_wconf 87' lang='lat' dir='ltr'><strong>an</strong></span> <span class='ocrx_word' id='word_1_537' title='bbox 912 4093 1186 4150; x_wconf 87' lang='lat' dir='ltr'><strong>bominem</strong></span> <span class='ocrx_word' id='word_1_538' title='bbox 1219 4092 1470 4148; x_wconf 85' lang='lat' dir='ltr'><strong>mollibus</strong></span> <span class='ocrx_word' id='word_1_539' title='bbox 1511 4090 1853 4146; x_wconf 82' lang='lat' dir='ltr'><strong>vestimentis</strong></span> 
     </span>
     <span class='ocr_line' id='line_1_72' title="bbox 284 4181 1853 4255; baseline -0.003 -13"><span class='ocrx_word' id='word_1_540' title='bbox 284 4187 574 4242; x_wconf 80' lang='lat' dir='ltr'><strong>indutum?</strong></span> <span class='ocrx_word' id='word_1_541' title='bbox 597 4202 663 4240; x_wconf 91' lang='lat' dir='ltr'><strong>an</strong></span> <span class='ocrx_word' id='word_1_542' title='bbox 690 4184 1046 4255; x_wconf 72' lang='lat' dir='ltr'><strong>prophetam?</strong></span> <span class='ocrx_word' id='word_1_543' title='bbox 1092 4192 1240 4238; x_wconf 87' lang='lat' dir='ltr'><strong>certe</strong></span> <span class='ocrx_word' id='word_1_544' title='bbox 1280 4182 1408 4237; x_wconf 91' lang='lat' dir='ltr'><strong>dico</strong></span> <span class='ocrx_word' id='word_1_545' title='bbox 1434 4182 1587 4237; x_wconf 78' lang='lat' dir='ltr'><strong>vobis</strong></span> <span class='ocrx_word' id='word_1_546' title='bbox 1645 4190 1699 4237; x_wconf 89' lang='lat' dir='ltr'><strong>et</strong></span> <span class='ocrx_word' id='word_1_547' title='bbox 1727 4181 1853 4252; x_wconf 83' lang='lat' dir='ltr'><strong>plus</strong></span> 
     </span>
     <span class='ocr_line' id='line_1_73' title="bbox 284 4273 1850 4348; baseline -0.003 -16"><span class='ocrx_word' id='word_1_548' title='bbox 284 4294 446 4348; x_wconf 88' lang='lat' dir='ltr'><strong>quam</strong></span> <span class='ocrx_word' id='word_1_549' title='bbox 490 4276 834 4345; x_wconf 84' lang='lat' dir='ltr'><strong>prophetam.</strong></span> <span class='ocrx_word' id='word_1_550' title='bbox 872 4274 970 4328; x_wconf 79' lang='lat' dir='ltr'><strong>llic</strong></span> <span class='ocrx_word' id='word_1_551' title='bbox 1009 4273 1154 4328; x_wconf 90' lang='lat' dir='ltr'><strong>enim</strong></span> <span class='ocrx_word' id='word_1_552' title='bbox 1205 4282 1286 4328; x_wconf 87' lang='lat' dir='ltr'><strong>est</strong></span> <span class='ocrx_word' id='word_1_553' title='bbox 1336 4274 1405 4328; x_wconf 87' lang='lat' dir='ltr'><strong>de</strong></span> <span class='ocrx_word' id='word_1_554' title='bbox 1452 4286 1559 4342; x_wconf 91' lang='lat' dir='ltr'><strong>quo</strong></span> <span class='ocrx_word' id='word_1_555' title='bbox 1591 4275 1850 4344; x_wconf 82' lang='lat' dir='ltr'><strong>scriptum</strong></span> 
     </span>
     <span class='ocr_line' id='line_1_74' title="bbox 284 4363 1851 4436; baseline -0.004 -10"><span class='ocrx_word' id='word_1_556' title='bbox 284 4379 371 4426; x_wconf 84' lang='lat' dir='ltr'><strong>cst</strong></span> <span class='ocrx_word' id='word_1_557' title='bbox 400 4383 415 4422; x_wconf 79' lang='grc' dir='ltr'><strong>ι</strong></span> <span class='ocrx_word' id='word_1_558' title='bbox 449 4367 590 4423; x_wconf 79' lang='lat' dir='ltr'><strong>Eece</strong></span> <span class='ocrx_word' id='word_1_559' title='bbox 621 4380 720 4436; x_wconf 76' lang='lat' dir='ltr'><strong>ego</strong></span> <span class='ocrx_word' id='word_1_560' title='bbox 753 4366 960 4419; x_wconf 89' lang='lat' dir='ltr'><strong>mittam</strong></span> <span class='ocrx_word' id='word_1_561' title='bbox 992 4363 1238 4434; x_wconf 77' lang='lat' dir='ltr'><strong>angelum</strong></span> <span class='ocrx_word' id='word_1_562' title='bbox 1277 4379 1457 4419; x_wconf 90' lang='lat' dir='ltr'><strong>meum</strong></span> <span class='ocrx_word' id='word_1_563' title='bbox 1487 4375 1616 4420; x_wconf 86' lang='lat' dir='ltr'><strong>ante</strong></span> <span class='ocrx_word' id='word_1_564' title='bbox 1656 4363 1851 4421; x_wconf 80' lang='lat' dir='ltr'><strong>faciem</strong></span> 
     </span>
    </p>
   </div>
   <div class='ocr_carea' id='block_1_20' title="bbox 1949 3282 3627 4447">
    <p class='ocr_par' dir='ltr' id='par_1_20' title="bbox 1949 3282 3627 4447">
     <span class='ocr_line' id='line_1_75' title="bbox 1950 3282 3537 3361; baseline 0 -23"><span class='ocrx_word' id='word_1_565' title='bbox 1950 3282 2129 3338; x_wconf 90' lang='grc' dir='ltr'><strong>αἰτίαν</strong></span> <span class='ocrx_word' id='word_1_566' title='bbox 2174 3282 2758 3361; x_wconf 81' lang='grc' dir='ltr'><strong>ἀνακεφαλαιούμενοι,</strong></span> <span class='ocrx_word' id='word_1_567' title='bbox 2806 3288 2933 3350; x_wconf 80' lang='grc' dir='ltr'><strong>τοὺς</strong></span> <span class='ocrx_word' id='word_1_568' title='bbox 2960 3285 3348 3358; x_wconf 79' lang='grc' dir='ltr'><strong>ἀκροωμένους</strong></span> <span class='ocrx_word' id='word_1_569' title='bbox 3388 3283 3537 3339; x_wconf 82' lang='grc' dir='ltr'><strong>διδά·</strong></span> 
     </span>
     <span class='ocr_line' id='line_1_76' title="bbox 1949 3372 3528 3448; baseline 0.001 -20"><span class='ocrx_word' id='word_1_570' title='bbox 1949 3390 2189 3445; x_wconf 88' lang='grc' dir='ltr'><strong>σκωμεν,</strong></span> <span class='ocrx_word' id='word_1_571' title='bbox 2220 3372 2304 3438; x_wconf 90' lang='grc' dir='ltr'><strong>τίς</strong></span> <span class='ocrx_word' id='word_1_572' title='bbox 2334 3372 2403 3428; x_wconf 84' lang='grc' dir='ltr'><strong>ἂν</strong></span> <span class='ocrx_word' id='word_1_573' title='bbox 2431 3375 2519 3448; x_wconf 74' lang='grc' dir='ltr'><strong>εἴη</strong></span> <span class='ocrx_word' id='word_1_574' title='bbox 2549 3376 2736 3431; x_wconf 81' lang='grc' dir='ltr'><strong>λοιπὸν</strong></span> <span class='ocrx_word' id='word_1_575' title='bbox 2756 3378 2784 3428; x_wconf 87' lang='grc' dir='ltr'><strong>ό</strong></span> <span class='ocrx_word' id='word_1_576' title='bbox 2819 3375 2913 3428; x_wconf 86' lang='grc' dir='ltr'><strong>τοῦ</strong></span> <span class='ocrx_word' id='word_1_577' title='bbox 2937 3376 3097 3442; x_wconf 83' lang='grc' dir='ltr'><strong>λόγου</strong></span> <span class='ocrx_word' id='word_1_578' title='bbox 3123 3377 3343 3437; x_wconf 85' lang='grc' dir='ltr'><strong>σκοπός.</strong></span> <span class='ocrx_word' id='word_1_579' title='bbox 3377 3378 3528 3430; x_wconf 83' lang='grc' dir='ltr'><strong>Οὐκ-</strong></span> 
     </span>
     <span class='ocr_line' id='line_1_77' title="bbox 1949 3459 3526 3536; baseline -0.005 -18"><span class='ocrx_word' id='word_1_580' title='bbox 1949 3463 2065 3530; x_wconf 80' lang='grc' dir='ltr'><strong>οὖν,</strong></span> <span class='ocrx_word' id='word_1_581' title='bbox 2112 3459 2360 3517; x_wconf 77' lang='grc' dir='ltr'><strong>ἐντεῦθεν</strong></span> <span class='ocrx_word' id='word_1_582' title='bbox 2406 3461 2515 3534; x_wconf 82' lang='grc' dir='ltr'><strong>γὰρ</strong></span> <span class='ocrx_word' id='word_1_583' title='bbox 2561 3465 2660 3536; x_wconf 70' lang='grc' dir='ltr'><strong>ἤδη</strong></span> <span class='ocrx_word' id='word_1_584' title='bbox 2711 3462 2808 3530; x_wconf 77' lang='grc' dir='ltr'><strong>τὴν</strong></span> <span class='ocrx_word' id='word_1_585' title='bbox 2861 3459 3037 3529; x_wconf 75' lang='grc' dir='ltr'><strong>ἀρχὴν</strong></span> <span class='ocrx_word' id='word_1_586' title='bbox 3092 3460 3452 3526; x_wconf 82' lang='grc' dir='ltr'><strong>ποιησόμεθα,</strong></span> <span class='ocrx_word' id='word_1_587' title='bbox 3495 3465 3526 3514; x_wconf 75' lang='grc' dir='ltr'><strong><em>ὁ</em></strong></span> 
     </span>
     <span class='ocr_line' id='line_1_78' title="bbox 1964 3546 3516 3627; baseline -0.008 -15"><span class='ocrx_word' id='word_1_588' title='bbox 1964 3555 2219 3627; x_wconf 79' lang='grc' dir='ltr'><strong>Ἰωάννης</strong></span> <span class='ocrx_word' id='word_1_589' title='bbox 2247 3557 2303 3610; x_wconf 84' lang='grc' dir='ltr'><strong>ἐν</strong></span> <span class='ocrx_word' id='word_1_590' title='bbox 2348 3554 2424 3626; x_wconf 82' lang='grc' dir='ltr'><strong>τῷ</strong></span> <span class='ocrx_word' id='word_1_591' title='bbox 2467 3549 2822 3625; x_wconf 81' lang='grc' dir='ltr'><strong>δεσμωτηρίῳ</strong></span> <span class='ocrx_word' id='word_1_592' title='bbox 2866 3548 3106 3614; x_wconf 76' lang='grc' dir='ltr'><strong>ἀκούσας</strong></span> <span class='ocrx_word' id='word_1_593' title='bbox 3135 3549 3205 3603; x_wconf 79' lang='grc' dir='ltr'><strong>τὰ</strong></span> <span class='ocrx_word' id='word_1_594' title='bbox 3240 3546 3379 3619; x_wconf 76' lang='grc' dir='ltr'><strong>ἔργα</strong></span> <span class='ocrx_word' id='word_1_595' title='bbox 3419 3547 3516 3600; x_wconf 83' lang='grc' dir='ltr'><strong>τοῦ</strong></span> 
     </span>
     <span class='ocr_line' id='line_1_79' title="bbox 1951 3634 3519 3718; baseline -0.006 -17"><span class='ocrx_word' id='word_1_596' title='bbox 1951 3645 2191 3718; x_wconf 79' lang='grc' dir='ltr'><strong>Χριστοῦ</strong></span> <span class='ocrx_word' id='word_1_597' title='bbox 2210 3686 2225 3710; x_wconf 96' lang='grc'><strong>,</strong></span> <span class='ocrx_word' id='word_1_598' title='bbox 2272 3644 2493 3716; x_wconf 79' lang='grc' dir='ltr'><strong>πέμψας</strong></span> <span class='ocrx_word' id='word_1_599' title='bbox 2549 3642 2642 3697; x_wconf 82' lang='grc' dir='ltr'><strong>δύο</strong></span> <span class='ocrx_word' id='word_1_600' title='bbox 2690 3642 2800 3695; x_wconf 86' lang='grc' dir='ltr'><strong>τῶν</strong></span> <span class='ocrx_word' id='word_1_601' title='bbox 2850 3639 3105 3712; x_wconf 85' lang='grc' dir='ltr'><strong>μαθητῶν</strong></span> <span class='ocrx_word' id='word_1_602' title='bbox 3159 3639 3323 3694; x_wconf 77' lang='grc' dir='ltr'><strong>αὐτοῦ</strong></span> <span class='ocrx_word' id='word_1_603' title='bbox 3365 3634 3519 3693; x_wconf 72' lang='grc' dir='ltr'><strong>εἶπεν</strong></span> 
     </span>
     <span class='ocr_line' id='line_1_80' title="bbox 1952 3731 3514 3808; baseline -0.004 -18"><span class='ocrx_word' id='word_1_604' title='bbox 1952 3737 2102 3808; x_wconf 82' lang='grc' dir='ltr'><strong>αὐτῷ</strong></span> <span class='ocrx_word' id='word_1_605' title='bbox 2120 3752 2134 3765; x_wconf 92' lang='grc'><em>·</em></span> <span class='ocrx_word' id='word_1_606' title='bbox 2163 3757 2182 3790; x_wconf 87' lang='lat' dir='ltr'><strong>t</strong></span> <span class='ocrx_word' id='word_1_607' title='bbox 2211 3738 2285 3791; x_wconf 74' lang='grc' dir='ltr'><strong>Σὺ</strong></span> <span class='ocrx_word' id='word_1_608' title='bbox 2308 3734 2358 3791; x_wconf 82' lang='grc' dir='ltr'><strong>εἰ</strong></span> <span class='ocrx_word' id='word_1_609' title='bbox 2384 3738 2412 3790; x_wconf 84' lang='grc' dir='ltr'>ὁ</span> <span class='ocrx_word' id='word_1_610' title='bbox 2436 3734 2749 3808; x_wconf 82' lang='grc' dir='ltr'><strong>ἐρχόμενος,</strong></span> <span class='ocrx_word' id='word_1_611' title='bbox 2774 3732 2809 3805; x_wconf 81' lang='grc' dir='ltr'>ἢ</span> <span class='ocrx_word' id='word_1_612' title='bbox 2837 3732 3023 3802; x_wconf 66' lang='grc' dir='ltr'><strong>ἕτερον</strong></span> <span class='ocrx_word' id='word_1_613' title='bbox 3050 3731 3470 3804; x_wconf 73' lang='grc' dir='ltr'><strong>προσδοκῶμενς</strong></span> <span class='ocrx_word' id='word_1_614' title='bbox 3496 3751 3514 3784; x_wconf 79' lang='grc' dir='ltr'><strong>ι</strong></span> 
     </span>
     <span class='ocr_line' id='line_1_81' title="bbox 1952 3820 3527 3900; baseline -0.004 -21"><span class='ocrx_word' id='word_1_615' title='bbox 1952 3825 2099 3898; x_wconf 83' lang='grc' dir='ltr'><strong>Πρὸς</strong></span> <span class='ocrx_word' id='word_1_616' title='bbox 2129 3828 2303 3881; x_wconf 85' lang='grc' dir='ltr'><strong>ταῦτα</strong></span> <span class='ocrx_word' id='word_1_617' title='bbox 2330 3826 2563 3900; x_wconf 79' lang='grc' dir='ltr'><strong>Χριστὸς</strong></span> <span class='ocrx_word' id='word_1_618' title='bbox 2595 3823 2956 3895; x_wconf 85' lang='grc' dir='ltr'><strong>ἀπεκρίνατο·</strong></span> <span class='ocrx_word' id='word_1_619' title='bbox 2996 3839 3017 3876; x_wconf 83' lang='lat' dir='ltr'><strong>t</strong></span> <span class='ocrx_word' id='word_1_620' title='bbox 3051 3822 3411 3894; x_wconf 81' lang='grc' dir='ltr'><strong>Πορευθέντες</strong></span> <span class='ocrx_word' id='word_1_621' title='bbox 3443 3820 3527 3875; x_wconf 78' lang='grc' dir='ltr'><strong>εἰ·</strong></span> 
     </span>
     <span class='ocr_line' id='line_1_82' title="bbox 1955 3913 3531 3990; baseline -0.004 -18"><span class='ocrx_word' id='word_1_622' title='bbox 1955 3935 2095 3972; x_wconf 88' lang='grc' dir='ltr'><strong>πατε</strong></span> <span class='ocrx_word' id='word_1_623' title='bbox 2136 3918 2359 3990; x_wconf 77' lang='grc' dir='ltr'><strong>Ἰωάννῃ</strong></span> <span class='ocrx_word' id='word_1_624' title='bbox 2401 3918 2439 3972; x_wconf 78' lang='grc' dir='ltr'><strong>ἃ.</strong></span> <span class='ocrx_word' id='word_1_625' title='bbox 2474 3917 2743 3988; x_wconf 74' lang='grc' dir='ltr'><strong>ἠκούσατε</strong></span> <span class='ocrx_word' id='word_1_626' title='bbox 2790 3917 2880 3970; x_wconf 75' lang='grc' dir='ltr'><strong>καὶ</strong></span> <span class='ocrx_word' id='word_1_627' title='bbox 2909 3915 3154 3986; x_wconf 77' lang='grc' dir='ltr'><strong>βλέπετε,</strong></span> <span class='ocrx_word' id='word_1_628' title='bbox 3213 3933 3233 3966; x_wconf 75' lang='grc' dir='ltr'><strong>ι</strong></span> <span class='ocrx_word' id='word_1_629' title='bbox 3286 3914 3382 3968; x_wconf 73' lang='grc' dir='ltr'><strong>καὶ</strong></span> <span class='ocrx_word' id='word_1_630' title='bbox 3428 3913 3531 3986; x_wconf 80' lang='grc' dir='ltr'><strong>τὴν</strong></span> 
     </span>
     <span class='ocr_line' id='line_1_83' title="bbox 1954 4006 3531 4082; baseline -0.001 -20"><span class='ocrx_word' id='word_1_631' title='bbox 1954 4007 2062 4062; x_wconf 85' lang='grc' dir='ltr'><strong>τῶν</strong></span> <span class='ocrx_word' id='word_1_632' title='bbox 2104 4007 2347 4079; x_wconf 87' lang='grc' dir='ltr'><strong>σημείων</strong></span> <span class='ocrx_word' id='word_1_633' title='bbox 2394 4007 3158 4082; x_wconf 23' lang='grc' dir='ltr'><strong>καταλέγειςμεγαλουργίαν.</strong></span> <span class='ocrx_word' id='word_1_634' title='bbox 3211 4006 3429 4079; x_wconf 72' lang='grc' dir='ltr'><strong>Ἐπειδὴ</strong></span> <span class='ocrx_word' id='word_1_635' title='bbox 3472 4007 3531 4061; x_wconf 77' lang='grc' dir='ltr'><strong>δὲ</strong></span> 
     </span>
     <span class='ocr_line' id='line_1_84' title="bbox 1956 4095 3533 4170; baseline 0.003 -21"><span class='ocrx_word' id='word_1_636' title='bbox 1956 4095 2093 4169; x_wconf 79' lang='grc' dir='ltr'><strong>πρὸς</strong></span> <span class='ocrx_word' id='word_1_637' title='bbox 2129 4100 2220 4150; x_wconf 75' lang='grc' dir='ltr'><strong>τὸν</strong></span> <span class='ocrx_word' id='word_1_638' title='bbox 2269 4097 2540 4168; x_wconf 85' lang='grc' dir='ltr'><strong>μακάριον</strong></span> <span class='ocrx_word' id='word_1_639' title='bbox 2582 4098 2892 4170; x_wconf 75' lang='grc' dir='ltr'><strong>Βαπτιστην</strong></span> <span class='ocrx_word' id='word_1_640' title='bbox 2941 4098 3105 4153; x_wconf 90' lang='grc' dir='ltr'><strong>πάλιν</strong></span> <span class='ocrx_word' id='word_1_641' title='bbox 3147 4098 3533 4169; x_wconf 82' lang='grc' dir='ltr'><strong>ἀνεκομίζοντο</strong></span> 
     </span>
     <span class='ocr_line' id='line_1_85' title="bbox 1956 4168 3531 4264; baseline -0.001 -18"><span class='ocrx_word' id='word_1_642' title='bbox 1956 4193 2005 4245; x_wconf 80' lang='grc' dir='ltr'><strong>οἱ</strong></span> <span class='ocrx_word' id='word_1_643' title='bbox 2033 4190 2291 4264; x_wconf 72' lang='grc' dir='ltr'><strong>μαθηταὶ,</strong></span> <span class='ocrx_word' id='word_1_644' title='bbox 2322 4191 2471 4258; x_wconf 83' lang='grc' dir='ltr'><strong>λέγει</strong></span> <span class='ocrx_word' id='word_1_645' title='bbox 2498 4190 2633 4262; x_wconf 78' lang='grc' dir='ltr'><strong>πρὸς</strong></span> <span class='ocrx_word' id='word_1_646' title='bbox 2662 4191 2760 4261; x_wconf 81' lang='grc' dir='ltr'><strong>τὴν</strong></span> <span class='ocrx_word' id='word_1_647' title='bbox 2793 4190 3162 4262; x_wconf 84' lang='grc' dir='ltr'><strong>περιεστῶσαν</strong></span> <span class='ocrx_word' id='word_1_648' title='bbox 3188 4168 3396 4261; x_wconf 66' lang='grc' dir='ltr'><strong>πληθύν</strong></span> <span class='ocrx_word' id='word_1_649' title='bbox 3421 4190 3531 4244; x_wconf 83' lang='grc' dir='ltr'><strong>τῶν</strong></span> 
     </span>
     <span class='ocr_line' id='line_1_86' title="bbox 1970 4280 3533 4353; baseline -0.001 -17"><span class='ocrx_word' id='word_1_650' title='bbox 1970 4282 2232 4337; x_wconf 84' lang='grc' dir='ltr'><strong>Ἰουδαίων</strong></span> <span class='ocrx_word' id='word_1_651' title='bbox 2276 4284 2306 4335; x_wconf 87' lang='grc' dir='ltr'><strong>ό</strong></span> <span class='ocrx_word' id='word_1_652' title='bbox 2342 4281 2565 4353; x_wconf 58' lang='grc' dir='ltr'><strong>ἃυτήρ·</strong></span> <span class='ocrx_word' id='word_1_653' title='bbox 2616 4299 2636 4333; x_wconf 84' lang='lat' dir='ltr'><strong>t</strong></span> <span class='ocrx_word' id='word_1_654' title='bbox 2668 4281 2733 4335; x_wconf 86' lang='grc' dir='ltr'><strong>Τί</strong></span> <span class='ocrx_word' id='word_1_655' title='bbox 2762 4280 3020 4352; x_wconf 77' lang='grc' dir='ltr'><strong>ἐξήλθετε</strong></span> <span class='ocrx_word' id='word_1_656' title='bbox 3050 4283 3130 4345; x_wconf 84' lang='grc' dir='ltr'><strong>εἰς</strong></span> <span class='ocrx_word' id='word_1_657' title='bbox 3181 4280 3279 4352; x_wconf 69' lang='grc' dir='ltr'><strong>τὴν</strong></span> <span class='ocrx_word' id='word_1_658' title='bbox 3323 4280 3533 4352; x_wconf 77' lang='grc' dir='ltr'><strong>ἔρημον</strong></span> 
     </span>
     <span class='ocr_line' id='line_1_87' title="bbox 1962 4369 3627 4447; baseline -0.001 -21"><span class='ocrx_word' id='word_1_659' title='bbox 1962 4374 2108 4440; x_wconf 81' lang='grc' dir='ltr'><strong>ἰδεῖν,</strong></span> <span class='ocrx_word' id='word_1_660' title='bbox 2156 4372 2401 4444; x_wconf 82' lang='grc' dir='ltr'><strong>κάλαμον</strong></span> <span class='ocrx_word' id='word_1_661' title='bbox 2451 4371 2556 4424; x_wconf 78' lang='grc' dir='ltr'><strong>ὑπὸ</strong></span> <span class='ocrx_word' id='word_1_662' title='bbox 2607 4371 2809 4442; x_wconf 81' lang='grc' dir='ltr'><strong>ἀνέμου</strong></span> <span class='ocrx_word' id='word_1_663' title='bbox 2861 4372 3255 4443; x_wconf 75' lang='grc' dir='ltr'><strong>σαλευόμενονς</strong></span> <span class='ocrx_word' id='word_1_664' title='bbox 3306 4369 3421 4425; x_wconf 82' lang='grc' dir='ltr'><strong>ἀλλ’</strong></span> <span class='ocrx_word' id='word_1_665' title='bbox 3473 4373 3534 4425; x_wconf 75' lang='grc' dir='ltr'><strong>ἐν</strong></span> <span class='ocrx_word' id='word_1_666' title='bbox 3619 4425 3627 4447; x_wconf 60' lang='lat'>‚</span> 
     </span>
    </p>
   </div>
   <div class='ocr_carea' id='block_1_21' title="bbox 289 4455 3534 4560">
    <p class='ocr_par' dir='ltr' id='par_1_21' title="bbox 289 4455 3534 4560">
     <span class='ocr_line' id='line_1_88' title="bbox 289 4455 3534 4560; baseline -0.004 -44"><span class='ocrx_word' id='word_1_667' title='bbox 289 4473 460 4528; x_wconf 82' lang='lat' dir='ltr'><strong>tuam,</strong></span> <span class='ocrx_word' id='word_1_668' title='bbox 519 4460 610 4531; x_wconf 90' lang='lat' dir='ltr'><strong>qui</strong></span> <span class='ocrx_word' id='word_1_669' title='bbox 669 4459 994 4531; x_wconf 75' lang='lat' dir='ltr'><strong>praeparabit</strong></span> <span class='ocrx_word' id='word_1_670' title='bbox 1041 4458 1183 4513; x_wconf 78' lang='lat' dir='ltr'><strong>viam</strong></span> <span class='ocrx_word' id='word_1_671' title='bbox 1243 4468 1387 4514; x_wconf 87' lang='lat' dir='ltr'><strong>tuam</strong></span> <span class='ocrx_word' id='word_1_672' title='bbox 1437 4465 1564 4512; x_wconf 89' lang='lat' dir='ltr'><strong>ante</strong></span> <span class='ocrx_word' id='word_1_673' title='bbox 1615 4467 1666 4512; x_wconf 91' lang='lat' dir='ltr'><strong>te</strong></span> <span class='ocrx_word' id='word_1_674' title='bbox 1694 4455 1759 4510; x_wconf 80' lang='lat'><strong>⁸⁸.</strong></span> <span class='ocrx_word' id='word_1_675' title='bbox 1829 4474 1849 4508; x_wconf 81' lang='grc' dir='ltr'><strong>ι</strong></span> <span class='ocrx_word' id='word_1_676' title='bbox 1886 4505 1932 4560; x_wconf 70' lang='lat' dir='ltr'>D</span> <span class='ocrx_word' id='word_1_677' title='bbox 1964 4465 2225 4536; x_wconf 71' lang='grc' dir='ltr'><strong>μαλακοῖς</strong></span> <span class='ocrx_word' id='word_1_678' title='bbox 2250 4462 2784 4534; x_wconf 72' lang='grc' dir='ltr'><strong>ιματιοιςᾶνθρωπον</strong></span> <span class='ocrx_word' id='word_1_679' title='bbox 2804 4462 3366 4534; x_wconf 79' lang='grc' dir='ltr'><strong>ὴμφιεσμένον;ἀλλά</strong></span> <span class='ocrx_word' id='word_1_680' title='bbox 3392 4479 3534 4534; x_wconf 76' lang='grc' dir='ltr'><strong>προ-</strong></span> 
     </span>
    </p>
   </div>
   <div class='ocr_carea' id='block_1_22' title="bbox 287 4550 1859 5622">
    <p class='ocr_par' dir='ltr' id='par_1_22' title="bbox 287 4550 1859 5622">
     <span class='ocr_line' id='line_1_89' title="bbox 290 4550 1853 4623; baseline -0.003 -12"><span class='ocrx_word' id='word_1_681' title='bbox 290 4555 491 4612; x_wconf 83' lang='lat' dir='ltr'><strong>Deinde</strong></span> <span class='ocrx_word' id='word_1_682' title='bbox 522 4553 671 4610; x_wconf 87' lang='lat' dir='ltr'><strong>addit</strong></span> <span class='ocrx_word' id='word_1_683' title='bbox 700 4552 752 4607; x_wconf 93' lang='lat' dir='ltr'><strong>id</strong></span> <span class='ocrx_word' id='word_1_684' title='bbox 784 4550 928 4623; x_wconf 85' lang='lat' dir='ltr'><strong>quod</strong></span> <span class='ocrx_word' id='word_1_685' title='bbox 951 4552 1358 4621; x_wconf 78' lang='lat' dir='ltr'><strong>interrogatur:</strong></span> <span class='ocrx_word' id='word_1_686' title='bbox 1392 4566 1413 4602; x_wconf 82' lang='lat' dir='ltr'><strong>t</strong></span> <span class='ocrx_word' id='word_1_687' title='bbox 1444 4550 1652 4616; x_wconf 76' lang='lat' dir='ltr'><strong>Amen,</strong></span> <span class='ocrx_word' id='word_1_688' title='bbox 1695 4564 1853 4622; x_wconf 12' lang='lat' dir='ltr'><strong>armen</strong></span> 
     </span>
     <span class='ocr_line' id='line_1_90' title="bbox 287 4642 1854 4711; baseline -0.005 -7"><span class='ocrx_word' id='word_1_689' title='bbox 287 4649 413 4704; x_wconf 92' lang='lat' dir='ltr'><strong>dico</strong></span> <span class='ocrx_word' id='word_1_690' title='bbox 466 4645 644 4711; x_wconf 77' lang='lat' dir='ltr'><strong>vobis,</strong></span> <span class='ocrx_word' id='word_1_691' title='bbox 690 4659 796 4699; x_wconf 91' lang='lat' dir='ltr'><strong>non</strong></span> <span class='ocrx_word' id='word_1_692' title='bbox 841 4644 1078 4699; x_wconf 85' lang='lat' dir='ltr'><strong>surrexit</strong></span> <span class='ocrx_word' id='word_1_693' title='bbox 1130 4644 1277 4699; x_wconf 89' lang='lat' dir='ltr'><strong>inter</strong></span> <span class='ocrx_word' id='word_1_694' title='bbox 1316 4652 1474 4700; x_wconf 85' lang='lat' dir='ltr'><strong>natos</strong></span> <span class='ocrx_word' id='word_1_695' title='bbox 1512 4642 1799 4699; x_wconf 74' lang='lat' dir='ltr'><strong>mulierum</strong></span> <span class='ocrx_word' id='word_1_696' title='bbox 1836 4677 1854 4706; x_wconf 86' lang='lat'>,</span> 
     </span>
     <span class='ocr_line' id='line_1_91' title="bbox 289 4735 1857 4810; baseline -0.003 -15"><span class='ocrx_word' id='word_1_697' title='bbox 289 4739 461 4810; x_wconf 82' lang='lat' dir='ltr'><strong>major</strong></span> <span class='ocrx_word' id='word_1_698' title='bbox 491 4737 701 4793; x_wconf 69' lang='lat' dir='ltr'><strong>loanne</strong></span> <span class='ocrx_word' id='word_1_699' title='bbox 730 4736 997 4805; x_wconf 78' lang='lat' dir='ltr'><strong>Baptista,</strong></span> <span class='ocrx_word' id='word_1_700' title='bbox 1050 4737 1145 4790; x_wconf 85' lang='lat' dir='ltr'><strong>sed</strong></span> <span class='ocrx_word' id='word_1_701' title='bbox 1180 4735 1359 4790; x_wconf 89' lang='lat' dir='ltr'><strong>minor</strong></span> <span class='ocrx_word' id='word_1_702' title='bbox 1389 4735 1445 4790; x_wconf 91' lang='lat' dir='ltr'><strong>in</strong></span> <span class='ocrx_word' id='word_1_703' title='bbox 1483 4749 1649 4805; x_wconf 74' lang='lat' dir='ltr'><strong>regno</strong></span> <span class='ocrx_word' id='word_1_704' title='bbox 1687 4735 1857 4790; x_wconf 82' lang='lat' dir='ltr'><strong>coelo·</strong></span> 
     </span>
     <span class='ocr_line' id='line_1_92' title="bbox 289 4824 1856 4899; baseline -0.003 -13"><span class='ocrx_word' id='word_1_705' title='bbox 289 4846 407 4886; x_wconf 90' lang='lat' dir='ltr'><strong>rum</strong></span> <span class='ocrx_word' id='word_1_706' title='bbox 444 4830 612 4897; x_wconf 81' lang='lat' dir='ltr'><strong>major</strong></span> <span class='ocrx_word' id='word_1_707' title='bbox 649 4830 765 4898; x_wconf 84' lang='lat' dir='ltr'><strong>ipso</strong></span> <span class='ocrx_word' id='word_1_708' title='bbox 793 4837 878 4883; x_wconf 90' lang='lat' dir='ltr'><strong>est</strong></span> <span class='ocrx_word' id='word_1_709' title='bbox 919 4827 989 4881; x_wconf 90' lang='lat'><strong>⁸⁷.</strong></span> <span class='ocrx_word' id='word_1_710' title='bbox 1026 4846 1045 4879; x_wconf 83' lang='grc' dir='ltr'><strong>ι</strong></span> <span class='ocrx_word' id='word_1_711' title='bbox 1093 4826 1280 4899; x_wconf 86' lang='lat' dir='ltr'><strong>Neque</strong></span> <span class='ocrx_word' id='word_1_712' title='bbox 1308 4825 1398 4882; x_wconf 77' lang='lat' dir='ltr'><strong>liic</strong></span> <span class='ocrx_word' id='word_1_713' title='bbox 1449 4824 1613 4881; x_wconf 84' lang='lat' dir='ltr'><strong>linem</strong></span> <span class='ocrx_word' id='word_1_714' title='bbox 1656 4826 1856 4885; x_wconf 80' lang='lat' dir='ltr'><strong>verbo-</strong></span> 
     </span>
     <span class='ocr_line' id='line_1_93' title="bbox 292 4919 1855 4978; baseline -0.003 0"><span class='ocrx_word' id='word_1_715' title='bbox 292 4939 408 4978; x_wconf 87' lang='lat' dir='ltr'><strong>rum</strong></span> <span class='ocrx_word' id='word_1_716' title='bbox 439 4920 592 4977; x_wconf 73' lang='lat' dir='ltr'><strong>fecit.</strong></span> <span class='ocrx_word' id='word_1_717' title='bbox 625 4919 787 4974; x_wconf 76' lang='lat' dir='ltr'><strong>Addit</strong></span> <span class='ocrx_word' id='word_1_718' title='bbox 814 4919 959 4975; x_wconf 89' lang='lat' dir='ltr'><strong>enim</strong></span> <span class='ocrx_word' id='word_1_719' title='bbox 995 4920 1179 4975; x_wconf 86' lang='lat' dir='ltr'><strong>statim</strong></span> <span class='ocrx_word' id='word_1_720' title='bbox 1217 4934 1234 4975; x_wconf 74' lang='grc' dir='ltr'><strong>ι</strong></span> <span class='ocrx_word' id='word_1_721' title='bbox 1272 4936 1292 4972; x_wconf 86' lang='lat' dir='ltr'><strong>t</strong></span> <span class='ocrx_word' id='word_1_722' title='bbox 1348 4919 1633 4974; x_wconf 72' lang='lat' dir='ltr'><strong>A&#39;diebus</strong></span> <span class='ocrx_word' id='word_1_723' title='bbox 1674 4928 1855 4973; x_wconf 83' lang='lat' dir='ltr'><strong>autem</strong></span> 
     </span>
     <span class='ocr_line' id='line_1_94' title="bbox 291 5009 1855 5081; baseline -0.003 -12"><span class='ocrx_word' id='word_1_724' title='bbox 291 5012 515 5070; x_wconf 79' lang='lat' dir='ltr'><strong>loannis</strong></span> <span class='ocrx_word' id='word_1_725' title='bbox 543 5026 715 5081; x_wconf 89' lang='lat' dir='ltr'><strong>usque</strong></span> <span class='ocrx_word' id='word_1_726' title='bbox 747 5025 893 5065; x_wconf 89' lang='lat' dir='ltr'><strong>uunc</strong></span> <span class='ocrx_word' id='word_1_727' title='bbox 915 5025 1136 5080; x_wconf 76' lang='lat' dir='ltr'><strong>regnum</strong></span> <span class='ocrx_word' id='word_1_728' title='bbox 1172 5009 1433 5066; x_wconf 90' lang='lat' dir='ltr'><strong>eoelorum</strong></span> <span class='ocrx_word' id='word_1_729' title='bbox 1481 5010 1586 5064; x_wconf 80' lang='lat' dir='ltr'><strong>vim</strong></span> <span class='ocrx_word' id='word_1_730' title='bbox 1631 5009 1855 5081; x_wconf 87' lang='lat' dir='ltr'><strong>patitur,</strong></span> 
     </span>
     <span class='ocr_line' id='line_1_95' title="bbox 292 5098 1859 5172; baseline -0.002 -13"><span class='ocrx_word' id='word_1_731' title='bbox 292 5111 348 5159; x_wconf 87' lang='lat' dir='ltr'><strong>ct</strong></span> <span class='ocrx_word' id='word_1_732' title='bbox 376 5102 599 5158; x_wconf 78' lang='lat' dir='ltr'><strong>violenti</strong></span> <span class='ocrx_word' id='word_1_733' title='bbox 624 5099 836 5171; x_wconf 87' lang='lat' dir='ltr'><strong>rapiunt</strong></span> <span class='ocrx_word' id='word_1_734' title='bbox 867 5098 999 5154; x_wconf 86' lang='lat' dir='ltr'><strong>illud</strong></span> <span class='ocrx_word' id='word_1_735' title='bbox 1024 5101 1096 5154; x_wconf 86' lang='lat'><strong>⁸⁸.</strong></span> <span class='ocrx_word' id='word_1_736' title='bbox 1125 5119 1144 5152; x_wconf 79' lang='grc' dir='ltr'><strong>ι</strong></span> <span class='ocrx_word' id='word_1_737' title='bbox 1173 5101 1352 5172; x_wconf 79' lang='lat' dir='ltr'><strong>Atque</strong></span> <span class='ocrx_word' id='word_1_738' title='bbox 1395 5100 1511 5156; x_wconf 80' lang='lat' dir='ltr'><strong>baec</strong></span> <span class='ocrx_word' id='word_1_739' title='bbox 1532 5101 1750 5172; x_wconf 80' lang='lat' dir='ltr'><strong>quidem</strong></span> <span class='ocrx_word' id='word_1_740' title='bbox 1776 5111 1859 5157; x_wconf 89' lang='lat' dir='ltr'><strong>est</strong></span> 
     </span>
     <span class='ocr_line' id='line_1_96' title="bbox 294 5190 1853 5264; baseline 0.001 -16"><span class='ocrx_word' id='word_1_741' title='bbox 294 5195 460 5250; x_wconf 85' lang='lat' dir='ltr'><strong>totius</strong></span> <span class='ocrx_word' id='word_1_742' title='bbox 487 5195 682 5264; x_wconf 84' lang='lat' dir='ltr'><strong>eapitis</strong></span> <span class='ocrx_word' id='word_1_743' title='bbox 711 5205 944 5248; x_wconf 87' lang='lat' dir='ltr'><strong>summa.</strong></span> <span class='ocrx_word' id='word_1_744' title='bbox 977 5190 1129 5247; x_wconf 86' lang='lat' dir='ltr'><strong>Nunc</strong></span> <span class='ocrx_word' id='word_1_745' title='bbox 1156 5208 1286 5250; x_wconf 79' lang='lat' dir='ltr'><strong>vero</strong></span> <span class='ocrx_word' id='word_1_746' title='bbox 1314 5203 1528 5264; x_wconf 87' lang='lat' dir='ltr'><strong>oportet</strong></span> <span class='ocrx_word' id='word_1_747' title='bbox 1560 5203 1619 5248; x_wconf 90' lang='lat' dir='ltr'><strong>ut</strong></span> <span class='ocrx_word' id='word_1_748' title='bbox 1643 5193 1853 5264; x_wconf 76' lang='lat' dir='ltr'><strong>singula</strong></span> 
     </span>
     <span class='ocr_line' id='line_1_97' title="bbox 294 5280 1857 5352; baseline 0.001 -14"><span class='ocrx_word' id='word_1_749' title='bbox 294 5293 677 5352; x_wconf 87' lang='lat' dir='ltr'><strong>percurrentes</strong></span> <span class='ocrx_word' id='word_1_750' title='bbox 717 5282 985 5346; x_wconf 84' lang='lat' dir='ltr'><strong>dicamus.</strong></span> <span class='ocrx_word' id='word_1_751' title='bbox 1033 5295 1194 5348; x_wconf 86' lang='lat' dir='ltr'><strong>quam</strong></span> <span class='ocrx_word' id='word_1_752' title='bbox 1243 5284 1313 5338; x_wconf 93' lang='lat' dir='ltr'><strong>ob</strong></span> <span class='ocrx_word' id='word_1_753' title='bbox 1368 5298 1585 5340; x_wconf 82' lang='lat' dir='ltr'><strong>causam</strong></span> <span class='ocrx_word' id='word_1_754' title='bbox 1622 5280 1857 5340; x_wconf 74' lang='lat' dir='ltr'><strong>loannes</strong></span> 
     </span>
     <span class='ocr_line' id='line_1_98' title="bbox 293 5370 1857 5444; baseline 0.002 -17"><span class='ocrx_word' id='word_1_755' title='bbox 293 5372 534 5442; x_wconf 82' lang='lat' dir='ltr'><strong>Baptista</strong></span> <span class='ocrx_word' id='word_1_756' title='bbox 567 5374 621 5429; x_wconf 92' lang='lat' dir='ltr'><strong>in</strong></span> <span class='ocrx_word' id='word_1_757' title='bbox 653 5386 926 5429; x_wconf 89' lang='lat' dir='ltr'><strong>carcerem</strong></span> <span class='ocrx_word' id='word_1_758' title='bbox 957 5370 1238 5441; x_wconf 78' lang='lat' dir='ltr'><strong>conjectus</strong></span> <span class='ocrx_word' id='word_1_759' title='bbox 1267 5373 1470 5442; x_wconf 80' lang='lat' dir='ltr'><strong>suerit3</strong></span> <span class='ocrx_word' id='word_1_760' title='bbox 1504 5374 1857 5444; x_wconf 82' lang='lat' dir='ltr'><strong>quamobrem</strong></span> 
     </span>
     <span class='ocr_line' id='line_1_99' title="bbox 295 5460 1855 5533; baseline -0.002 -15"><span class='ocrx_word' id='word_1_761' title='bbox 295 5463 460 5518; x_wconf 83' lang='lat' dir='ltr'><strong>etiam</strong></span> <span class='ocrx_word' id='word_1_762' title='bbox 514 5476 613 5531; x_wconf 88' lang='lat' dir='ltr'><strong>per</strong></span> <span class='ocrx_word' id='word_1_763' title='bbox 647 5461 940 5531; x_wconf 81' lang='lat' dir='ltr'><strong>discipulos</strong></span> <span class='ocrx_word' id='word_1_764' title='bbox 975 5474 1103 5517; x_wconf 84' lang='lat' dir='ltr'><strong>suos</strong></span> <span class='ocrx_word' id='word_1_765' title='bbox 1149 5460 1423 5517; x_wconf 81' lang='lat' dir='ltr'><strong>Christum</strong></span> <span class='ocrx_word' id='word_1_766' title='bbox 1473 5462 1855 5533; x_wconf 72' lang='lat' dir='ltr'><strong>interrogarit,</strong></span> 
     </span>
     <span class='ocr_line' id='line_1_100' title="bbox 298 5552 1859 5622; baseline 0.001 -15"><span class='ocrx_word' id='word_1_767' title='bbox 298 5564 478 5609; x_wconf 85' lang='lat' dir='ltr'><strong>utrum</strong></span> <span class='ocrx_word' id='word_1_768' title='bbox 510 5552 622 5622; x_wconf 83' lang='lat' dir='ltr'><strong>ipse</strong></span> <span class='ocrx_word' id='word_1_769' title='bbox 647 5553 868 5608; x_wconf 89' lang='lat' dir='ltr'><strong>omnino</strong></span> <span class='ocrx_word' id='word_1_770' title='bbox 902 5559 1048 5609; x_wconf 84' lang='lat' dir='ltr'><strong>esset</strong></span> <span class='ocrx_word' id='word_1_771' title='bbox 1068 5553 1161 5622; x_wconf 91' lang='lat' dir='ltr'><strong>qui</strong></span> <span class='ocrx_word' id='word_1_772' title='bbox 1190 5560 1451 5609; x_wconf 82' lang='lat' dir='ltr'><strong>venturus</strong></span> <span class='ocrx_word' id='word_1_773' title='bbox 1476 5563 1592 5610; x_wconf 89' lang='lat' dir='ltr'><strong>erat</strong></span> <span class='ocrx_word' id='word_1_774' title='bbox 1615 5570 1630 5620; x_wconf 88' lang='lat'><strong>;</strong></span> <span class='ocrx_word' id='word_1_775' title='bbox 1663 5553 1859 5610; x_wconf 86' lang='lat' dir='ltr'><strong>deinde</strong></span> 
     </span>
    </p>
   </div>
   <div class='ocr_carea' id='block_1_23' title="bbox 1958 4552 3540 5627">
    <p class='ocr_par' dir='ltr' id='par_1_23' title="bbox 1958 4552 3540 5627">
     <span class='ocr_line' id='line_1_101' title="bbox 1961 4552 3520 4629; baseline -0.003 -18"><span class='ocrx_word' id='word_1_776' title='bbox 1961 4557 2173 4629; x_wconf 81' lang='grc' dir='ltr'><strong>φήτην;</strong></span> <span class='ocrx_word' id='word_1_777' title='bbox 2201 4555 2308 4609; x_wconf 73' lang='grc' dir='ltr'><strong>Ναὶ</strong></span> <span class='ocrx_word' id='word_1_778' title='bbox 2336 4554 2480 4623; x_wconf 79' lang='grc' dir='ltr'><strong>λέγω</strong></span> <span class='ocrx_word' id='word_1_779' title='bbox 2511 4554 2641 4625; x_wconf 78' lang='grc' dir='ltr'><strong>ὑμῖν</strong></span> <span class='ocrx_word' id='word_1_780' title='bbox 2668 4552 2762 4607; x_wconf 73' lang='grc' dir='ltr'><strong>καὶ</strong></span> <span class='ocrx_word' id='word_1_781' title='bbox 2796 4553 3180 4625; x_wconf 86' lang='grc' dir='ltr'><strong>περισσότερον</strong></span> <span class='ocrx_word' id='word_1_782' title='bbox 3212 4555 3520 4626; x_wconf 77' lang='grc' dir='ltr'><strong>προφήτου.</strong></span> 
     </span>
     <span class='ocr_line' id='line_1_102' title="bbox 1961 4638 3534 4717; baseline -0.003 -17"><span class='ocrx_word' id='word_1_783' title='bbox 1961 4640 2129 4710; x_wconf 76' lang='grc' dir='ltr'><strong>Οὗτος</strong></span> <span class='ocrx_word' id='word_1_784' title='bbox 2158 4646 2267 4717; x_wconf 85' lang='grc' dir='ltr'><strong>γάρ</strong></span> <span class='ocrx_word' id='word_1_785' title='bbox 2303 4645 2419 4699; x_wconf 82' lang='grc' dir='ltr'><strong>ἐστι</strong></span> <span class='ocrx_word' id='word_1_786' title='bbox 2445 4645 2573 4716; x_wconf 73' lang='grc' dir='ltr'><strong>περὶ</strong></span> <span class='ocrx_word' id='word_1_787' title='bbox 2593 4638 2655 4698; x_wconf 78' lang='grc' dir='ltr'><strong>οὗ</strong></span> <span class='ocrx_word' id='word_1_788' title='bbox 2685 4642 3027 4714; x_wconf 77' lang='grc' dir='ltr'><strong>γέγραπται·</strong></span> <span class='ocrx_word' id='word_1_789' title='bbox 3083 4643 3213 4698; x_wconf 71' lang='grc' dir='ltr'><strong>Ἰδοὺ</strong></span> <span class='ocrx_word' id='word_1_790' title='bbox 3248 4642 3534 4698; x_wconf 77' lang='grc' dir='ltr'><strong>ἀποστελῶ</strong></span> 
     </span>
     <span class='ocr_line' id='line_1_103' title="bbox 1959 4732 3533 4808; baseline -0.004 -16"><span class='ocrx_word' id='word_1_791' title='bbox 1959 4737 2050 4792; x_wconf 73' lang='grc' dir='ltr'><strong>τὸν</strong></span> <span class='ocrx_word' id='word_1_792' title='bbox 2078 4735 2307 4806; x_wconf 76' lang='grc' dir='ltr'><strong>ἄγγελόν</strong></span> <span class='ocrx_word' id='word_1_793' title='bbox 2331 4753 2431 4808; x_wconf 90' lang='grc' dir='ltr'><strong>μου</strong></span> <span class='ocrx_word' id='word_1_794' title='bbox 2454 4734 2560 4805; x_wconf 80' lang='grc' dir='ltr'><strong>πρὸ</strong></span> <span class='ocrx_word' id='word_1_795' title='bbox 2587 4732 2880 4802; x_wconf 85' lang='grc' dir='ltr'><strong>προσώπου</strong></span> <span class='ocrx_word' id='word_1_796' title='bbox 2906 4749 3020 4801; x_wconf 88' lang='grc' dir='ltr'><strong>σου,</strong></span> <span class='ocrx_word' id='word_1_797' title='bbox 3048 4734 3107 4798; x_wconf 84' lang='grc' dir='ltr'><strong>ὃς</strong></span> <span class='ocrx_word' id='word_1_798' title='bbox 3132 4734 3533 4788; x_wconf 84' lang='grc' dir='ltr'><strong>κατασκευάσει</strong></span> 
     </span>
     <span class='ocr_line' id='line_1_104' title="bbox 1961 4823 3535 4899; baseline -0.001 -16"><span class='ocrx_word' id='word_1_799' title='bbox 1961 4829 2056 4899; x_wconf 79' lang='grc' dir='ltr'><strong>τὴν</strong></span> <span class='ocrx_word' id='word_1_800' title='bbox 2090 4828 2207 4881; x_wconf 84' lang='grc' dir='ltr'><strong>ὀδόν</strong></span> <span class='ocrx_word' id='word_1_801' title='bbox 2240 4844 2334 4881; x_wconf 89' lang='grc' dir='ltr'><strong>σου</strong></span> <span class='ocrx_word' id='word_1_802' title='bbox 2380 4825 2687 4897; x_wconf 79' lang='grc' dir='ltr'><strong>ἔμπροσθέν</strong></span> <span class='ocrx_word' id='word_1_803' title='bbox 2729 4840 2845 4879; x_wconf 87' lang='grc' dir='ltr'><strong>σου.</strong></span> <span class='ocrx_word' id='word_1_804' title='bbox 2899 4845 2917 4878; x_wconf 76' lang='grc' dir='ltr'><strong>ι</strong></span> <span class='ocrx_word' id='word_1_805' title='bbox 2969 4823 3104 4880; x_wconf 84' lang='grc' dir='ltr'><strong>Εἶτα</strong></span> <span class='ocrx_word' id='word_1_806' title='bbox 3154 4828 3292 4899; x_wconf 74' lang='grc' dir='ltr'><strong>πρὸς</strong></span> <span class='ocrx_word' id='word_1_807' title='bbox 3321 4828 3535 4892; x_wconf 84' lang='grc' dir='ltr'><strong>τούτοις</strong></span> 
     </span>
     <span class='ocr_line' id='line_1_105' title="bbox 1962 4916 3537 4993; baseline 0 -20"><span class='ocrx_word' id='word_1_808' title='bbox 1962 4920 2095 4993; x_wconf 78' lang='grc' dir='ltr'><strong>φησί</strong></span> <span class='ocrx_word' id='word_1_809' title='bbox 2128 4919 2483 4990; x_wconf 81' lang='grc' dir='ltr'><strong>ζητούμενον·</strong></span> <span class='ocrx_word' id='word_1_810' title='bbox 2536 4935 2556 4969; x_wconf 82' lang='lat' dir='ltr'><strong>t</strong></span> <span class='ocrx_word' id='word_1_811' title='bbox 2607 4916 2800 4988; x_wconf 80' lang='grc' dir='ltr'><strong>Ἀμὴν,</strong></span> <span class='ocrx_word' id='word_1_812' title='bbox 2852 4917 3001 4988; x_wconf 77' lang='grc' dir='ltr'><strong>ἀμὴν</strong></span> <span class='ocrx_word' id='word_1_813' title='bbox 3036 4917 3181 4987; x_wconf 85' lang='grc' dir='ltr'><strong>λέγω</strong></span> <span class='ocrx_word' id='word_1_814' title='bbox 3229 4918 3380 4989; x_wconf 79' lang='grc' dir='ltr'><strong>ὑμῖν,</strong></span> <span class='ocrx_word' id='word_1_815' title='bbox 3431 4919 3537 4973; x_wconf 74' lang='grc' dir='ltr'><strong>οὐκ</strong></span> 
     </span>
     <span class='ocr_line' id='line_1_106' title="bbox 1961 5008 3537 5084; baseline 0.001 -20"><span class='ocrx_word' id='word_1_816' title='bbox 1961 5012 2259 5084; x_wconf 78' lang='grc' dir='ltr'><strong>ἐγήγερται</strong></span> <span class='ocrx_word' id='word_1_817' title='bbox 2305 5012 2362 5064; x_wconf 85' lang='grc' dir='ltr'><strong>ὲν</strong></span> <span class='ocrx_word' id='word_1_818' title='bbox 2406 5010 2683 5079; x_wconf 76' lang='grc' dir='ltr'><strong>γεννητοῖς</strong></span> <span class='ocrx_word' id='word_1_819' title='bbox 2720 5008 2994 5078; x_wconf 88' lang='grc' dir='ltr'><strong>γυναικῶν</strong></span> <span class='ocrx_word' id='word_1_820' title='bbox 3034 5008 3234 5079; x_wconf 79' lang='grc' dir='ltr'><strong>μείζων</strong></span> <span class='ocrx_word' id='word_1_821' title='bbox 3283 5009 3537 5065; x_wconf 81' lang='grc' dir='ltr'><strong>Ἰωάννου</strong></span> 
     </span>
     <span class='ocr_line' id='line_1_107' title="bbox 1960 5099 3539 5173; baseline -0.001 -16"><span class='ocrx_word' id='word_1_822' title='bbox 1960 5102 2057 5158; x_wconf 83' lang='grc' dir='ltr'><strong>τοῦ</strong></span> <span class='ocrx_word' id='word_1_823' title='bbox 2095 5100 2396 5158; x_wconf 80' lang='grc' dir='ltr'><strong>Βαπτιστοῦ</strong></span> <span class='ocrx_word' id='word_1_824' title='bbox 2416 5117 2430 5132; x_wconf 89' lang='grc'><em>·</em></span> <span class='ocrx_word' id='word_1_825' title='bbox 2472 5101 2501 5153; x_wconf 83' lang='grc' dir='ltr'><strong>ὁ</strong></span> <span class='ocrx_word' id='word_1_826' title='bbox 2524 5099 2581 5153; x_wconf 83' lang='grc' dir='ltr'><strong>δὲ</strong></span> <span class='ocrx_word' id='word_1_827' title='bbox 2622 5099 2942 5171; x_wconf 89' lang='grc' dir='ltr'><strong>μικρότερος</strong></span> <span class='ocrx_word' id='word_1_828' title='bbox 2965 5101 3022 5152; x_wconf 90' lang='grc' dir='ltr'><strong>ἐν</strong></span> <span class='ocrx_word' id='word_1_829' title='bbox 3048 5103 3112 5172; x_wconf 78' lang='grc' dir='ltr'><strong>τῇ</strong></span> <span class='ocrx_word' id='word_1_830' title='bbox 3145 5100 3390 5173; x_wconf 78' lang='grc' dir='ltr'><strong>βασιλείᾳ</strong></span> <span class='ocrx_word' id='word_1_831' title='bbox 3422 5101 3539 5156; x_wconf 85' lang='grc' dir='ltr'><strong>τῶν</strong></span> 
     </span>
     <span class='ocr_line' id='line_1_108' title="bbox 1959 5190 3539 5270; baseline 0 -21"><span class='ocrx_word' id='word_1_832' title='bbox 1959 5193 2228 5270; x_wconf 79' lang='grc' dir='ltr'><strong>οὐρανῶν,</strong></span> <span class='ocrx_word' id='word_1_833' title='bbox 2256 5191 2456 5264; x_wconf 74' lang='grc' dir='ltr'><strong>μείζων</strong></span> <span class='ocrx_word' id='word_1_834' title='bbox 2486 5191 2648 5247; x_wconf 81' lang='grc' dir='ltr'><strong>αὐτοῦ</strong></span> <span class='ocrx_word' id='word_1_835' title='bbox 2683 5194 2820 5245; x_wconf 90' lang='grc' dir='ltr'><strong>ἐστι.</strong></span> <span class='ocrx_word' id='word_1_836' title='bbox 2860 5209 2878 5242; x_wconf 76' lang='grc' dir='ltr'><strong>ι</strong></span> <span class='ocrx_word' id='word_1_837' title='bbox 2917 5190 3021 5244; x_wconf 79' lang='grc' dir='ltr'><strong>Καὶ</strong></span> <span class='ocrx_word' id='word_1_838' title='bbox 3046 5191 3105 5244; x_wconf 83' lang='grc' dir='ltr'><strong>ού</strong></span> <span class='ocrx_word' id='word_1_839' title='bbox 3136 5191 3296 5262; x_wconf 83' lang='grc' dir='ltr'><strong>μέχρι</strong></span> <span class='ocrx_word' id='word_1_840' title='bbox 3324 5192 3539 5249; x_wconf 81' lang='grc' dir='ltr'><strong>τούτων</strong></span> 
     </span>
     <span class='ocr_line' id='line_1_109' title="bbox 1958 5278 3537 5354; baseline -0.002 -18"><span class='ocrx_word' id='word_1_841' title='bbox 1958 5284 1990 5336; x_wconf 84' lang='grc' dir='ltr'><strong>ὁ</strong></span> <span class='ocrx_word' id='word_1_842' title='bbox 2021 5285 2197 5353; x_wconf 86' lang='grc' dir='ltr'><strong>λόγος.</strong></span> <span class='ocrx_word' id='word_1_843' title='bbox 2230 5282 2507 5353; x_wconf 83' lang='grc' dir='ltr'><strong>Ἐπιφέρει</strong></span> <span class='ocrx_word' id='word_1_844' title='bbox 2530 5280 2639 5354; x_wconf 81' lang='grc' dir='ltr'><strong>γὰρ</strong></span> <span class='ocrx_word' id='word_1_845' title='bbox 2655 5278 2849 5343; x_wconf 82' lang='grc' dir='ltr'><strong>εὐθύς·</strong></span> <span class='ocrx_word' id='word_1_846' title='bbox 2881 5296 2900 5331; x_wconf 85' lang='lat' dir='ltr'><strong>t</strong></span> <span class='ocrx_word' id='word_1_847' title='bbox 2944 5279 3074 5332; x_wconf 81' lang='grc' dir='ltr'><strong>’Δπὸ</strong></span> <span class='ocrx_word' id='word_1_848' title='bbox 3096 5280 3154 5333; x_wconf 81' lang='grc' dir='ltr'><strong>δὲ</strong></span> <span class='ocrx_word' id='word_1_849' title='bbox 3179 5279 3287 5333; x_wconf 87' lang='grc' dir='ltr'><strong>τῶν</strong></span> <span class='ocrx_word' id='word_1_850' title='bbox 3307 5282 3537 5352; x_wconf 79' lang='grc' dir='ltr'><strong>ἡμερῶν</strong></span> 
     </span>
     <span class='ocr_line' id='line_1_110' title="bbox 1974 5369 3540 5442; baseline -0.001 -15"><span class='ocrx_word' id='word_1_851' title='bbox 1974 5374 2219 5429; x_wconf 83' lang='grc' dir='ltr'><strong>Ἰωάννου</strong></span> <span class='ocrx_word' id='word_1_852' title='bbox 2251 5373 2346 5428; x_wconf 84' lang='grc' dir='ltr'><strong>τοῦ</strong></span> <span class='ocrx_word' id='word_1_853' title='bbox 2387 5371 2693 5428; x_wconf 85' lang='grc' dir='ltr'><strong>Βαπτιστοῦ</strong></span> <span class='ocrx_word' id='word_1_854' title='bbox 2744 5370 2851 5434; x_wconf 76' lang='grc' dir='ltr'><strong>ἕως</strong></span> <span class='ocrx_word' id='word_1_855' title='bbox 2884 5370 3008 5442; x_wconf 83' lang='grc' dir='ltr'><strong>ἀρτι</strong></span> <span class='ocrx_word' id='word_1_856' title='bbox 3050 5372 3084 5442; x_wconf 75' lang='grc' dir='ltr'>ἡ</span> <span class='ocrx_word' id='word_1_857' title='bbox 3130 5369 3380 5441; x_wconf 74' lang='grc' dir='ltr'><strong>βασιλεία</strong></span> <span class='ocrx_word' id='word_1_858' title='bbox 3424 5371 3540 5434; x_wconf 81' lang='grc' dir='ltr'><strong>τῶν</strong></span> 
     </span>
     <span class='ocr_line' id='line_1_111' title="bbox 1961 5462 3532 5536; baseline 0 -18"><span class='ocrx_word' id='word_1_859' title='bbox 1961 5463 2205 5535; x_wconf 84' lang='grc' dir='ltr'><strong>οὐρανῶν</strong></span> <span class='ocrx_word' id='word_1_860' title='bbox 2240 5465 2505 5536; x_wconf 79' lang='grc' dir='ltr'><strong>βιάζεται,</strong></span> <span class='ocrx_word' id='word_1_861' title='bbox 2539 5463 2633 5518; x_wconf 70' lang='grc' dir='ltr'><strong>καὶ</strong></span> <span class='ocrx_word' id='word_1_862' title='bbox 2668 5462 2881 5532; x_wconf 75' lang='grc' dir='ltr'><strong>βιασταὶ</strong></span> <span class='ocrx_word' id='word_1_863' title='bbox 2911 5462 3244 5534; x_wconf 78' lang='grc' dir='ltr'><strong>ἁρπάζουσιν</strong></span> <span class='ocrx_word' id='word_1_864' title='bbox 3277 5462 3475 5535; x_wconf 74' lang='grc' dir='ltr'><strong>αὐτὴν.</strong></span> <span class='ocrx_word' id='word_1_865' title='bbox 3509 5483 3532 5517; x_wconf 72' lang='lat' dir='ltr'><strong>a</strong></span> 
     </span>
     <span class='ocr_line' id='line_1_112' title="bbox 1962 5553 3537 5627; baseline 0.001 -19"><span class='ocrx_word' id='word_1_866' title='bbox 1962 5553 2125 5610; x_wconf 81' lang='grc' dir='ltr'><strong>Ὀλον</strong></span> <span class='ocrx_word' id='word_1_867' title='bbox 2155 5558 2212 5610; x_wconf 82' lang='grc' dir='ltr'><strong>ὲν</strong></span> <span class='ocrx_word' id='word_1_868' title='bbox 2250 5555 2477 5623; x_wconf 85' lang='grc' dir='ltr'><strong>τούτοις,</strong></span> <span class='ocrx_word' id='word_1_869' title='bbox 2509 5554 2584 5619; x_wconf 85' lang='grc' dir='ltr'><strong>ὡς</strong></span> <span class='ocrx_word' id='word_1_870' title='bbox 2629 5555 2755 5617; x_wconf 76' lang='grc' dir='ltr'><strong>ἔπος</strong></span> <span class='ocrx_word' id='word_1_871' title='bbox 2783 5555 2978 5620; x_wconf 74' lang='grc' dir='ltr'><strong>εἰπεῖν,</strong></span> <span class='ocrx_word' id='word_1_872' title='bbox 3008 5553 3069 5606; x_wconf 77' lang='grc' dir='ltr'><strong>τὸ</strong></span> <span class='ocrx_word' id='word_1_873' title='bbox 3109 5553 3407 5623; x_wconf 72' lang='grc' dir='ltr'><strong>κεφάλαιον</strong></span> <span class='ocrx_word' id='word_1_874' title='bbox 3434 5554 3537 5627; x_wconf 79' lang='grc' dir='ltr'><strong>τὴν</strong></span> 
     </span>
    </p>
   </div>
   <div class='ocr_carea' id='block_1_24' title="bbox 373 5703 3531 5779">
    <p class='ocr_par' dir='ltr' id='par_1_24' title="bbox 373 5703 3531 5779">
     <span class='ocr_line' id='line_1_113' title="bbox 373 5703 3531 5779; baseline 0.002 -19"><span class='ocrx_word' id='word_1_875' title='bbox 373 5704 422 5736; x_wconf 87' lang='lat'><strong>⁸⁸</strong></span> <span class='ocrx_word' id='word_1_876' title='bbox 443 5703 576 5760; x_wconf 83' lang='lat' dir='ltr'><strong>Luc.</strong></span> <span class='ocrx_word' id='word_1_877' title='bbox 609 5719 695 5772; x_wconf 86' lang='grc' dir='ltr'><strong>ιιι,</strong></span> <span class='ocrx_word' id='word_1_878' title='bbox 721 5703 792 5772; x_wconf 76' lang='lat' dir='ltr'><strong>t;</strong></span> <span class='ocrx_word' id='word_1_879' title='bbox 824 5703 925 5762; x_wconf 81' lang='lat' dir='ltr'><strong>isa.</strong></span> <span class='ocrx_word' id='word_1_880' title='bbox 953 5721 1040 5777; x_wconf 65' lang='lat' dir='ltr'><strong>xz,</strong></span> <span class='ocrx_word' id='word_1_881' title='bbox 1067 5705 1121 5762; x_wconf 74' lang='grc' dir='ltr'><strong>ὅ.</strong></span> <span class='ocrx_word' id='word_1_882' title='bbox 1201 5707 1247 5740; x_wconf 70' lang='lat'><strong>⁸⁸</strong></span> <span class='ocrx_word' id='word_1_883' title='bbox 1272 5705 1404 5762; x_wconf 82' lang='lat' dir='ltr'><strong>Luc.</strong></span> <span class='ocrx_word' id='word_1_884' title='bbox 1435 5723 1530 5777; x_wconf 75' lang='lat' dir='ltr'><strong>vit,</strong></span> <span class='ocrx_word' id='word_1_885' title='bbox 1557 5708 1647 5762; x_wconf 67' lang='lat'><strong>98.</strong></span> <span class='ocrx_word' id='word_1_886' title='bbox 1726 5707 1772 5739; x_wconf 86' lang='lat'><strong>⁸⁸</strong></span> <span class='ocrx_word' id='word_1_887' title='bbox 1795 5705 1986 5765; x_wconf 71' lang='lat' dir='ltr'><strong>Manli.</strong></span> <span class='ocrx_word' id='word_1_888' title='bbox 2026 5725 2108 5779; x_wconf 69' lang='grc' dir='ltr'><strong>ιι,</strong></span> <span class='ocrx_word' id='word_1_889' title='bbox 2139 5709 2193 5779; x_wconf 80' lang='lat'><strong>5,</strong></span> <span class='ocrx_word' id='word_1_890' title='bbox 2225 5709 2277 5763; x_wconf 76' lang='lat' dir='ltr'><strong>t.</strong></span> <span class='ocrx_word' id='word_1_891' title='bbox 2355 5710 2401 5742; x_wconf 86' lang='lat'><strong>⁸⁸</strong></span> <span class='ocrx_word' id='word_1_892' title='bbox 2421 5709 2556 5767; x_wconf 85' lang='lat' dir='ltr'><strong>lbid.</strong></span> <span class='ocrx_word' id='word_1_893' title='bbox 2590 5709 2738 5764; x_wconf 77' lang='lat'>7-10.</span> <span class='ocrx_word' id='word_1_894' title='bbox 2816 5712 2861 5744; x_wconf 86' lang='lat'><strong>⁸⁷</strong></span> <span class='ocrx_word' id='word_1_895' title='bbox 2895 5709 3026 5769; x_wconf 76' lang='lat' dir='ltr'><strong>ibid.</strong></span> <span class='ocrx_word' id='word_1_896' title='bbox 3054 5713 3137 5769; x_wconf 81' lang='grc' dir='ltr'><strong>Η.</strong></span> <span class='ocrx_word' id='word_1_897' title='bbox 3218 5712 3418 5769; x_wconf 87' lang='lat' dir='ltr'><strong>⁸⁸lbid.</strong></span> <span class='ocrx_word' id='word_1_898' title='bbox 3449 5712 3531 5768; x_wconf 71' lang='lat' dir='ltr'><strong>ts.</strong></span> 
     </span>
    </p>
   </div>
  </div>
 </body>
</html>
