3809 6125
313 306 421 364 859

1252 351 1256 356 .
1305 296 1364 353 S.
1403 296 1682 355 CYutLLt
1723 298 2190 355 ALExANoRtNt
2225 298 2547 356 AncutEP.

3479 275 3592 332 840

314 422 474 486 iicet,
509 418 627 490 ipso
655 418 903 474 dicente:
934 434 953 467 ‹
988 411 1046 472 Si
1083 428 1213 486 crgo
1248 428 1376 480 vos,
1418 430 1542 470 cuin
1584 416 1708 471 sitis
1738 416 1890 481 maii,
1924 420 1969 478 Α
1999 415 2099 487 μὲν
2138 414 2418 484 λέγοντος·
2454 431 2474 466 ι
2505 413 2569 466 Εἰ
2607 404 2700 466 οὖν
2732 411 2891 484 ὑμεῖς
2932 408 3161 481 πονηροὶ
3191 407 3369 474 ὄντες,
3408 407 3594 465 οῖδατι

315 511 487 567 nostis
533 511 674 565 bona
711 511 833 564 data
886 509 1019 564 dare
1071 506 1195 563 iiiiis
1218 506 1451 575 vestris;
1489 516 1697 577 quanto
1729 508 1898 577 magis

314 603 477 661 Pater
505 612 688 658 vester
710 600 952 656 coelestis
975 598 1126 654 dabit
1166 599 1306 655 bona
1338 598 1646 668 petentibus
1665 612 1726 655 se
1750 599 1837 655 ⁸¹?
1870 618 1890 652 ι

312 695 380 750 Ει
435 708 650 750 rursus:
684 711 704 744 ι
769 689 885 746 Non
915 690 1064 745 enim
1117 703 1215 745 vos
1243 690 1380 744 estis
1449 688 1543 758 qui
1578 688 1892 758 loquimini,

311 787 408 843 scd
440 786 679 855 Spiritus
717 781 903 838 Patris
925 782 1093 838 vestri
1120 782 1213 851 qui
1238 781 1482 852 loquitur
1510 782 1568 837 in
1599 782 1847 838 vobis⁸⁸.
1871 801 1891 836 ι

313 877 455 944 Quin
491 885 549 932 et
580 874 783 931 Paulus
839 873 1092 929 fidelibus
1151 873 1206 928 in
1254 873 1401 928 hunc
1430 874 1648 929 modum
1676 873 1894 932 scribit:

318 987 338 1020 ‹
367 966 477 1023 Vos
503 975 683 1022 autem
715 966 769 1020 in
815 979 984 1021 carne
1014 979 1119 1019 non
1159 964 1314 1032 estis,
1348 964 1444 1021 sed
1483 965 1536 1019 in
1569 964 1774 1035 Spiritu
1801 983 1816 1021 ε
1848 965 1896 1022 si

314 1069 491 1116 tamen
522 1058 761 1129 Spiritus
787 1055 884 1112 Dei
910 1055 1122 1111 habitat
1154 1056 1209 1111 in
1262 1055 1436 1113 vobis.
1469 1056 1528 1111 Si
1560 1058 1684 1129 quis
1713 1066 1896 1114 autent

315 1151 580 1221 Spiritum
639 1147 841 1205 Christi
899 1162 1005 1203 non
1044 1147 1229 1212 habet,
1258 1146 1349 1203 hic
1383 1163 1488 1202 non
1518 1158 1601 1204 est
1643 1149 1783 1220 ejus.
1836 1148 1894 1205 Si

310 1256 493 1299 autem
521 1242 774 1298 Christus
815 1241 868 1295 in
901 1239 1058 1295 vobis
1097 1248 1205 1307 est,
1236 1253 1437 1308 corpus
1481 1240 1703 1310 quidem
1749 1256 1898 1297 mor·

314 1344 462 1390 tuum
511 1342 595 1389 est
652 1342 874 1404 propter
918 1340 1244 1401 peccatum3
1311 1329 1550 1403 Spiritus
1594 1348 1728 1389 vero
1784 1333 1896 1389 vita

309 1437 536 1498 propter
581 1426 849 1497 justitiam
877 1424 946 1479 ⁸⁸.
1000 1441 1022 1476 n
1075 1423 1179 1489 Qui
1256 1437 1385 1493 ergo
1470 1439 1570 1480 nos
1639 1425 1897 1481 mortales

311 1516 593 1573 filiationis
638 1515 811 1586 gioria
870 1523 1055 1580 ornat,
1125 1512 1362 1585 Spiritus
1430 1515 1709 1583 nimirum,
1770 1532 1893 1573 cum

309 1609 385 1664 sit
433 1605 578 1673 Filii,
631 1606 687 1661 in
719 1606 844 1661 aliis
890 1606 1112 1676 quidem
1179 1606 1523 1675 adoptionem
1594 1608 1891 1681 praestabit,

1998 506 2206 576 δόματα
2223 502 2404 573 ἀγαθὰ
2424 502 2619 556 διδόναι
2638 504 2750 567 τοῖς
2771 501 2985 563 τέκνοις
3002 500 3033 554 ὕ
3041 498 3184 571 μῶν,
3202 497 3358 569 πόσῳ
3387 497 3598 569 μᾶλλον

1997 597 2026 649 ὁ
2044 593 2233 666 Πατὴρ
2262 593 2417 665 ὑμῶν
2445 594 2473 646 ὁ
2501 592 2560 645 ἐν
2595 594 2707 656 τοῖς
2744 590 2995 663 οὐρανοῖς
3015 629 3031 654 ,
3076 588 3238 641 δώσει
3266 587 3454 658 ἀγαθὰ
3481 589 3598 654 τοῖς

1998 679 2240 736 αἰτοῦσιν
2290 680 2484 745 aii-:dn
2514 698 2534 733 ι
2582 679 2693 733 Καὶ
2734 679 2932 732 πάλιν·
2968 695 2988 728 ι
3021 676 3097 730 Οὐ
3127 677 3238 749 γὰρ
3270 678 3435 749 ὑμεῖς
3467 678 3594 733 ἐστε

1996 774 2045 827 οἰ
2080 770 2396 838 λαλοῦντες,
2427 771 2564 826 ἀλλὰ
2588 768 2651 824 τὸ
2691 768 2919 852 Πνεῦμα
2948 767 3042 823 τοῦ
3085 770 3303 839 Πατρὸς
3335 769 3497 841 ὑμῶν
3535 771 3597 826 τὸ

1995 860 2190 915 λαλοῦν
2227 861 2286 916 ἐν
2320 861 2468 931 ὑμῖν.
2494 878 2514 912 ι
2558 858 2668 916 Ὦδὶ
2694 858 2753 913 δὲ
2782 858 2879 915 καὶ
2910 859 3122 914 Παύλου
3151 864 3262 927 τοῖς
3297 860 3600 917 πιστεύου-

1998 970 2082 1006 σιν
2118 951 2559 1016 ἐπιστέλλοντος·
2591 968 2614 1004 ‹
2660 950 2850 1022 Ὑμεῖς
2885 951 2945 1004 δέ
2987 952 3090 1006 οὐκ
3127 952 3253 1006 ἐστὲ
3291 953 3353 1007 ἐν
3399 953 3596 1025 σαρκὶ,

1995 1042 2112 1097 ἀλλ’
2140 1044 2198 1097 ἐν
2227 1041 2530 1114 Πνεῦματι,
2560 1041 2720 1114 εἴπερ
2748 1042 2975 1116 Πνεῦμα
3004 1042 3141 1097 Θεοῦ
3165 1046 3307 1099 οίκεῖ
3339 1046 3400 1100 ἐν
3438 1046 3592 1119 ὑμῖν.

1995 1136 2061 1189 Et
2099 1135 2157 1189 δέ
2182 1152 2267 1199 τις
2308 1134 2533 1206 Πνεῦμα
2560 1134 2798 1207 Χριστοῦ
2834 1136 2935 1189 οὐκ
2959 1136 3094 1208 ἔχει,
3127 1131 3283 1203 οὗτος
3310 1137 3416 1193 οὐκ
3445 1137 3595 1195 ἐστιν

1995 1226 2183 1283 αὐτοῦ.
2216 1228 2280 1281 Εἰ
2321 1226 2380 1281 δὲ
2407 1227 2642 1299 Χριστὸς
2672 1230 2732 1282 ἐν
2766 1227 2916 1300 ὑμῖν,
2957 1228 3017 1281 τὸ
3052 1229 3151 1300 μὲν
3192 1229 3360 1302 σῶμα
3396 1229 3596 1304 νεκρδν

1994 1320 2084 1374 διὰ
2111 1320 2209 1391 τὴν
2239 1319 2533 1394 ἁμαρτίαν,
2569 1320 2631 1375 τὸ
2658 1320 2715 1375 δὲ
2754 1320 2981 1391 Πνεῦμα
3018 1321 3132 1395 ζωὴ
3175 1322 3265 1377 διὰ
3306 1320 3594 1379 δικαιοσύ-

1994 1428 2112 1482 νην.
2140 1431 2158 1464 ι
2191 1412 2265 1465 Τὸ
2298 1411 2481 1466 τοίνυν
2517 1414 2668 1484 ἡμᾶς
2690 1412 2818 1476 τοὺς
2851 1412 2943 1465 ἐπὶ
2974 1414 3074 1485 τῆς
3096 1413 3222 1485 γῆς,
3247 1416 3320 1486 τῇ
3353 1414 3462 1488 τῆς
3489 1416 3596 1473 uto·

1993 1519 2155 1572 τητος
2183 1501 2311 1578 δόξῃ
2335 1504 2737 1577 καταχρυσοῦν,
2770 1506 2916 1577 φημὶ
2948 1504 3013 1576 δὴ
3043 1503 3104 1558 τὸ
3143 1505 3398 1578 Πνεῦμα,
3435 1506 3589 1562 ἐπιί-

1994 1613 2101 1668 περ
2138 1597 2256 1652 ἐστὶ
2293 1598 2389 1651 τοῦ
2437 1596 2589 1662 Υίοῦ,
2634 1597 2918 1668 ἐνεργήσει
2959 1596 3062 1667 μὲν
3092 1597 3174 1659 είς
3219 1597 3451 1670 ἐτέρους
3490 1598 3590 1671 τὴν

308 1696 444 1753 nihii
520 1704 700 1752 autem
750 1710 978 1764 prorsus
1034 1702 1162 1764 aget
1206 1695 1262 1751 in
1303 1712 1369 1753 eo
1431 1697 1588 1769 cujus
1649 1709 1758 1767 est,
1784 1716 1891 1758 nou
1995 1688 2322 1759 utonotch,
2351 1688 2777 1760 ἀπρακτήσεῑδὲ
2813 1685 3096 1752 παντελῶς
3134 1688 3265 1762 περὶ
3289 1688 3386 1742 τὸν
3411 1683 3590 1765 οὗπέρ

307 1787 594 1854 ascititius,
651 1800 830 1857 neque
893 1786 1239 1841 extrinsecus
1288 1788 1560 1857 inductus,
1647 1791 1742 1847 sed
1764 1792 1894 1848 sub-
1921 1763 1967 1820 B
1993 1781 2164 1847 ἔστιν,
2193 1780 2296 1836 Οὔκ
2320 1780 2753 1852 εἰσκεκριμένον,
2788 1779 2914 1834 οὔτε
2945 1779 3053 1851 μὴν
3078 1778 3276 1846 ἔξωθεν
3301 1782 3592 1854 ιίσπεφοι-

307 1878 772 1950 stantiaiiterejus
793 1888 898 1944 ost,
947 1887 1003 1934 et
1040 1893 1140 1949 pcr
1179 1880 1355 1950 ipsum
1405 1880 1586 1940 Patris
1607 1884 1890 1941 voluntate

306 1969 598 2026 effunditur
648 1970 705 2024 in
754 1984 851 2026 eos
894 1970 989 2040 qui
1040 1970 1161 2041 ipso
1217 1972 1363 2044 digni
1401 1973 1605 2044 reperti
1664 1975 1885 2032 i’uerint.

305 2064 497 2117 Annon
523 2060 620 2116 tibi
649 2060 764 2116 baec
807 2069 959 2117 recte
1003 2061 1150 2119 dicta
1189 2065 1536 2136 cogitateque
1560 2065 1852 2123 videntur?

371 2235 437 2291 B.
471 2234 708 2292 Prorsus
739 2236 983 2307 quidem.

370 2349 439 2405 A.
499 2348 634 2406 Cum
685 2357 863 2405 autem
897 2351 1201 2407 divinorum
1247 2353 1625 2424 mysteriorum
1655 2352 1884 2412 antistes

300 2438 541 2497 Joannes
602 2441 658 2496 in
726 2444 961 2498 medium
1028 2444 1242 2515 prodit,
1313 2446 1380 2501 de
1437 2443 1549 2503 Deo
1613 2454 1669 2502 et
1722 2446 1881 2503 nobis

300 2534 577 2589 clamans:
612 2550 636 2586 ι
665 2532 730 2588 in
777 2535 881 2590 iioc
907 2537 1289 2603 cognoscimus
1319 2538 1573 2606 quoniani
1625 2540 1680 2593 in
1725 2538 1881 2596 nobis

300 2630 404 2688 est,
456 2622 710 2691 quoniam
750 2623 818 2678 de
844 2620 1052 2693 Spiritu
1101 2639 1201 2681 suo
1257 2625 1406 2681 dedit
1437 2626 1596 2682 nobis
1620 2627 1701 2695 ⁸⁸;
1731 2646 1751 2680 ι
1784 2642 1881 2681 an-

299 2727 407 2767 non
468 2711 632 2768 facilc
677 2721 828 2782 patet
880 2715 1135 2770 omnibus
1199 2715 1366 2770 Deum
1392 2730 1515 2773 esse
1567 2732 1779 2785 verum,
1824 2725 1881 2774 et

298 2817 366 2857 ex
391 2803 485 2858 Dei
508 2817 572 2859 ac
605 2802 784 2857 Patris
830 2803 1137 2859 substantia
1180 2806 1516 2876 processisse
1549 2807 1768 2876 Filium,
1803 2812 1880 2867 si-

297 2894 514 2962 qnidem
532 2904 616 2950 est
640 2894 802 2961 Deus,
821 2905 874 2950 ct
891 2911 996 2951 non
1019 2896 1186 2963 aliud,
1222 2897 1311 2953 ilic
1355 2897 1608 2956 habitans
1638 2901 1693 2956 in
1723 2904 1879 2960 nobis

298 2985 535 3054 Spiritus
560 2985 718 3055 ejus?
774 2985 857 3040 Ad
919 2989 1055 3051 hoec,
1105 2988 1149 3043 si
1176 2987 1412 3057 Spiritus
1444 2987 1637 3047 Deiac
1665 2993 1874 3063 Patris,

1990 1874 2179 1945 τηκὸς,
2220 1871 2335 1930 ἀλλ’
2365 1872 2639 1938 οὐσιῶῶς
2670 1873 2917 1945 ὑπάρχον
2957 1872 3146 1938 αὐτοῦ,
3189 1875 3288 1929 καὶ
3310 1873 3382 1930 δι’
3414 1875 3586 1932 αὐτοῦ

1991 1966 2358 2040 προχεόμενον
2404 1969 2519 2032 τοῖς
2564 1967 2704 2021 ἑλεῖν
2750 1965 2924 2033 ἀξίοις
2972 1970 3032 2022 ἐν
3072 1969 3299 2043 εὐδοκία
3345 1972 3583 2043 Πατρός.

1991 2059 2062 2112 Ἢ
2101 2058 2203 2114 οὐκ
2237 2058 2414 2131 ὀρθῶς
2447 2074 2531 2113 σοι
2568 2058 2743 2114 ταῦτα
2780 2058 2947 2128 φάναι
2987 2076 3049 2113 τε
3087 2060 3189 2116 καὶ
3233 2062 3584 2136 ἐννενοῆσθαι

1986 2147 2206 2216 δοκοῦν;

2058 2239 2120 2297 Β.
2141 2239 2479 2296 Παντάπασι
2505 2241 2605 2313 μὲν
2628 2237 2741 2298 οὖν.
3199 2285 3210 2296 .

2056 2352 2121 2409 Α.
2163 2351 2224 2407 ‘0
2254 2349 2313 2408 δὲ
2343 2351 2408 2424 δὴ
2439 2351 2552 2407 τῶν
2586 2352 2746 2407 θείων
2772 2354 2906 2426 ημῖν
2939 2352 3259 2426 μυστηρίων
3295 2353 3582 2428 ίερουργδς

1999 2439 2274 2511 Ἰωάννης,
2295 2441 2425 2495 ὅταν
2444 2442 2526 2506 εἰς
2557 2442 2721 2513 μέσον
2743 2443 2868 2514 ἣκει
2898 2439 3039 2512 βοῶν
3068 2444 3288 2514 περίτι
3317 2443 3460 2501 Θεοῦ
3489 2445 3571 2502 καί

1984 2530 2182 2603 ἡμῶν*
2212 2549 2235 2584 ι
2273 2529 2362 2585 Ἔν
2403 2530 2581 2602 τούτῳ
2623 2530 2988 2602 γινώσκομεν,
3015 2531 3101 2585 ὅτι
3135 2533 3196 2587 ἐν
3238 2533 3378 2606 ἡμῖν
3402 2534 3573 2600 ἐστιν,

1982 2622 2065 2676 δτι
2092 2623 2158 2676 ἐκ
2181 2620 2277 2675 τοῦ
2312 2621 2627 2692 Πνεῦματος
2651 2622 2815 2676 αὐτοῦ
2858 2622 3058 2678 ἔδωκεν
3099 2626 3252 2696 ἡμῖν,
3275 2643 3298 2677 ι
3345 2625 3468 2688 πῶς
3500 2625 3566 2679 οὔ

1982 2711 2263 2778 παντελῶς
2303 2712 2687 2785 ἀταλαίπωρον
2722 2714 2850 2768 ίδεῖν
2875 2716 2959 2770 ὅτι
3004 2715 3139 2782 Θεὸς
3155 2713 3420 2786 ἀληθινὸς,
3457 2713 3556 2771 καὶ

1979 2806 2080 2875 τῆς
2106 2801 2202 2858 τοῦ
2222 2801 2357 2856 Θεοῦ
2384 2803 2476 2855 καὶ
2501 2802 2715 2873 Πατρὸς
2733 2802 2923 2867 οὐσίας
2946 2802 3334 2875 ἐκπεφοίτηκεν
3353 2803 3385 2857 ὁ
3399 2801 3562 2870 Υἱὸς,

1979 2896 2139 2967 εἰπερ
2163 2893 2308 2948 ἐστὶν
2336 2893 2413 2958 ὡς
2436 2893 2591 2960 Θεὸς,
2623 2896 2718 2949 καὶ
2742 2895 2840 2966 οὐχ
2868 2896 3057 2967 ἕτερόν
3081 2913 3159 2963 τι,
3194 2894 3482 2951 κατοικοῦν
3507 2895 3570 2950 ἐν

1978 2985 2131 3056 ἡμῖν,
2171 2981 2236 3038 τὸ
2263 2982 2492 3056 Πνεῦμα
2533 2984 2736 3050 αὐτοῦ;
2770 2984 2884 3039 Καὶ
2923 2986 3063 3055 πρός
3100 3002 3167 3056 γε
3191 2984 3376 3057 τούτῳ
3403 2985 3570 3071 φημὶ,

298 3076 349 3129 in
373 3090 480 3144 quo
541 3085 789 3131 naturam
846 3091 1029 3132 rerum
1084 3089 1396 3134 creatarum
1431 3081 1673 3139 viviticat
1708 3094 1873 3156 atque
1899 3098 1946 3157 (ξ,
1976 3078 2026 3128 εἰ
2046 3076 2107 3130 τὸ
2134 3075 2359 3148 Πνεῦμα
2384 3075 2481 3130 τοῦ
2505 3077 2641 3132 Θεοῦ
2680 3078 2774 3131 καὶ
2801 3078 3036 3149 Πατρδς,
3059 3082 3121 3134 ἐν
3149 3072 3196 3149 ᾧ
3222 3078 3326 3152 τὴν
3355 3080 3466 3135 τῶν
3491 3082 3575 3147 ⁸1⁴

293 3166 888 3236 sanctiticat,proprius
920 3176 1006 3222 est
1043 3182 1260 3238 quoqne
1291 3168 1452 3236 Filii,
1505 3175 1631 3242 quis
1656 3174 1714 3230 in
1750 3185 1874 3233 tan-

293 3262 406 3308 tam
465 3256 668 3311 mentis
733 3259 1200 3328 perturbationem
1265 3263 1449 3317 veniet
1502 3278 1762 3335 unquam,
1814 3275 1875 3323 ut

292 3346 492 3401 sentiat
523 3357 621 3402 aut
668 3349 817 3404 dicat
849 3364 972 3404 cum
1014 3352 1584 3430 consubstantialitate
1620 3371 1743 3413 cum
1763 3357 1874 3416 Deo

290 3436 452 3492 Patre
499 3440 751 3495 orbatum
802 3456 946 3508 esse,
1001 3444 1147 3499 etin
1200 3454 1578 3502 creaturarum
1646 3463 1873 3508 numero

289 3530 524 3596 censeri,
539 3536 597 3587 et
617 3546 723 3588 non
753 3545 814 3587 ea
831 3548 952 3603 ηοω
972 3535 1191 3604 propria
1207 3544 1408 3592 suntet
1428 3538 1629 3593 eximia
1659 3538 1859 3597 divinae

289 3630 497 3678 naturae
525 3623 639 3678 suis
680 3623 878 3681 finibus
921 3634 1103 3681 emota
1137 3635 1405 3682 creaturas
1451 3644 1559 3684 non
1585 3629 1867 3700 largiatur,

288 3720 346 3768 ut
359 3713 472 3782 jam
523 3713 729 3769 nullum
785 3717 856 3771 sit
883 3718 1198 3784 discrimen,
1233 3718 1328 3773 sed
1368 3719 1599 3789 perinde
1639 3722 1870 3781 illustris

285 3805 359 3861 sit
384 3813 632 3863 creatura
681 3817 848 3878 atque
897 3819 1093 3865 natura
1136 3810 1228 3865 ilia
1273 3825 1394 3880 quae
1420 3825 1599 3867 reruni
1625 3817 1866 3873 omnium

285 3899 623 3955 dominatum
650 3899 896 3955 obtinet?

351 4011 413 4069 B.
445 4012 673 4069 Lubrica
692 4027 778 4068 res
794 4014 1058 4085 profecto.
1086 4015 1272 4072 Nonne
1290 4019 1316 4071 ζ’

350 4126 417 4178 Δ.
443 4123 610 4192 igitur
645 4140 769 4180 cum
810 4123 994 4180 Patris
1032 4126 1460 4197 proprietatibus
1504 4134 1858 4202 conspicuum

280 4215 421 4285 apud
450 4214 613 4287 493
661 4230 850 4271 sacras
901 4215 1215 4286 Scripturas
1268 4220 1453 4275 videre
1482 4223 1557 4277 sit
1606 4224 1862 4295 Unigeni-

282 4317 417 4373 tum,
442 4308 694 4376 agedum,
738 4307 860 4362 aliis
928 4318 1190 4378 practerea
1258 4309 1504 4369 collectis
1558 4316 1858 4375 rationibus

1976 3165 2037 3220 τὸ
2068 3162 2205 3221 εἶναι
2242 3167 2741 3240 παρενηνεγμὲνων
2798 3168 3054 3234 ζωοποιεῖ
3095 3185 3159 3225 τε
3209 3172 3307 3226 καὶ
3353 3172 3573 3243 ἁγιάζει

1977 3255 2160 3327 φύσιν,
2185 3256 2314 3314 ἴδιόν
2340 3262 2460 3315 ἐστι
2485 3262 2580 3315 καὶ
2607 3260 2703 3315 τοῦ
2744 3260 2897 3328 Υίοῦ,
2924 3262 3009 3326 τίς
3037 3261 3107 3317 ἂν
3131 3265 3216 3328 είς
3249 3262 3416 3320 τοῦτο
3445 3280 3572 3338 προ-

1974 3350 2096 3421 ήκοι
2129 3350 2473 3423 χυδαιότητος
2505 3352 2781 3425 λογισμῶν
2812 3354 2888 3418 ὡς
2936 3357 3077 3409 νοεῖν
3122 3355 3157 3428 ἢ
3193 3358 3408 3428 φράσαι
3428 3396 3446 3423 ,
3476 3360 3568 3433 τῆς

1972 3442 2112 3512 πρὸς
2154 3443 2375 3515 Πατέρα
2420 3443 2555 3497 Θεὸν
2603 3446 3022 3517 ὀμοουσιότητος
3064 3449 3562 3523 ἐκπεφοιτηκὲναι,

1971 3533 2067 3587 καὶ
2086 3531 2261 3586 τελεῖν
2282 3534 2339 3586 ἐν
2368 3535 2652 3604 κτίσμασι,
2682 3538 2777 3589 καὶ
2802 3537 2926 3607 οὐχὶ
2950 3537 3018 3591 τὰ
3044 3536 3149 3608 τῆς
3171 3536 3333 3605 θείας
3353 3538 3565 3611 φύσεως

1972 3621 2078 3677 ῑδια
2107 3625 2204 3677 καὶ
2252 3623 2509 3695 ἐξαίρετα
2550 3625 2658 3680 τῶν
2692 3627 2896 3698 ταύτης
2935 3629 3078 3699 ὅρων
3119 3628 3324 3694 ἐξοίσει
3368 3648 3435 3686 τι
3473 3629 3562 3686 καὶ

1968 3716 2240 3783 χαριεῖται
2288 3717 2354 3786 τῇ
2403 3715 2605 3781 κτίσει,
2650 3716 2727 3780 ὡς
2764 3718 2990 3789 ὁρᾶσθαι
3028 3719 3217 3774 λοιπὸν
3250 3723 3315 3776 τὸ
3350 3723 3559 3796 παραλ-

1966 3801 2157 3858 λάττον
2177 3806 2353 3872 οὐδὲν,
2377 3807 2678 3879 ίσομὲτρως
2706 3809 2765 3862 δέ
2799 3807 2936 3864 εἶναι
2971 3811 3255 3884 λαμπρὰν,
3289 3817 3473 3872 κτίσιν
3497 3830 3555 3871 τι

1968 3894 2061 3948 καὶ
2089 3895 2270 3965 φύσιν,
2299 3892 2333 3970 ᾖ
2357 3898 2419 3951 τὸ
2451 3900 2591 3954 κατὰ
2617 3902 2833 3956 πάντων
2865 3902 3042 3957 ἔνεστι
3081 3905 3320 3974 κράτος;

2033 4006 2094 4059 Β.
2125 4009 2397 4080 Σφαλερὸν
2421 4009 2480 4063 τὸ
2504 4011 2709 4082 χρῆμα.
2739 4012 2865 4077 Πῶς
2897 4012 3004 4085 γὰρ
3026 4013 3123 4082 00,-

2030 4120 2095 4172 A.
2129 4119 2360 4187 Οὐκοῦν,
2390 4123 2690 4194 ἐπειδήπερ
2718 4127 2831 4190 τοῖς
2865 4127 2961 4180 τοῦ
3004 4129 3220 4201 Πατρὸς
3266 4132 3540 4208 &trimam

1959 4208 2510 4282 ἐκλελαμπρυσμένον
2564 4216 2715 4287 παρά
2760 4233 2824 4284 γε
2880 4221 2992 4282 τοῖς
3036 4220 3204 4291 ίεροῖς
3247 4223 3541 4299 spati-uus

1958 4298 2299 4371 καταθρήσαι
2331 4318 2417 4365 τις
2453 4302 2519 4356 ἂν
2559 4299 2618 4358 εὖ
2649 4305 2794 4375 μάλα
2821 4306 2911 4361 τὸν
2938 4310 3241 4384 Μονογενῆ,
3284 4315 3426 4389 φέρι
3457 4310 3535 4379 δή,

279 4397 550 4451 inssrmam
604 4406 658 4452 et
705 4396 975 4466 stupidam
1037 4399 1473 4456 adversariorum
1526 4409 1852 4464 sententiam
1882 4437 1928 4492 D
1958 4389 2114 4462 φέρεν
2142 4391 2239 4445 καὶ
2270 4393 2465 4465 ἑτέρας
2503 4398 2715 4462 ἐννοίας
2755 4402 2869 4464 τοῖς
2899 4403 3209 4475 amp-3⁹0⁸<
3255 4408 3532 4464 ἕπῑσυὶὶὲ·

275 4503 669 4558 expugnemus,
703 4498 759 4544 et
794 4487 848 4542 in
889 4488 1125 4542 medium
1182 4489 1472 4550 afferamus
1509 4511 1573 4551 ea
1602 4512 1698 4567 per
1731 4515 1853 4570 quae
1956 4496 2172 4550 Υοντῑςν
2216 4483 2307 4537 τὸν
2354 4485 2558 4559 ἀδρανῆ
2593 4489 2686 4542 καὶ
2719 4491 3070 4565 ἀπόπληκτον
3102 4496 3214 4552 τῶν
3242 4499 3529 4565 &amittat

274 4590 531 4647 appareat
560 4589 615 4635 et
642 4593 796 4648 aeque
845 4580 1057 4648 operari
1088 4589 1143 4636 et
1173 4597 1325 4653 aequc
1353 4585 1557 4654 poliere
1594 4603 1662 4645 ac
1707 4589 1851 4646 Deus

272 4678 327 4724 et
353 4668 533 4736 Pater,
598 4670 796 4741 quippe
861 4684 985 4725 cum
1029 4669 1104 4726 sit
1138 4670 1301 4739 Deus,
1376 4690 1483 4729 non
1528 4690 1593 4732 ex
1663 4692 1846 4734 eorum

272 4760 465 4816 ordino
499 4761 591 4830 qui
626 4776 691 4816 eo
725 4776 820 4832 per
851 4763 1087 4832 gratiam
1123 4763 1376 4828 veniunt,
1422 4780 1599 4836 neque
1646 4770 1848 4825 extrin-

269 4859 429 4901 secus
481 4847 718 4918 acceptis
772 4846 1073 4903 honoribus
1125 4850 1486 4920 conspicuus,
1537 4854 1631 4907 sed
1680 4868 1841 4912 verus

269 4937 469 5010 potius,
512 4938 712 5008 quique
759 4953 827 4993 ne
861 4938 944 4993 vel
994 4939 1284 4995 minimum
1336 4942 1552 5011 quidem
1615 4944 1841 5002 inferior

264 5036 354 5085 est
391 5025 666 5084 Genitoris
710 5027 1007 5084 eminentia
1056 5044 1274 5086 omnem
1322 5041 1630 5089 creaturam
1674 5049 1840 5106 supe-

267 5128 442 5176 rante.

330 5317 395 5375 B.
422 5319 853 5391 Hagnicerte,o
882 5322 1045 5386 bone,
1103 5323 1216 5380 imo
1260 5326 1477 5397 plurimi
1522 5329 1830 5390 faciendum

261 5406 404 5461 istud
437 5423 536 5476 ego
555 5408 806 5464 dixerim.

330 5494 398 5552 Α.
429 5494 796 5555 Existimasne
823 5499 1011 5571 igitur,
1058 5499 1256 5568 amice,
1296 5500 1464 5559 licere
1513 5506 1678 5562 alicui
1749 5523 1828 5565 ret

329 5695 374 5727 ⁸⁸
406 5693 593 5751 Matth.
626 5711 722 5765 vu,
756 5695 849 5754 ΞΟ.
923 5699 982 5744 ⁸³·
1005 5698 1195 5759 Matth.
1239 5717 1293 5768 x,
1320 5701 1407 5760 20.

1486 5705 1709 5764 “Rom.
1752 5725 1868 5781 vttt,
1918 5711 1971 5778 9,
2010 5712 2095 5768 10.

1957 4572 2400 4646 ἐκπολιορκῶμεν
2428 4576 2587 4648 λόγον
2607 4619 2623 4645 ,
2651 4583 2745 4635 καὶ
2777 4585 3112 4657 παραθῶμεν
3143 4590 3228 4653 είς
3257 4592 3427 4662 μέσον
3446 4593 3524 4657 τὰ.

1955 4663 2027 4717 δι’
2062 4657 2138 4718 ὧν
2169 4665 2235 4721 ἂν
2283 4669 2521 4735 φαίνοιτο
2568 4673 2663 4726 καὶ
2696 4675 2946 4747 ίσουργὸς
2995 4679 3091 4733 καὶ
3138 4681 3426 4758 ίσοσθενὴς
3455 4683 3525 4756 τῷ

1954 4754 2073 4826 Θεῷ
2096 4757 2191 4811 καὶ
2213 4759 2406 4830 Πατρὶ,
2434 4763 2528 4816 καὶ
2555 4763 2684 4835 μὴν,
2703 4765 2798 4819 καὶ
2818 4768 2970 4834 Θεὸς,
2987 4770 3046 4824 οὐ
3071 4773 3187 4837 τοῖς
3212 4775 3360 4831 κατὰ
3379 4777 3525 4848 χάριν

1953 4848 2033 4911 είς
2060 4847 2219 4902 τοῦτο
2251 4851 2489 4923 ίγμένοις
2514 4855 2825 4928 ἐναρίθμιος
2847 4859 2945 4926 ὢν,
2967 4860 3091 4916 οὔτε
3124 4865 3236 4935 μὴν
3262 4867 3525 4931 εὐκλείαις

1947 4942 2070 5004 ταῖς
2108 4941 2307 5007 ἔξωθεν
2356 4946 2855 5019 κατηγλαῖσμένος,
2898 4952 3153 5023 ἀληθινὸς
3194 4955 3256 5012 δέ
3310 4960 3521 5031 μᾶλλον,

1946 5035 2043 5086 καὶ
2067 5034 2151 5101 τὸ,
2179 5036 2322 5091 κατά
2343 5054 2397 5092 τι
2424 5040 2554 5108 γοῦν
2585 5041 2724 5106 ὅλως
2752 5049 3185 5115 μειονεκτεῖσθαι
3211 5052 3405 5123 φυγὼν
3431 5052 3522 5123 τῆς

1941 5124 2037 5178 τοῦ
2069 5127 2318 5193 τεκόντος
2351 5130 2644 5204 ὑπεροχῆς,
2687 5129 2871 5207 ἧσπερ
2909 5137 3126 5210 ἀνέχειν
3166 5145 3348 5198 νοοῖτο
3389 5145 3522 5200 κατὰ

1942 5218 2142 5282 παντὸς
2182 5221 2462 5292 γεννητοῦ.

2012 5329 2074 5382 Β.
2124 5329 2211 5394 Ὦς
2250 5331 2448 5388 πολλοῦ
2480 5351 2568 5405 γε,
2616 5331 2664 5393 ὦ
2705 5341 2827 5405 τᾶν,
2872 5341 3072 5414 μᾶλλον
3097 5344 3155 5399 δέ
3185 5346 3288 5401 τοῦ
3321 5346 3514 5410 παντὸς

1941 5417 2109 5484 ἄξιον,
2142 5421 2308 5494 φαίην
2338 5424 2386 5478 δ’
2415 5423 2483 5479 ἂν
2508 5426 2684 5497 ἔγωγε
2709 5432 2877 5486 τουτί.

2009 5510 2076 5564 Δ.
2117 5512 2230 5567 Οἴει
2256 5514 2323 5587 δὴ
2350 5512 2465 5583 οῦν,
2494 5510 2540 5571 ὦ
2565 5518 2768 5591 ἐταῖρε,
2804 5494 3307 5594 μετεῖναῖτινιτῶν
3329 5530 3514 5600 κεκλη-

2178 5716 2223 5748 ⁸⁸
2246 5717 2264 5773 Ι
2287 5713 2441 5774 Joan.
2471 5734 2544 5786 tv,
2583 5721 2669 5777 15.
3503 5778 3544 5817 „2
