3809 6125
275 282 414 342 1397

1191 283 1482 342 senous
1522 284 1610 342 ΒΕ
1644 284 2168 345 ΙΝΕΑΒΝΔΤΙθΝΕ
2210 292 2580 353 umet-:Nun

3394 300 3531 355 1398

266 405 448 462 anima
475 413 531 460 et
561 418 807 474 corpore.
837 402 1060 461 Factum
1095 413 1182 461 est
1221 414 1399 460 autem
1432 405 1689 471 Verbum,
1718 421 1841 461 cum
1870 408 1924 465 Α.
1950 410 2079 466 rav
2138 411 2246 468 οἵδε
2313 415 2574 488 μονογενῆ
2619 413 2709 470 τὸν
2781 416 2925 473 enim
2968 430 3131 470 unum
3171 429 3292 471 esse
3337 412 3530 469 Filium

265 498 340 554 sit
364 496 527 563 Deus,
554 498 713 553 bomo
730 495 1024 569 perfectus,
1038 491 1234 565 corpus
1256 499 1526 569 accipiens
1547 498 1846 553 animatum

264 598 324 644 et
362 589 705 656 rationabile,
751 589 911 659 idque
938 588 1042 644 sibi
1074 603 1200 646 vere
1223 590 1487 646 adunavit
1525 609 1539 647 :
1577 593 1850 660 quomodo

269 684 385 753 ipse
417 681 577 746 sciat,
607 682 810 737 nostris
841 684 985 738 enim
1022 682 1271 739 sensibus
1302 684 1610 754 hujusmodi
1640 684 1848 754 cogita-

269 775 444 831 tiones
468 774 689 829 omnino
707 776 859 830 cerni
889 789 997 830 non
1015 783 1240 844 possunt
1269 783 1368 831 :et
1386 776 1740 845 ‘nuncupatus
1768 787 1852 831 est

268 865 436 921 filius
472 866 729 923 bominis.

339 957 447 1014 Sed
475 958 520 1013 si
549 967 763 1028 oportet
791 968 1048 1030 tanquam
1084 959 1139 1015 in
1163 960 1749 1039 speculantintuentes
1768 961 1854 1018 di-

266 1063 420 1117 cere,
449 1048 722 1117 conjectat
749 1048 932 1121 aliquo
963 1049 1128 1107 modo
1163 1064 1357 1107 sensus
1420 1052 1713 1118 humanus,
1747 1053 1844 1107 ad·

275 1150 501 1196 nuatum
533 1139 704 1196 fuisse
731 1140 970 1197 Verbum
990 1143 1204 1213 corpori
1240 1142 1461 1200 habenti
1494 1144 1731 1200 animam
1763 1157 1852 1199 ra·

276 1232 586 1288 tionabilem
617 1231 854 1302 qualiter
877 1234 1044 1289 etiam
1073 1233 1311 1289 bominis
1334 1233 1572 1290 animem
1603 1249 1703 1290 suo
1732 1249 1853 1290 cor-

275 1322 418 1394 pori,
443 1322 614 1393 ipsam
638 1323 856 1394 quidem
883 1325 1112 1380 diversae
1137 1334 1364 1393 naturae,
1395 1324 1645 1381 sortitam
1676 1334 1853 1382 tamen

276 1414 710 1470 communionem
747 1414 1241 1484 adunationemque
1293 1429 1416 1470 curu
1468 1427 1732 1486 corpore3
1797 1426 1856 1469 ut

274 1517 415 1574 pene
441 1502 690 1559 videatur
719 1518 828 1559 nou
857 1518 982 1561 esse
1009 1503 1115 1559 alia
1139 1512 1336 1575 praeter
1365 1518 1585 1574 corpus,
1614 1518 1682 1561 eo
1709 1505 1855 1575 quod

277 1608 376 1664 per
403 1594 850 1664 compositionem
881 1610 948 1650 ex
974 1602 1204 1665 utroque
1228 1595 1430 1650 animal
1463 1607 1630 1650 unum
1659 1589 1859 1652 eficia-

1952 506 2133 577 σάρκα
2202 506 2497 578 γενόμενον
2521 548 2537 575 ,
2612 507 2711 562 καὶ
2783 507 3113 577 unigenitum
3140 521 3360 563 carnem
3416 504 3531 562 l'ac-

1950 596 2468 670 ὲνανθρωπήσαντα.
2783 608 2917 663 tum,
2947 606 3001 653 et
3027 598 3324 654 bominem.

2026 688 2105 761 (2)
2137 689 2315 746 Carne
2337 701 2515 747 autem
2552 692 2685 747 milti
2712 692 2924 747 videtur
2955 676 3173 747 divinus
3195 689 3532 760 Evangelieta

1957 787 2125 834 totatn
2159 780 2439 853 sapienter
2473 790 2724 836 naturam
2770 781 3049 837 hominum
3097 780 3382 835 nominare
3410 795 3427 834 ι
3453 779 3555 833 ait·

1953 870 2100 926 enim
2130 868 2367 927 Verbum
2398 870 2729 927 inhabitasse
2760 872 2813 926 in
2845 873 3022 938 nobis,
3052 885 3161 927 non
3191 868 3439 934 alterius,
3474 878 3535 922 ut

1953 975 2053 1033 ego
2078 962 2293 1032 opinor,
2319 962 2515 1034 gratia,
2543 963 2968 1018 incarnationem
2986 960 3150 1017 Verbi
3173 960 3371 1015 lactant
3393 973 3562 1025 esse‚.

1955 1066 2423 1121 commemorans;
2461 1054 2565 1109 nisi
2590 1062 2650 1108 ut
2677 1054 2841 1108 etiam
2864 1066 2984 1118 nos,
3010 1051 3334 1122 participatu
3366 1050 3557 1120 ipsius-

1954 1161 2054 1217 per
2089 1145 2355 1218 Spiritum
2390 1156 2637 1202 sanctum
2665 1144 3000 1214 locupletati,
3033 1136 3343 1211 adoptionis
3378 1143 3540 1197 bene-

1958 1238 2137 1294 ficium
2166 1238 2522 1295 lucraremur.
2559 1237 2732 1310 igitur
2763 1238 2820 1292 in
2854 1236 3075 1293 Christo
3103 1236 3367 1290 unitatem
3392 1246 3541 1289 sunt·

1959 1344 2102 1384 mam
2131 1344 2422 1399 veramque
2443 1329 2715 1386 credimus
2742 1327 2960 1383 laetam.
2988 1325 3083 1381 Sin
3105 1336 3287 1382 autent
3310 1325 3361 1379 in
3388 1322 3542 1379 nobis

1958 1417 2210 1475 Christus
2240 1416 2542 1473 inhabitare
2566 1417 2807 1483 dicatur,
2841 1414 3097 1487 σχετικὴν
3129 1415 3245 1486 ipse
3271 1411 3429 1468 saciet
3459 1411 3543 1465 in·-

1960 1508 2377 1565 habitationem.
2402 1505 2520 1564 Non
2549 1516 2729 1563 autem
2763 1521 2886 1561 cum
2922 1506 3063 1561 Deus
3088 1504 3292 1561 dicitur
3329 1501 3543 1558 inhabi*

1959 1610 2106 1656 tasse
2137 1601 2190 1655 in
2223 1598 2444 1655 Christo
2473 1616 2492 1654 ι
2532 1617 2551 1651 ι
2589 1596 2913 1655 inhabitavit
2943 1609 3177 1666 namque
3198 1595 3252 1649 in
3276 1608 3343 1649 eo
3370 1592 3558 1648 omnis-

280 1694 389 1752 tur‚
420 1694 672 1742 manente
699 1695 880 1748 tamen
907 1685 1045 1756 ipsa,
1078 1695 1138 1742 ut
1172 1696 1299 1742 ante
1328 1686 1648 1752 memoravi,
1676 1685 1729 1740 in
1758 1701 1853 1741 sua
1961 1687 2239 1758 plenitudo
2268 1689 2574 1745 divinitatis
2606 1687 3037 1757 corporaliter⁸3
3069 1706 3087 1740 ι
3122 1702 3231 1742 non
3262 1700 3361 1756 per
3382 1683 3547 1755 parti-

279 1786 497 1830 natura.
525 1776 670 1843 Ergo
715 1791 821 1831 non
867 1790 965 1846 per
994 1776 1472 1833 commutationem
1503 1787 1599 1831 aut
1628 1789 1857 1834 eonver-
1887 1742 1930 1798 B
1955 1778 2216 1848 cipatum,
2248 1781 2329 1834 trel
2364 1779 2551 1852 σχέσιν
2573 1781 2899 1851 simplicem,
2935 1779 3107 1849 quasi·
3127 1778 3243 1834 sole
3268 1776 3545 1836 illucente.

279 1864 487 1922 Sionem
518 1865 789 1920 homiuem
815 1863 1019 1920 sactum
1058 1864 1149 1918 ⁰¹⁵5
1178 1864 1413 1920 dicimus
1442 1863 1716 1930 Verbum
1754 1880 1854 1919 nec
1957 1882 2053 1929 aut
2079 1873 2202 1945 igne
2237 1870 2462 1927 insitum
2492 1872 2597 1927 sibi
2624 1871 2857 1927 calorem
2885 1870 3006 1926 allis
3037 1868 3391 1934 immittente3
3428 1867 3546 1928 sed.

283 1969 527 2026 9¹⁰f⁸¹¹82
556 1955 698 2025 (ΙῑῑθὶΙ
731 1954 1023 2011 [ΕΜ-8880
1050 1954 1304 2023 ὖθδῑθΐῑῑῖ
1332 1954 1426 2011 ⁸⁶¹¹
1457 1955 1600 2025 ‘1¹¹⁰d
1630 1969 1854 2011 amem
1959 1973 2020 2020 ut
2050 1966 2123 2022 ita
2152 1964 2352 2033 dicam,
2395 1963 2512 2034 ipsa
2557 1964 2739 2020 divina
2785 1965 3107 2033 sinceraque
3140 1970 3360 2023 natura,
3398 1958 3549 2029 juxta

284 2046 555 2115 aoetptens
594 2063 662 2104 ex
695 2048 940 2116 muliere,
968 2058 1025 2104 et
1049 2047 1100 2105 ei
1131 2063 1196 2104 ex
1227 2058 1383 2103 utero
1409 2053 1700 2111 adunatus.
1725 2050 1859 2103 exiit
1960 2064 2132 2113 totum
2166 2056 2222 2111 id
2252 2056 2395 2127 quod
2425 2064 2531 2119 est,
2562 2054 3010 2110 inhabitationem
3039 2052 3141 2108 sun
3172 2052 3427 2119 faciente,
3453 2065 3551 2121 per

287 2138 448 2195 bomo
481 2140 620 2195 idem
652 2141 814 2201 simul
845 2150 899 2197 et
941 2142 1112 2209 Deus;
1142 2154 1322 2213 neque
1362 2140 1455 2196 Dei
1486 2153 1541 2196 et
1568 2140 1744 2197 Patris
1771 2157 1862 2211 ge-
1964 2160 2175 2213 veram,
2202 2154 2262 2199 ut
2288 2154 2416 2199 ante
2441 2144 2701 2208 diximus,
2736 2142 3024 2206 unitatem,
3066 2141 3121 2195 in
3159 2140 3359 2211 templo
3408 2138 3550 2210 qnod

285 2229 625 2285 ner-ationem
663 2239 920 2287 oeteruam
959 2233 1275 2304 projiciens,
1304 2230 1559 2288 sustinuit
1593 2241 1864 2303 tempora-
1965 2245 2049 2291 est
2077 2246 2261 2291 natum
2293 2250 2361 2291 ex
2388 2234 2609 2306 Virgine
2636 2249 2653 2289 ι
2686 2235 2760 2290 ita
2795 2233 2938 2289 enim
2975 2248 3119 2288 unus
3160 2242 3216 2288 et
3244 2240 3350 2299 est,
3377 2238 3439 2285 et
3468 2228 3551 2285 in-

287 2320 412 2387 tem,
441 2336 508 2377 ex
540 2322 766 2380 muliere
794 2323 921 2381 inde
966 2324 1204 2389 initium,
1241 2334 1304 2379 ut
1347 2336 1512 2387 esset.
1568 2322 1862 2395 accipiens.
1970 2327 2228 2398 telligitur
2248 2326 2500 2382 cbristus
2529 2325 2711 2383 lesus.

286 2412 641 2469 Permittebat
679 2426 862 2471 autem
888 2417 1038 2470 carni
1077 2417 1310 2486 propriae
1347 2431 1460 2472 suae
1495 2425 1703 2472 naturae
1735 2417 1866 2487 legi·
2040 2421 2196 2488 Quod
2226 2433 2355 2477 vero
2390 2420 2441 2474 in
2468 2418 2879 2487 expressionum
2911 2432 3118 2474 summa
3163 2424 3346 2471 noster
3375 2428 3556 2469 sermo

287 2506 387 2562 bus
432 2506 603 2571 nasci,
647 2507 950 2563 nativitatis
994 2507 1208 2563 ratione
1255 2508 1540 2562 duntaxat.
1590 2506 1865 2564 Caeterum
1970 2512 2239 2576 vincatur,
2265 2523 2373 2565 non
2401 2509 2644 2578 negab03
2687 2510 2782 2565 sed
2812 2524 2922 2565 nou
2966 2508 3172 2563 idcirco
3200 2505 3402 2563 Christi
3443 2518 3557 2574 my-

289 2596 450 2652 babet
482 2597 537 2652 iu
587 2611 648 2652 se
689 2597 893 2668 aliquid
926 2599 998 2653 ab
1055 2598 1287 2653 bumana
1330 2607 1526 2655 natura
1554 2598 1821 2656 dissimile
1850 2617 1865 2653 ι
1971 2599 2195 2653 sterium
2220 2612 2329 2653 non
2360 2598 2653 2666 credatur;
2678 2599 2775 2653 sed
2807 2597 2980 2668 magis
3003 2597 3074 2653 sit
3110 2597 3307 2651 merito
3340 2593 3559 2648 mirabi-

289 2698 449 2744 natus
477 2699 558 2746 est
580 2693 723 2746 enim
747 2706 813 2748 ex
839 2690 1155 2763 virginem
1176 2691 1324 2748 solus
1353 2692 1513 2748 habet
1534 2685 1617 2769 (t)
1632 2702 1868 2749 matrem
1972 2689 2098 2746 lius.
2127 2688 2340 2757 Quanto
2374 2690 2519 2745 enim
2554 2689 2699 2743 omni
2730 2697 2816 2743 est
2858 2694 3037 2743 mente
3076 2685 3327 2755 superius
3363 2692 3419 2740 et
3447 2697 3559 2738 ser·

291 2780 604 2852 innuptam3
649 2782 850 2840 lactum
899 2793 1078 2841 autem
1108 2784 1289 2855 ipsum
1328 2784 1494 2841 etiam
1535 2797 1781 2852 cat-uem,
1818 2798 1874 2845 et
1974 2796 2157 2849 mone,
2185 2792 2337 2838 tauto
2368 2781 2539 2853 magis
2566 2780 2707 2836 ultra
2748 2793 2965 2836 omnem
3012 2776 3430 2833 admirationem
3463 2789 3559 2843 po·

243 2902 252 2911 ·
292 2872 345 2927 in
380 2874 535 2930 nobis
585 2875 941 2945 inhabitasse,
977 2877 1311 2950 evangelista
1361 2883 1769 2947 commemorat,
1813 2890 1876 2935 ut
1977 2876 2211 2932 nendum
2246 2883 2349 2930 est.

292 2975 522 3033 utreque
547 2967 949 3035 comprobaret,
974 2967 1259 3024 etinctum
1297 2966 1466 3024 luisse
1499 2969 1798 3036 bominem,
1821 2979 1876 3026 et
2047 2965 2280 3022 Carnem
2330 2944 2470 3021 vero·
2493 2963 2695 3021 lactum
2744 2963 3007 3027 Verbum,
3042 2956 3099 3013 id
3149 2965 3251 3022 est,
3285 2954 3561 3011 bominem

301 3070 458 3108 suum
487 3069 595 3108 non
624 3057 926 3124 perdidisse
953 3075 968 3113 ι
994 3059 1195 3115 mansit
1215 3060 1358 3114 enlm
1382 3061 1530 3130 quod
1560 3071 1699 3118 erat.
1908 3083 1954 3146 C
1983 3057 2310 3132 perfectum,
2339 3072 2446 3114 non
2474 3056 2710 3112 dicimus
2763 3067 3019 3110 mensura
3053 3049 3300 3121 corporis
3324 3056 3562 3114 compre-

393 3140 719 3211 lntelligitur
814 3159 1052 3215 namque

299 3242 445 3288 eene
493 3241 754 3300 tanquam
804 3235 948 3292 aliud
995 3237 1051 3291 in

301 3323 406 3379 alio
475 3325 801 3394 inhabitare,
854 3327 906 3383 id
945 3338 1049 3392 est,

301 3415 480 3472 diviua
509 3428 696 3473 nutura
728 3419 785 3473 in
815 3419 1055 3475 humini-

301 3517 444 3573 tnte‚
482 3523 588 3565 non
629 3525 882 3583 perpessa
911 3525 1060 3569 com·-

302 3600 645 3666 mixtionem,
666 3612 761 3658 aut
781 3602 1059 3660 conlusio·

266 3708 427 3748 ⁴nem
452 3733 469 3759 ‚
527 3705 622 3750 aut
674 3697 1059 3753 commutatio-

306 3801 451 3852 nem,
483 3796 544 3841 ut
596 3799 739 3844 esset
774 3791 918 3860 quod
953 3806 1058 3846 non

306 3888 444 3934 erat.
487 3879 755 3949 Quidquid
809 3883 952 3938 enim
1002 3882 1056 3938 iu

306 3967 416 4024 alio
441 3971 682 4027 babitare
703 3973 919 4044 «licitur,
951 3985 1077 4030 nou'

307 4061 482 4129 ipsum
501 4062 870 4136 littale‚quale
886 4075 970 4123 est
1006 4067 1061 4122 id

309 4149 365 4203 iu
386 4166 497 4221 quo
525 4153 767 4222 babitat3
793 4157 890 4211 sed
918 4157 1064 4212 aliud

312 4243 368 4297 in
421 4243 527 4298 alio
576 4245 755 4315 tnagis
818 4247 1070 4318 intelligi·

314 4343 420 4387 tur.
452 4335 522 4389 At
544 4351 675 4390 vero
708 4336 765 4391 in
787 4336 951 4394 Verbi
978 4354 1069 4395 na·

308 4434 435 4480 tura
470 4434 527 4482 et
558 4426 941 4496 humanitatis,
971 4444 1062 4486 no·

318 4516 422 4570 lant
436 4517 590 4573 nobis
601 4517 960 4576 differentiam
973 4522 1067 4577 de-

316 4607 489 4678 signat
525 4611 810 4670 diversitas
847 4624 1067 4671 natura·

318 4715 457 4756 rutn.
478 4701 630 4760 Unus
657 4705 801 4760 enirn
829 4721 892 4762 ex
920 4717 1069 4765 utro-

1193 3147 1413 3201 Νοεῖται
1468 3149 1583 3220 γὰρ
1634 3153 1851 3218 πάντως
1867 3196 1882 3220 ,

1125 3235 1201 3300 ὡς
1243 3235 1432 3309 ἕτερον
1478 3240 1539 3292 ὲν
1576 3240 1747 3314 ἑτέρῳ
1767 3284 1782 3308 ,
1825 3245 1887 3298 τὸ

1126 3326 1439 3391 κατοικοῦν,
1478 3328 1623 3384 τοῦτ’
1647 3331 1819 3397 ἔστιν,
1853 3336 1886 3406 ὴ

1128 3420 1247 3476 θεῖα
1291 3419 1450 3492 φύσις
1502 3423 1563 3476 ἐν
1601 3423 1885 3496 ἀνθρωπό-

1126 3531 1273 3588 τητι,
1290 3517 1382 3570 καὶ
1401 3515 1461 3570 οὒ
1479 3515 1728 3572 παθοῦσα
1758 3536 1889 3592 φυρ-

1135 3609 1256 3681 μὸν,
1285 3609 1318 3682 ἢ
1341 3609 1604 3682 ἀνάχυσῑν
1625 3628 1768 3677 τινα,
1793 3615 1889 3668 καὶ

1136 3703 1490 3774 μετάστασιν,
1520 3701 1619 3776 τὴν
1648 3705 1727 3767 εἰς
1752 3704 1889 3778 ὅπερ

1129 3795 1230 3849 οὐκ
1265 3790 1354 3868 ἦν.
1398 3794 1476 3851 Τὸ
1501 3795 1610 3868 γὰρ
1658 3795 1890 3852 ἐνοικεῖν

1132 3887 1305 3963 ἑτέρῳ
1329 3887 1643 3959 λεγόμενον,
1669 3887 1771 3942 οὐκ
1793 3886 1892 3943 αὒ-

1130 3980 1194 4035 τδ
1208 3979 1451 4052 γέγονεν,
1474 3981 1612 4054 ὅπερ
1636 3980 1754 4035 ἐστὶ
1773 3980 1893 4035 τοῦ·

1133 4084 1216 4133 το,
1233 4069 1291 4122 ὲν
1316 4060 1361 4137 ᾧ
1393 4071 1661 4123 κατοικεῖ·
1685 4071 1888 4125 νοεῖται

1135 4158 1192 4215 δὲ
1205 4159 1405 4232 μᾶλλον
1423 4161 1511 4216 tte
1520 4177 1610 4233 ρον
1625 4163 1683 4216 ὲν
1698 4163 1888 4234 ἑτέρῳ.

1149 4253 1239 4308 Ἔν
1269 4254 1328 4308 δέ
1366 4270 1433 4324 γε
1482 4255 1549 4324 τῇ
1592 4253 1753 4323 φύσει
1797 4252 1892 4307 τοῦ

1143 4349 1342 4418 Λόγου,
1371 4350 1466 4404 καὶ
1491 4348 1590 4421 τῆς
1602 4347 1891 4421 ἀνθρωπό-

1986 3151 2175 3220 bendi,
2208 3151 2261 3206 id
2302 3150 2447 3204 enint
2494 3146 2891 3218 ineptissimum
2918 3154 3040 3213 est;
3076 3143 3174 3199 sed
3223 3138 3447 3210 implere
3488 3135 3563 3192 sir

1989 3258 2203 3316 quoque
2231 3243 2527 3308 credimus,
2564 3241 2703 3297 sicut
2732 3239 2889 3304 solet,
2932 3236 3129 3292 coelum
3165 3245 3220 3290 et
3255 3242 3480 3296 terram,
3512 3236 3563 3284 et

1988 3350 2109 3406 quae
2133 3332 2363 3390 inferius
2390 3331 2565 3405 posita
2599 3338 2727 3387 sunt
2764 3347 2780 3384 ι
2810 3328 2991 3383 otnuia
3023 3326 3224 3383 etenim
3253 3323 3409 3395 plena
3442 3329 3584 3406 sunt·

1989 3427 2121 3493 Deo,
2149 3436 2204 3487 et
2231 3426 2412 3482 omnia
2443 3424 2541 3495 ipsi
2573 3421 2796 3495 parvula
2829 3428 2979 3476 suut.
3011 3420 3081 3473 At
3120 3414 3392 3487 quomodo
3421 3423 3476 3467 et
3512 3412 3566 3466 in

1988 3519 2237 3592 singulis,
2263 3529 2318 3575 et
2343 3517 2398 3574 in
2428 3515 2681 3573 omnibus
2709 3525 2857 3571 totus
2885 3515 2980 3578 sit,
3011 3511 3286 3567 intellectu
3317 3507 3571 3574 dictuque

1989 3609 2204 3667 difficile
2233 3617 2339 3674 est,
2372 3608 2483 3663 imo
2515 3620 2645 3661 vero
2677 3605 2843 3660 etiam
2887 3598 3239 3673 impossibile.
3284 3594 3340 3651 ld
3366 3605 3568 3656 autem,

1990 3713 2052 3758 ut
2075 3702 2369 3772 opinor,eo
2394 3695 2815 3770 possidet‚qnod
2842 3695 3196 3763 incorporeus
3220 3688 3286 3744 si·
3318 3696 3373 3743 et
3402 3684 3573 3741 indis‘

1991 3792 2275 3866 pertibilis.

2060 3882 2345 3952 Proprium
2378 3889 2557 3934 autem
2611 3877 2772 3933 Verbi
2808 3890 3007 3945 corpus
3047 3873 3248 3929 dicitnr
3278 3887 3316 3926 a·
3356 3867 3512 3925 nobis
3554 3884 3570 3922 ι

1992 3990 2099 4032 non
2137 3971 2591 4043 quemadmodum
2626 3966 2880 4039 proprius
2922 3975 3006 4022 est
3040 3962 3274 4020 bominis
3301 3961 3460 4025 risus,
3490 3957 3585 4014 vel-

1989 4066 2116 4139 equi
2142 4064 2414 4129 hinnitus;
2461 4062 2558 4118 scd
2591 4061 2757 4131 quod,
2803 4058 3005 4114 sactum
3036 4056 3207 4127 ipsius
3241 4069 3336 4126 per
3366 4054 3572 4107 aduna-

1995 4159 2194 4217 tionem
2225 4171 2430 4221 veram,
2476 4152 2823 4209 instrumenti
2852 4149 2903 4207 ei
2949 4149 3191 4220 praebeat
3221 4147 3478 4210 officiunt,
3507 4144 3574 4198 ad

1993 4250 2394 4324 exsequendum
2419 4263 2484 4304 ea
2512 4261 2631 4318 quae
2673 4259 2825 4301 more
2862 4241 3023 4298 solito
3055 4249 3331 4312 operatur,
3374 4237 3578 4308 absque

1996 4345 2116 4403 solo
2141 4353 2383 4415 peccato.

1139 4457 1324 4513 τητῦς,
1368 4440 1538 4512 μόνην
1604 4442 1739 4510 ἡμῖν
1797 4456 1894 4511 ση-
1927 4419 1969 4474 ⁰
2064 4435 2160 4492 Sin
2185 4428 2314 4493 vem
2347 4437 2491 4491 Deus
2526 4433 2757 4489 Verbum
2791 4428 2957 4485 etiam
2989 4425 3212 4481 missum
3243 4421 3407 4476 fuisse
3440 4417 3577 4475 l'orte

1141 4531 1323 4603 μαίνει
1360 4531 1624 4604 διαφορὰν
1650 4530 1757 4585 τῶν
1791 4530 1894 4602 φύ-

1138 4641 1276 4678 σεων
1336 4625 1398 4678 τὸ
1460 4623 1734 4697 διάφορον.
1801 4620 1896 4688 Εἷς

1137 4712 1246 4786 γὰρ
1295 4713 1353 4780 ἐξ
1428 4714 1633 4783 ἀμφοῖν
1696 4715 1900 4768 νοεῖται

318 4806 424 4861 que
454 4793 770 4873 intelligitur
796 4799 1066 4859 Clu-istus.
1140 4805 1391 4876 Χριστός.
1418 4801 1630 4860 Οὐκοῦν
1649 4804 1710 4859 τὸ
1725 4803 1894 4875 ἀσύγ·

322 4883 931 4956 Ενςοίιιεοιιῐιιείοιιε,ιιι
945 4905 1073 4949 ante
1143 4918 1305 4972 χυτον
1321 4895 1530 4973 εὗμάλα
1557 4897 1895 4972 τετηρηκὼς,

319 4977 453 5040 dixi.
477 4991 710 5047 servata,
738 4982 1071 5044 inhabitasse
1145 4991 1307 5062 φησὶν
1334 4991 1392 5044 ὲν
1426 4991 1562 5063 ἡμῖν
1593 4990 1900 5061 ἐσκηνωκέ-

324 5067 557 5126 verbnm
579 5073 652 5127 ait
676 5074 726 5128 in
750 5077 904 5132 nobis
933 5096 947 5133 ι
972 5081 1074 5136 seit
1144 5099 1234 5138 ναι
1270 5084 1360 5138 τὸν
1402 5084 1597 5155 Λόγον.
1623 5081 1760 5136 ”Eva
1792 5081 1900 5154 γὰρ

395 5252 418 5280 ⁸
447 5247 655 5306 coloss.
681 5265 742 5316 tt,
781 5254 837 5310 9.

398 5429 480 5498 (ἱ)
518 5430 578 5484 td
627 5443 731 5494 est,
778 5447 895 5486 ‹nae
937 5433 1038 5488 viri
1081 5432 1418 5501 amplexibus
1465 5430 1757 5502 inquinata
1798 5446 1902 5485 non

335 5499 543 5581 finisset.
589 5449 828 5555 Nubcudi
865 5505 1011 5555 enim
1063 5501 1384 5558 vocabulum
1437 5516 1584 5572 serpe
1634 5500 1904 5570 reperitur

336 5585 389 5623 ιιι
420 5569 689 5626 obscenis.
720 5569 856 5627 llinc
891 5572 1015 5625 illud
1042 5587 1105 5626 ex
1141 5571 1429 5638 Evangelio
1467 5573 1526 5625 t).
1566 5570 1728 5625 Marci
1755 5588 1769 5624 ι
1797 5569 1907 5623 Ne·

337 5654 437 5706 que
488 5639 701 5701 trabem,
742 5657 902 5710 neque
934 5643 1209 5696 nudemur.
1277 5643 1343 5698 Et
1385 5641 1476 5695 tin.
1512 5657 1591 5701 vr.
1633 5639 1909 5709 Capitulu-

342 5709 480 5766 t’iutn
511 5723 625 5778 cap.
659 5708 766 5764 209
796 5727 808 5764 :
845 5710 905 5766 Si
937 5714 1041 5780 ipse
1071 5722 1243 5766 tumen
1286 5715 1534 5780 innuptus
1571 5709 1650 5765 uel
1688 5710 1910 5778 innupta

2002 4526 2236 4592 dicatur,
2270 4541 2337 4582 ne
2366 4525 2489 4595 quis
2522 4531 2761 4578 vestrum
2804 4525 3096 4580 terreatur,
3132 4513 3260 4569 illud
3289 4511 3573 4583 cogitans:

2001 4619 2121 4688 Quo
2148 4625 2333 4688 perget
2352 4616 2758 4686 incorporeum,
2774 4610 2856 4666 vel
2887 4623 2995 4679 quo
3030 4606 3254 4664 cedetis
3286 4618 3394 4673 quo
3420 4602 3575 4674 plenu

1999 4721 2133 4769 suut
2160 4707 2387 4766 omnia?
2416 4705 2565 4762 Sciat
2609 4712 2789 4760 autent
2839 4700 3029 4773 magis,
3074 4697 3218 4768 quod
3246 4694 3315 4751 sit
3355 4702 3413 4748 ct
3440 4689 3579 4746 alius

2005 4801 2282 4862 missionis
2303 4801 2512 4856 modus.
2538 4797 2653 4853 Non
2679 4805 2737 4851 ut
2763 4794 2939 4850 locum
2964 4791 3030 4847 de
3054 4790 3197 4854 loco.
3214 4787 3304 4858 qui
3328 4785 3575 4848 mittitur,

2008 4906 2211 4963 mutet;
2244 4895 2338 4951 sed
2372 4903 2429 4948 ut
2461 4888 2820 4946 ministerium
2852 4885 3026 4954 magis
3050 4894 3267 4937 sacrum
3295 4875 3577 4946 suscipiat,

2006 4989 2150 5062 quod
2200 4987 2364 5043 etiam
2408 4981 2684 5053 discipulis
2736 4979 3035 5050 iniunctum
3088 4987 3209 5029 csse
3261 4969 3519 5026 discimus
3546 4979 3582 5019 a
3628 4992 3641 5006 ·

2007 5080 2224 5136 Christo
2252 5076 2489 5134 omniunt
2524 5073 2823 5128 Salvatore.

2012 5428 2373 5496 permanserit.
2415 5427 2611 5482 natur.

2078 5499 2156 5567 (Ξ)
2195 5501 2324 5562 Quae
2350 5506 2667 5565 sequuntur,
2701 5508 2867 5562 usque
2901 5492 2967 5546 ad
2994 5493 3192 5546 luctatu
3232 5488 3417 5545 Jacnbi
3457 5501 3579 5542 cunt

2006 5567 2198 5633 angelo
2243 5582 2413 5637 caque
2446 5569 2630 5628 verba,
2669 5578 2788 5631 cap.
2833 5562 2894 5617 3¹
2921 5601 2938 5626 ‚
2983 5561 3316 5616 latitudinem
3366 5558 3580 5642 feruoris

2005 5637 2146 5761 cysa,
2171 5638 2363 5691 desunt
2392 5637 2443 5691 in
2473 5635 2799 5692 editionibus
2822 5633 3078 5705 vulgatis,
3097 5643 3150 5689 ct
3176 5645 3316 5688 nuuc
3346 5641 3579 5702 prtnutm

2010 5723 2038 5762 c
2079 5716 2262 5762 untur.
