3809 6125
264 271 370 333 819

1252 272 1314 327 s,
1354 267 1630 327 crurum
1674 263 2147 323 Anssxmnmm
2183 246 2510 324 Anchise.

198 429 207 436 -
261 391 338 449 τά
383 390 561 465 σκότῳ
593 389 1014 465 κεκρατημένα·
1065 388 1181 462 δοίη
1215 407 1299 456 τις
1329 390 1419 458 ἂν,
1482 387 1606 443 τότε
1644 386 1712 459 δὴ
1757 382 1973 456 πρῶτον
2031 382 2164 438 αὐτὸ
2207 383 2301 439 καὶ
2365 384 2447 448 εἰς
2517 383 2709 460 φωτὸς·
2742 374 3023 451 παρῆχθαι
3078 370 3263 445 φύσιν,
3314 372 3410 427 ὅτε
3453 369 3547 425 καὶ

263 482 485 557 πρῶτον
512 481 724 549 εἰσέδυ;

310 572 403 631 ’8.
438 572 790 646 Nequaquam
815 612 831 640 ,
878 581 939 629 ut
983 571 1194 629 ridetur
1220 590 1235 628 ι
1269 579 1388 629 erat
1437 570 1585 628 enim
1630 579 1846 639 semper
1874 565 1923 624 A
2023 557 2085 613 B·
2126 554 2202 611 Οὔ
2233 554 2288 608 τί
2314 571 2438 620 που,
2467 552 2608 608 κατὰ
2636 554 2700 607 τὸ
2730 550 2912 617 εἰκός·
2936 543 3006 623 ἦν
3032 546 3144 620 γὰρ
3176 547 3267 605 &⁸²
3295 547 3445 622 φῶς·

261 660 468 720 lumen.

288 742 406 811 -JA.
447 751 558 810 Cur
584 753 772 824 itaque
813 754 973 811 nobis
997 753 1149 810 velut
1192 744 1848 826 inexpugnabile'propu·

267 847 564 921 gnaculum
602 855 884 919 opponunt
926 846 1028 914 illi,
1060 848 1204 919 quod
1236 848 1439 904 dicitur
1465 846 1637 902 Filius
1680 860 1710 899 a
1739 844 1850 899 Deo

265 946 324 996 et
366 936 529 994 Patre
560 937 840 1010 legislator
873 947 968 995 aut
992 954 1089 994 rex
1121 924 1416 1004 constitui,
1448 953 1572 995 curn
1607 937 1753 994 Deus
1786 949 1852 991 ac

265 1026 433 1084 Pater
492 1044 600 1085 non
655 1028 895 1085 declaret
943 1028 1272 1101 legislatoris
1324 1029 1509 1100 gloriae
1582 1028 1853 1085 naturalis

267 1118 485 1175 initium
517 1120 728 1189 cepisse
768 1120 987 1187 Filium,
1035 1121 1131 1177 sed
1171 1119 1381 1190 jubeat,
1419 1129 1477 1177 et
1509 1119 1854 1190 comprobet,

269 1211 687 1282 consentiatque
722 1211 838 1267 suis
867 1211 1080 1282 legibus
1127 1210 1369 1283 gentium
1422 1224 1640 1281 quoque
1663 1223 1857 1281 greges

270 1301 563 1373 subjicere,
608 1300 736 1356 lieet
782 1300 904 1357 aliis
937 1310 1086 1356 retro
1137 1300 1471 1373 temporibus
1505 1299 1672 1358 lsrael
1718 1302 1858 1357 dun-

271 1400 426 1448 taxat
453 1389 772 1463 subiugatus
802 1399 970 1458 esset,
1005 1389 1313 1463 divinisque
1342 1390 1552 1463 legibus
1586 1390 1856 1448 cervicem

273 1483 660 1541 submitteret?

346 1658 412 1713 B.
452 1658 523 1713 At
559 1657 604 1714 si
635 1657 804 1714 velint
831 1658 978 1716 clare
1006 1660 1221 1716 ostendi
1250 1661 1449 1718 Filium
1485 1677 1606 1720 esse
1633 1663 1852 1737 legisla-

277 1758 475 1818 torem,
501 1748 596 1820 qut
619 1759 714 1806 aut
736 1751 879 1807 unde
905 1751 1050 1809 istud
1074 1766 1106 1807 a
1136 1753 1294 1810 nobis
1324 1754 1457 1809 net?

2022 649 2090 703 A.
2129 648 2197 702 Τί
2222 647 2287 719 δὴ
2315 641 2409 701 οῦν
2437 646 2570 716 ἡμῖν
2591 642 2667 707 ὡς
2689 642 2995 700 δυσάλωτον
3026 638 3386 714 ἐπιτείχισμα
3420 660 3550 700 χαις.

1952 739 2294 806 εξανιστᾶσιν
2327 738 2548 800 ἐκεῖνοι,
2577 733 2641 788 τὸ
2682 731 2938 801 λέγεσθαι
2989 731 3082 786 τὸν
3116 730 3243 787 Υἰὸν
3276 733 3550 793 καθίστα-

1954 830 2079 885 σθαι
2128 827 2426 899 νομοθέτην
2478 826 2599 897 ῆτοι
2644 822 2871 896 βασιλέα
2916 822 3072 894 παρὰ
3119 821 3216 877 τοῦ
3263 822 3410 881 Θεοῦ
3455 828 3552 883 καὶ

1953 921 2190 994 Πατρὸς,
2221 920 2403 975 καίτοι
2436 916 2533 972 τοῦ
2561 915 2873 989 νομοθετεῖν
2902 915 3103 986 ἥκιστα
3135 916 3237 988 μὲν
3260 918 3341 984 εἰς
3370 919 3552 994 ἀρχὰς

1960 1014 2108 1070 ἰόντα
2135 1012 2258 1068 τότε
2307 1013 2407 1083 τῆς
2430 1008 2575 1068 κατὰ
2606 1008 2768 1079 φύσιν
2796 1007 3044 1074 εὐκλείας
3074 1009 3549 1081 ἀποδεικνύοντες,

1954 1105 2018 1159 τὸ
2043 1106 2103 1160 δέ
2149 1122 2215 1176 γε
2260 1102 2461 1177 χρῆναι
2498 1100 2685 1155 λοιπὸν
2730 1099 2950 1172 θεσμοῖς
2995 1101 3149 1167 ἰδίοις
3185 1104 3287 1160 καὶ
3312 1104 3418 1171 τὰς
3442 1106 3552 1163 τῶν

1958 1196 2130 1252 ἐθνῶν
2203 1196 2411 1273 ἀγέλας
2470 1194 2793 1263 ὑπενεγκεῖν
2847 1194 3240 1266 σημαίνοντος,
3296 1198 3551 1255 συνευδο-

1960 1287 2182 1353 κοῦντός
2211 1305 2274 1342 τε
2318 1285 2416 1344 καίι
2462 1283 2957 1357 συγκατανεύοντος
2997 1282 3091 1340 τοῦ
3134 1284 3272 1342 Θεοῦ
3301 1288 3404 1342 καὶ
3441 1289 3551 1347 na-

1959 1381 2111 1455 τρὸς,
2145 1381 2321 1436 καίτοι
2363 1379 2524 1453 μόνον
2551 1378 2695 1433 κατά
2721 1378 2847 1443 τοὺς
2872 1377 3080 1432 ἀνωθεν
3111 1378 3196 1436 ἔτι
3228 1381 3466 1454 καιρούς
3492 1400 3551 1437 τε

1960 1476 2054 1528 καὶ
2100 1474 2327 1545 χρόνους
2356 1469 2796 1541 κατεζευγμένου
2847 1469 2945 1524 τοῦ
3004 1470 3247 1544 Ἰσραὴλ,
3296 1473 3398 1530 καὶ
3444 1477 3553 1541 τοῖς

1962 1565 2129 1630 θείοις
2162 1564 2349 1637 νόμοις
2380 1562 2677 1636 ὑπέχοντος
2703 1563 2797 1618 τὸν
2824 1562 3062 1634 αὑχένα;

2033 1654 2095 1710 Β.
2149 1653 2291 1711 Ἀλλ’
2319 1655 2477 1724 εἴπερ
2506 1653 2714 1709 ἕλοιντο
2738 1653 3038 1727 νομοθέτην
3062 1654 3193 1712 ὄντα
3221 1657 3417 1728 σαφῶς
3438 1661 3562 1715 ἐπο-

1963 1745 2278 1805 δείκνυσθαι
2303 1746 2398 1801 τὸν
2433 1744 2582 1814 Υἰὸν,
2630 1745 2749 1811 πῶς
2774 1745 2902 1819 ἄνῆ
2948 1745 3114 1804 πόθεν
3155 1745 3321 1804 τοῦτο
3344 1749 3560 1821 γένοιτο

1974 1839 2110 1913 πρὸς
2146 1837 2306 1911 ἡμῶν
2325 1856 2340 1906 ;

347 1928 418 1982 A.
460 1925 828 1984 Suffecturum
880 1928 972 1985 bic
1019 1930 1247 2000 opinor,
1298 1931 1462 2004 paulo
1523 1933 1860 1991 acutioribus
1892 1921 1939 1976 Β
2036 1933 2103 1987 A.
2143 1929 2259 1985 Kal.
2275 1930 2396 2004 μὴν
2420 1930 2753 2003 ἀποχρήσειν
2789 1927 2850 1984 έν
2893 1946 2959 2000 γε
2994 1910 3195 2004 τουτῳῒ
3237 1934 3354 2000 τοῖς
3383 1936 3560 2008 εὔμα-

281 2018 428 2090 quod
454 2019 615 2076 modo
651 2019 906 2078 diximus.
942 2020 1078 2079 Cum
1127 2023 1272 2079 enim
1314 2023 1383 2079 de
1408 2022 1527 2096 lege
1558 2032 1614 2082 et
1643 2026 1712 2082 iis
1737 2041 1859 2098 quae

278 2109 541 2168 divinitus
582 2111 799 2180 prodita
832 2122 959 2171 sunt
987 2113 1131 2171 Deus
1168 2113 1407 2187 antiquis
1452 2115 1740 2175 manifeste
1771 2118 1858 2175 di·

277 2210 408 2270 eat,
455 2200 528 2257 iis
586 2216 690 2268 nee
737 2201 1046 2263 addendum
1095 2220 1260 2277 esse,
1314 2222 1417 2265 nee
1463 2207 1857 2267 detrabendum

281 2290 452 2365 (leges
495 2292 645 2352 enim
692 2294 934 2352 condere
984 2296 1088 2353 soli
1129 2313 1314 2354 rerum
1362 2300 1606 2358 omnium
1658 2302 1862 2373 reginae

279 2391 490 2439 naturae
509 2385 788 2453 convenit,
812 2384 976 2462 481
1011 2388 1322 2461 addereque
1346 2400 1401 2447 et
1434 2393 1724 2450 detrahere
1752 2409 1861 2466 quo

280 2474 436 2547 velit)
462 2516 481 2544 ,
517 2474 691 2548 legem
724 2476 849 2534 tulit
889 2478 1080 2547 Filius,
1103 2488 1352 2551 ,etvetus
1396 2482 1619 2553 quidem
1660 2499 1865 2556 praeee-

280 2572 436 2636 ptum
497 2566 782 2639 abrogavit
835 2578 1090 2639 tanquam
1151 2571 1380 2639 inutile,
1428 2588 1629 2630 novum
1680 2584 1862 2633 autem

280 2656 516 2723 induxit,
563 2658 936 2731 evangelicum
974 2662 1262 2732 nimirum,
1291 2663 1454 2736 idque
1494 2675 1749 2737 tanquam
1780 2666 1861 2723 le·

281 2748 533 2822 gislator,
587 2766 697 2808 non
744 2762 1022 2810 contracta
1073 2757 1342 2827 potentia,
1392 2759 1488 2815 sed
1541 2759 1866 2820 auctoritate

284 2840 495 2897 divina.
520 2840 674 2910 Quod
694 2844 913 2914 quidem
937 2846 1287 2905 confirmabit
1308 2848 1526 2921 sapiens
1552 2850 1643 2908 ille
1662 2850 1865 2910 Paulus

284 2931 532 2990 scribens
581 2933 635 2988 in
692 2936 835 2992 hunc
879 2936 1100 2992 modum
1139 2955 1155 2993 ε
1201 2956 1222 2991 ι
1251 2938 1452 2997 Factus
1496 2957 1618 2997 sum
1665 2942 1866 3002 Judaeis

284 3029 546 3096 tanquam
585 3023 826 3094 Judaeus,
876 3036 932 3084 ut
979 3026 1194 3086 Judaeos
1226 3030 1500 3101 lucrarer;
1537 3033 1604 3090 iis
1633 3033 1727 3106 qui
1763 3034 1866 3093 sub

284 3115 404 3188 lege
423 3126 570 3187 sunt,
591 3120 750 3190 quasi
775 3121 879 3176 sub
898 3121 1017 3192 lege
1041 3137 1241 3190 essem,
1260 3138 1384 3179 eum
1415 3125 1529 3196 ipse
1555 3141 1665 3183 non
1688 3141 1864 3186 essem

284 3208 388 3263 sub
417 3209 558 3280 lege,
604 3218 664 3264 ut
711 3225 806 3268 eos
837 3212 931 3284 qui
981 3212 1082 3270 sub
1115 3213 1233 3286 lege
1258 3227 1416 3272 erant
1451 3217 1863 3288 lucrifacerem3

284 3299 358 3356 ils
397 3301 489 3371 qui
529 3302 649 3358 sine
689 3305 808 3376 lege
856 3315 1035 3374 erant,
1073 3315 1330 3377 tanquam
1361 3310 1480 3365 sine
1508 3311 1628 3381 lege
1665 3327 1865 3380 essem,
1893 3280 1938 3339 C

287 3405 411 3448 cum
456 3391 573 3448 sine
618 3393 735 3467 lege
769 3396 862 3452 Dei
904 3411 1012 3452 non
1048 3401 1254 3468 essem,
1292 3400 1388 3456 sed
1435 3401 1490 3456 in
1536 3401 1656 3474 lege
1690 3418 1867 3461 essem

289 3483 517 3554 Christi,
551 3496 613 3542 ut
639 3487 1016 3546 lucrifacerem
1047 3505 1141 3547 eos
1162 3492 1255 3562 qui
1285 3491 1405 3550 sine
1429 3492 1549 3565 lege
1571 3496 1811 3555 erant⁸⁶.
1844 3515 1865 3551 ι

293 3575 427 3634 Vide
454 3580 599 3636 enim
627 3596 734 3651 quo
764 3593 924 3654 pacto
954 3584 1201 3657 exlegem
1249 3602 1373 3644 esse
1413 3588 1526 3646 Deo
1556 3590 1868 3661 repudians,

260 3664 347 3726 'in
375 3669 492 3741 lege
537 3686 597 3728 se
626 3687 748 3729 esse
791 3673 993 3731 Christi
1040 3677 1140 3741 ait,
1184 3676 1471 3746 utriusque
1509 3677 1732 3750 gloriam
1765 3681 1872 3753 ipsi

290 3763 565 3829 tribuenS,
609 3771 665 3820 et
690 3763 870 3837 legum
903 3765 1255 3822 ferendarum
1293 3775 1643 3840 potestatem,
1672 3783 1734 3829 ut
1760 3774 1872 3832 Deo

290 3854 590 3909 secundum
622 3866 897 3921 naturam,
924 3856 1075 3913 velut
1122 3859 1378 3917 eximiam
1431 3876 1498 3921 ae
1537 3866 1871 3936 peculiarem

289 3941 558 4000 referens.
600 3943 735 4001 Cum
767 3945 1108 4017 igiturJuxta
1136 3951 1315 4008 sancti
1354 3966 1568 4023 vocem,
1611 3955 1731 4014 sine
1756 3957 1875 4032 lege

289 4035 391 4092 Dei
415 4035 629 4094 futurus
658 4053 763 4093 non
789 4039 882 4106 sit,
914 4041 1006 4111 qui
1028 4050 1112 4098 est
1150 4043 1205 4098 in
1233 4043 1353 4118 lege
1378 4044 1603 4115 Christi,
1623 4065 1872 4122 quaenam

293 4131 509 4186 demum
546 4131 687 4189 ratio
715 4132 1030 4204 prohibebit
1056 4136 1349 4207 quominus
1387 4136 1664 4212 legislator
1696 4141 1768 4200 sit
1806 4157 1872 4202 ae

291 4221 435 4279 Deus
471 4221 679 4280 Filius?

360 4314 425 4369 Β.
467 4313 643 4384 Nulla,
672 4325 732 4373 ut
757 4332 903 4374 reor.

364 4407 430 4463 A.
470 4407 554 4463 Ad
578 4422 643 4465 ea
680 4423 803 4480 quae
835 4406 981 4465 dicta
1012 4416 1142 4466 sunt
1170 4409 1415 4484 apposite
1450 4413 1616 4471 etiam
1657 4413 1872 4488 adjece-

296 4512 391 4553 l'lS·

363 4588 427 4647 Β.
467 4588 775 4658 Quidnam?

367 4680 435 4735 Α.
475 4682 628 4748 Quod
655 4695 837 4750 nemo,
871 4689 932 4738 ut
962 4696 1107 4752 reor,
1139 4685 1428 4744 ostendere
1456 4689 1627 4761 possit
1655 4693 1872 4752 Patrem

295 4789 363 4829 ac
386 4771 556 4828 Deum
587 4775 819 4830 seorsim
849 4788 916 4830 ae
946 4773 1121 4829 solum
1153 4777 1549 4847 antiquioribus
1574 4792 1873 4843 auteorum

296 4867 534 4938 posteris
563 4866 712 4936 leges
735 4867 970 4932 dedisse,
1007 4867 1103 4923 sed
1128 4882 1234 4923 una
1269 4884 1393 4926 eum
1424 4871 1562 4929 Filio
1591 4883 1646 4930 et
1669 4890 1768 4946 per
1785 4877 1877 4934 Fi-

299 4957 434 5014 lium
467 4956 520 5012 id
546 4955 743 5014 fecisse
775 4959 955 5029 quivis
984 4958 1131 5017 nullo
1162 4962 1377 5033 negotio
1405 4963 1872 5027 animadverterit.

300 5049 405 5110 Ubi
440 5048 584 5105 enim
609 5061 705 5103 aut
730 5051 931 5119 quibus
973 5049 1117 5124 leges
1145 5052 1291 5110 dedit
1318 5053 1495 5126 Pater,
1517 5056 1741 5115 absente
1773 5076 1874 5118 nec

297 5152 721 5198 commemorato
748 5139 921 5197 Filio?

368 5234 433 5290 Β.
474 5234 736 5307 Equidem
777 5234 970 5293 scribit
1011 5237 1226 5306 sapiens
1259 5238 1481 5307 Paulus,
1532 5241 1700 5299 Deum
1745 5243 1875 5301 olim

304 5324 543 5382 locutum
578 5344 705 5386 esse
745 5327 993 5400 patribus
1027 5327 1083 5382 in
1117 5333 1392 5401 prophetis
1423 5334 1493 5390 ”.
1543 5333 1720 5392 Moses
1744 5351 1876 5393 vero

302 5414 561 5475 Israelitis
588 5420 726 5478 dixit
754 5437 946 5480 rursus
976 5420 1173 5477 alicubi
1204 5439 1219 5476 t
1256 5441 1277 5476 ι
1308 5424 1567 5484 Dominus
1605 5427 1748 5486 Deus
1779 5445 1876 5486 no-

305 5517 418 5567 ster
439 5507 652 5567 locutus
686 5523 770 5570 est
793 5515 951 5572 nobis
980 5517 1033 5572 in
1067 5513 1324 5572 lloreb⁸⁸.
1356 5536 1376 5570 ι

377 5692 466 5749 ⁸⁴1
509 5692 634 5751 Cor.
671 5710 747 5764 tx,
784 5694 874 5764 20,
891 5696 983 5751 21.
1054 5695 1098 5728 ⁸⁷
1130 5697 1297 5753 Hebr.
1321 5711 1360 5764 ι,
1396 5696 1446 5754 l.
1523 5698 1569 5732 ⁸⁸
1593 5698 1750 5756 Deut.
1786 5715 1826 5768 ι,
1852 5698 1909 5757 6.

1970 2018 2248 2093 θεστέροις
2273 2020 2533 2092 οἰήσομαι
2560 2019 2694 2087 δεῖν,
2715 2019 2853 2092 ὅπερ
2880 2019 3091 2093 ἔφαμεν
3115 2020 3332 2094 ἀρτίως.
3360 2023 3561 2095 Νόμου

1967 2109 2078 2183 γὰρ
2109 2111 2237 2186 πέρι
2279 2112 2376 2168 καὶ
2408 2110 2517 2166 τῶν
2558 2113 2673 2176 τοῖς
2713 2110 3089 2185 ἀρχαιοτέροις
3113 2112 3559 2190 τεθεσπισμένωυ

1969 2202 2108 2260 Θεοῦ
2137 2204 2388 2275 λέγοντος
2415 2203 2683 2277 ἐναργῶς,
2705 2204 2793 2259 ἐπ’
2814 2204 2997 2261 αὐτῶν
3026 2206 3132 2261 οὐκ
3156 2205 3272 2264 lert
3297 2208 3561 2281 προσθεῖ·

1968 2312 2080 2360 ναι,
2113 2294 2210 2349 καὶ
2245 2294 2343 2350 ἀπ’
2375 2293 2554 2349 αὑτῶν
2584 2294 2685 2349 οὐκ
2725 2294 2873 2350 ἐστιν
2910 2294 3135 2367 ἀφελεῖν
3190 2296 3421 2370 (πρέποι
3449 2299 3568 2373 γὰρ

1971 2386 2039 2444 ἂν
2063 2385 2162 2441 καὶ
2204 2384 2342 2459 μόνῃ
2373 2386 2435 2440 τὸ
2462 2385 2657 2458 χρῆναι
2686 2385 3037 2458 θεσμοθετεῖν
3059 2388 3130 2459 τῇ
3159 2387 3275 2443 τῶν
3298 2387 3441 2445 ὅλων
3469 2388 3565 2463 βαρ

1974 2477 2132 2533 σιλίδι
2161 2477 2344 2549 φύσει,
2379 2477 2698 2551 προσθεῖναί
2725 2494 2786 2532 τε
2811 2479 2908 2534 καὶ
2941 2477 3164 2548 ὑφελεῖν
3205 2477 3306 2545 τὰ,
3331 2479 3557 2553 &aph

1973 2569 2233 2641 βούλοιτο)
2257 2585 2273 2602 ·
2302 2569 2767 2642 τεθεσμοθέτηκεν
2808 2573 2838 2626 ό
2876 2568 3027 2636 Υἱὸς,
3053 2570 3156 2625 καὶ
3178 2568 3286 2644 τὴν
3334 2571 3431 2645 μὲν
3449 2572 3544 2642 ἀρ·

1970 2662 2130 2734 χαίαν
2178 2661 2394 2732 ὑφεῖλεν
2431 2661 2508 2727 ὡς
2549 2662 2808 2733 ἀνόνητον
2836 2661 3077 2735 ἐντολὴν,
3104 2663 3458 2736 ἐπεισέφρησε
3478 2661 3536 2719 δέ

1971 2752 2071 2827 τὴν
2108 2752 2256 2820 νέαν,
2297 2752 2546 2807 τουτέστι
2587 2752 2686 2827 τὴν
2726 2754 3111 2827 εὐαγγελικὴν,
3139 2754 3243 2811 καὶ
3278 2754 3443 2820 τοῦτο,
3465 2752 3542 2822 ὣς

1972 2843 2292 2917 νομοθέτης,
2318 2844 2420 2915 οὐχ
2445 2844 2962 2917 ὑπερεσταλμένως,
2987 2846 3107 2900 ἀλλ’
3132 2847 3195 2902 ἐν
3234 2846 3454 2920 ἐξουσία
3483 2848 3556 2920 τῇ

1974 2931 2286 3006 θεοπρεπεῖ,
2318 2934 2735 3004 Κατασφραγιεῖ
2763 2934 2822 2988 δὲ
2862 2936 2955 2990 τὸν
2987 2935 3168 3006 λόγον,
3212 2935 3314 2993 καὶ
3340 2935 3372 2991 ό
3403 2934 3561 3016 σοφὸς

1973 3022 2305 3079 ἐπιστέλλων
2331 3022 2578 3090 Παῦλος·
2615 3041 2635 3078 t
2687 3025 2985 3099 Ἑγενόμην
3010 3028 3126 3092 τοῖς
3172 3026 3458 3093 Ἰουδαίοις
3487 3025 3564 3093 ὥς

1987 3115 2361 3182 Ἶουδαῖος,ῖνα
2397 3117 2687 3184 Ἰουδαίους
2709 3119 2981 3192 κερδήσω,
3007 3122 3123 3185 τοῖς
3156 3119 3269 3177 ὑπὸ
3307 3119 3566 3194 νόμονὸς

1976 3206 2081 3260 ὑπὸ
2098 3206 2287 3280 νόμον,
2309 3207 2385 3282 μὴ
2401 3206 2475 3264 ὢν
2498 3209 2661 3275 αὐτὸς
2681 3210 2787 3265 ὑπὸ
2809 3212 2994 3284 νόμον,
3014 3211 3105 3266 ἵνα
3118 3211 3251 3277 τοὺς
3271 3211 3383 3269 ὑπὸ
3403 3211 3566 3285 νόμον

1970 3294 2223 3366 κερδήσω
2242 3312 2257 3328 ·
2289 3299 2404 3363 τοῖς
2417 3298 2645 3371 ἀνόμοις
2668 3298 2743 3363 ὡς
2759 3299 2979 3372 ἄνομος,
3002 3300 3077 3372 μὴ
3094 3300 3173 3355 ὢν
3200 3300 3412 3374 ἄνομος
3425 3298 3566 3385 Θεῷ,

1971 3386 2085 3440 ἀλλ’
2115 3385 2338 3458 ἔννομος
2368 3387 2609 3459 Χριστῷ,
2654 3386 2744 3444 ἱνα
2787 3391 3037 3464 κερδήσω
3070 3391 3200 3461 τοὺς
3235 3390 3505 3464 ἀνόμους.
3525 3408 3562 3445 -ι

1975 3474 2170 3549 ’Δθρει
2208 3475 2317 3549 γὰρ
2354 3478 2501 3541 ὅπως
2529 3477 2589 3532 τὸ
2628 3477 2828 3551 ἄνομος
2871 3474 3010 3537 εἰναι
3033 3480 3155 3554 Θεῷ
3197 3474 3568 3555 παρωθούμε-

1971 3585 2085 3633 νος,
2124 3566 2347 3639 ἔννομος
2392 3565 2531 3623 εἶναί
2561 3587 2694 3643 φησι
2739 3572 2816 3643 τῷ
2846 3572 3087 3645 Χριστῷ,
3117 3573 3183 3628 τὸ
3218 3574 3318 3628 ἀπ’
3356 3574 3565 3646 ἀμφοῖν

1973 3656 2193 3722 εὐκλεὲς
2221 3658 2512 3731 ἀπονέμων
2541 3659 2711 3732 αὐτῷ,
2746 3662 2841 3716 καὶ
2869 3663 2944 3727 ὡς
2971 3662 3089 3735 Θεῷ
3130 3663 3280 3718 κατὰ
3306 3662 3468 3734 φύσιν
3497 3663 3563 3717 τὸ

1972 3747 2173 3818 χρῆναι
2231 3746 2599 3820 θεσμοθετεῖν,
2642 3752 2916 3819 ἀνατιθεὶς
2960 3754 3035 3819 ὡς
3083 3755 3387 3827 ἐξαίρετον.
3427 3753 3578 3810 Ὅτε·

1974 3837 2154 3894 τοίνυν
2179 3839 2322 3895 κατὰ
2344 3841 2444 3914 τὴν
2479 3842 2576 3898 τοῦ
2608 3843 2763 3913 ἁγίου
2791 3844 2994 3918 φωνὴν,
3024 3846 3127 3901 οὐκ
3151 3846 3357 3919 ἄνομος
3377 3846 3452 3902 ἂν
3473 3847 3561 3920 εἴη

1974 3930 2096 4002 Θεῷ
2111 3931 2336 4005 Χριστῷ
2352 3950 2437 4000 τις
2464 3934 2690 4007 ἔννομος
2720 3937 2817 4004 ὢν,
2838 3939 2987 4003 ποῖος
3020 3937 3100 3992 ἔτι
3119 3938 3279 4009 λόγος
3303 3937 3557 4006 ἐξώσειν

1974 4019 2044 4077 ἀν
2071 4020 2170 4076 τοῦ
2200 4021 2296 4076 καὶ
2320 4023 2621 4096 νομοθέτην
2654 4021 2793 4081 εἶναι
2830 4027 2929 4082 καὶ
2954 4027 3086 4082 Θεὸν
3125 4028 3216 4085 τὸν
3256 4028 3421 4097 Υἰόν;

2044 4338 2108 4394 Β.
2151 4337 2362 4404 Οὐδεὶς,
2399 4337 2652 4409 καθάπερ
2688 4331 2923 4412 ἐγῷμαι.

2043 4433 2110 4486 A.
2162 4431 2432 4486 Ἐποίσειε
2456 4431 2503 4494 δ’
2523 4431 2590 4487 ἄν
2615 4449 2701 4498 τις
2720 4436 2833 4499 τοῖς
2854 4435 3164 4508 εἰρημένοις
3187 4437 3246 4494 εὖ
3282 4441 3435 4508 μάλα
3462 4439 3554 4496 nd

1973 4522 2123 4579 τόδε.

1900 4622 1947 4678 1)
2041 4614 2105 4671 13.
2144 4612 2221 4669 Τὸ
2255 4616 2443 4682 ποῖονς

2044 4705 2112 4759 A.
2165 4705 2254 4770 Ὦς
2278 4706 2670 4778 νομοθετοῦντα
2696 4709 2797 4780 μὲν
2830 4710 3013 4776 ἰδικῶς
3036 4727 3098 4765 τε
3127 4711 3221 4766 καὶ
3253 4712 3417 4782 μόνον
3448 4714 3553 4777 τοῖς

1977 4794 2377 4868 ἀρχαιοτέροις,
2395 4796 2555 4868 ἢτοῖς
2581 4799 2697 4870 μετ’
2719 4799 2959 4864 ἐκείνους
2979 4800 3079 4868 ἔτι,
3107 4800 3200 4856 τὸν
3224 4802 3449 4874 Πατέρα
3463 4802 3555 4857 καὶ

1977 4883 2110 4939 Θεὸν
2146 4885 2349 4957 ἥκιστα
2377 4887 2477 4959 μὲν
2504 4888 2570 4960 δὴ
2595 4889 2957 4958 καταδείξειεν
2986 4891 3075 4957 ἂν,
3095 4886 3275 4963 οἶμαι,
3297 4894 3406 4959 τῖς,
3424 4910 3554 4948 κατ·

1976 4974 2216 5048 αθρήσαι
2245 4977 2290 5031 δ’
2317 4977 2385 5034 ἂν
2428 4981 2521 5035 καὶ
2551 4980 2673 5036 λίαν
2704 4982 2943 5055 ἀμογητί
2972 4984 3069 5038 σὺν
3098 4983 3215 5056 Υἱῷ
3258 5001 3321 5039 τε
3359 4986 3457 5040 καὶ
3478 4983 3556 5039 δι’

1981 5068 2137 5127 Υῖοῦ.
2165 5069 2278 5125 Ποῦ
2310 5070 2420 5143 γάρ
2457 5072 2491 5144 ἢ
2527 5071 2637 5127 τίσι
2676 5073 3134 5147 τεθεσμοδότηκεν
3165 5079 3198 5130 ὁ
3234 5077 3451 5150 Πατὴρ,
3477 5093 3555 5132 σε·

1982 5161 2282 5233 σιγημένου
2311 5179 2371 5218 τε
2401 5162 2496 5218 καὶ
2516 5163 2745 5229 ἀπόντος
2769 5164 2863 5219 τοῦ
2891 5166 3055 5232 Υίοῦ;

2052 5251 2112 5307 Β.
2154 5254 2267 5308 Καὶ
2310 5254 2416 5327 μὴν
2443 5258 2472 5310 ὀ
2500 5258 2663 5328 σοφὸς
2688 5261 2821 5331 ἡμῖν
2857 5261 3162 5317 ἐπιστέλλει
3194 5261 3552 5330 Παῦλος,ὃτι,

1982 5362 2003 5397 ι
2032 5344 2209 5400 Πάλαι
2238 5348 2266 5400 ὁ
2301 5347 2433 5414 Θεὸς
2470 5347 2713 5421 λαλήσας
2738 5355 2851 5419 τοῖς
2886 5354 3155 5424 πατράσιν
3180 5355 3241 5409 ἐν
3270 5356 3389 5420 τοῖς
3424 5370 3555 5428 προ·

1977 5435 2195 5507 φήταις.
2226 5454 2246 5488 r
2290 5437 2495 5510 Μωσῆς
2520 5437 2576 5494 δὲ
2601 5441 2713 5502 τοῖς
2741 5440 2802 5508 ἐξ
2843 5440 3061 5513 Ἰσραὴλ
3085 5439 3191 5512 ἔφη
3219 5458 3328 5496 που
3357 5440 3555 5499 πάλιν·

1984 5544 2005 5579 ι
2033 5525 2239 5601 Κύριος
2267 5529 2297 5583 ό
2327 5529 2460 5596 Θεὸς
2491 5530 2649 5604 ἡμῶν
2674 5531 2936 5605 ἐλάλησεν
2964 5534 3096 5606 ἡμῖν
3125 5535 3184 5591 ἐν
3206 5533 3435 5607 Χωρὴδ.
3455 5550 3482 5591 a
