3809 6125
311 278 415 339 ats
496 261 507 270 ’

1309 285 1366 338 S.
1406 281 1676 339 ctttlLLt
1712 281 2180 339 saxanorum
2218 282 2537 340 attenti-31².

3473 272 3584 327 Θδό

379 395 447 449 Α.
487 396 726 466 Agedum
769 409 932 467 ergo,
994 412 1116 453 cum
1166 396 1328 453 Pater
1375 399 1446 453 sit
1498 399 1878 468 incorporeus,
1911 402 1956 459 Α
2055 397 2118 450 Α.
2157 396 2292 466 Φέρε
2318 396 2383 466 δὴ
2408 392 2523 459 οὖν,
2552 395 2782 466 ἐπείπερ
2809 391 2944 464 ἡμῖν
2977 382 3330 460 ἀσώματοςδ
3359 383 3580 455 Πατὴρ,

309 486 627 541 notionibus
655 496 965 543 creaturam
1004 489 1512 546 transcendentibus
1537 490 1715 561 quoad
1755 489 1883 544 licet

311 573 641 631 ineffabilem
684 576 800 647 ejus
839 587 896 634 et
939 578 1392 649 perfectissimam
1449 590 1695 634 naturam
1743 576 1880 633 deli-

309 677 554 734 neantes,
589 678 828 726 veterum
857 670 1020 727 etiam
1049 671 1328 744 opiniones
1369 680 1619 727 accurate
1652 684 1880 742 perpen-

309 760 519 815 damus.
549 760 642 817 Sic
669 762 812 817 enim
834 761 1048 819 difficile
1078 778 1184 819 non
1217 764 1322 820 erit
1359 763 1430 819 ad
1459 765 1631 835 ipsam
1665 776 1879 834 quoque

308 849 522 904 demum
574 850 688 921 ejus
733 851 1022 922 imaginem
1056 868 1153 923 per
1194 854 1378 909 omnia
1411 852 1642 909 similem
1687 865 1880 923 perve-

308 939 443 1005 nire,
467 938 663 996 Filium
696 940 966 999 videlicet.

372 1028 435 1084 B.
483 1030 820 1103 Pergamus:
860 1046 1009 1091 recte
1040 1036 1184 1091 enim
1211 1035 1419 1092 dixisti.

371 1118 436 1175 A.
473 1119 690 1193 ltaque,
743 1124 1022 1182 descendit
1051 1125 1273 1197 quidem
1319 1128 1374 1182 in
1420 1126 1601 1198 specie
1645 1126 1782 1197 ignis
1818 1127 1873 1182 in

304 1218 539 1266 montem
567 1212 696 1268 Sina
726 1213 792 1269 ad
815 1212 1029 1270 Judaeos
1057 1214 1288 1286 primum
1312 1215 1694 1280 instituendos,
1721 1213 1874 1270 tuba-

304 1317 422 1356 rum
463 1312 625 1358 acuto
653 1312 709 1359 et
749 1305 959 1374 ingenti
992 1307 1170 1362 sonitu
1204 1305 1259 1362 in
1288 1306 1455 1361 altum
1485 1306 1658 1374 elato,
1685 1304 1875 1361 intole-

304 1390 528 1446 rabilem
550 1393 894 1451 audientibus
923 1403 1128 1451 metum
1152 1396 1468 1452 incutiente.
1502 1394 1607 1451 Sed
1633 1409 1759 1450 cum
1793 1394 1870 1449 illi

299 1484 541 1540 crassius
572 1485 638 1540 de
669 1485 778 1540 Deo
812 1486 1112 1555 sentirent,
1140 1497 1195 1543 et
1221 1487 1399 1557 palmo
1424 1486 1620 1542 coelum
1647 1486 1873 1543 metien-

300 1585 379 1630 tes
432 1575 526 1631 Dei
591 1575 813 1647 gloriam
878 1577 1007 1633 solis
1067 1577 1261 1648 typicis
1317 1578 1867 1648 comprehenderent,

297 1667 606 1737 cogitabant
661 1667 802 1736 apud
846 1683 905 1722 se
945 1668 1114 1739 ipsam
1165 1666 1259 1724 Dei
1297 1677 1542 1724 naturam
1596 1684 1657 1725 se
1696 1668 1870 1738 pervi-

1980 489 2101 551 ταῖς
2151 486 2297 558 ὑπὲρ
2343 486 2519 540 κτίσιν
2543 484 2772 547 ἐννοίαις
2801 477 3198 542 είδοποιοῦντες
3221 477 3304 541 ὡς
3348 477 3435 530 ἔνι
3485 478 3582 547 τὴν

1979 578 2258 652 ἀφραστόν
2278 596 2338 632 τε
2365 577 2531 633 αὐτοῦ
2558 578 2652 631 καὶ
2684 573 2966 648 ἀκήρατον
2997 571 3184 644 φύσιν,
3214 570 3314 625 καὶ
3346 569 3453 633 τὰς
3472 568 3582 623 τῶν

1980 670 2352 741 ἀρχαιοτέρων
2403 665 2950 740 πολυπραγμονῶμεν
2995 660 3180 728 δόξας.
3210 658 3322 732 Εἶη
3357 660 3475 731 γὰρ
3515 659 3581 713 ἂν

1979 760 2125 816 οῦτω
2158 760 2392 832 χαλεπὸν
2425 760 2601 826 οὐδὲν,
2634 760 2733 814 καὶ
2761 751 2853 820 ἐπ’
2881 756 3051 828 αὐτὴν
3087 755 3227 809 ίὲναι
3253 751 3457 807 λοιπὸν
3482 751 3582 824 τὴν

1977 853 2162 934 εἰκόνα
2188 853 2291 925 τὴν
2322 850 2741 924 ἀπαράλλακτον
2763 847 2955 914 αὐτοῦ,
2982 845 3129 918 φημὶ
3160 845 3233 917 δὴ
3255 844 3359 899 τὸν
3387 840 3542 900 nov.

2050 1033 2110 1093 B.
2156 1037 2393 1108 Ἴωμεν·
2433 1034 2575 1107 ἔφης
2612 1032 2724 1104 γὰρ
2760 1028 2958 1104 ὀρθῶς.

2047 1128 2113 1181 Α.
2152 1124 2385 1190 Οὐκοῦν,
2417 1122 2680 1196 κατέθορε
2722 1123 2821 1196 μὶν
2863 1125 2922 1177 ὲν
2962 1121 3092 1177 είδει
3136 1111 3324 1193 πυρδς
3356 1119 3458 1176 siet
3509 1120 3571 1177 τδ

1975 1217 2101 1288 δρος
2127 1217 2189 1271 τὸ
2217 1218 2371 1281 Σινᾶ,
2418 1216 2519 1288 τῆς
2560 1214 2945 1285 παιδαγωγίας
2968 1213 3070 1284 τῆς
3097 1212 3242 1285 πρὸς
3277 1211 3571 1279 Ἰουδαίους

1976 1306 2298 1378 ἀρχόμενος,
2333 1306 2424 1360 ὅτε
2455 1305 2552 1360 καὶ
2594 1304 2916 1374 σαλπίγγων
2960 1302 3157 1375 όρθρία
3197 1320 3263 1357 τε
3314 1293 3420 1357 καὶ
3460 1301 3570 1359 δια·

1976 1396 2203 1468 πρύσιος
2242 1393 2375 1468 ἠχὴ.
2403 1393 2544 1467 πρὸς
2571 1394 2634 1448 τὸ
2659 1394 2773 1449 ἀνω
2806 1395 3115 1466 διᾴττουσα,
3149 1392 3450 1450 δύσοιστον
3469 1389 3570 1449 bri-

1974 1486 2056 1540 θει
2093 1488 2206 1550 τοῖς
2237 1485 2614 1560 ἀκροωμένοις
2654 1484 2718 1539 τὸ
2743 1485 2929 1556 δεῖμα.
2947 1484 3089 1537 Ἀλλ’
3119 1485 3176 1538 oi
3213 1484 3404 1557 μικρὰ
3443 1501 3570 1559 φρο-

1973 1576 2193 1642 νοῦντες
2225 1576 2356 1650 περὶ
2389 1575 2552 1643 Θεοῦ,
2588 1577 2687 1631 καὶ
2714 1571 2972 1648 σπιθαμῇ
2995 1574 3343 1647 μετροῦντες
3369 1575 3469 1634 τὸν
3487 1579 3571 1635 οὔ·

1975 1668 2159 1739 ρανδν,
2183 1666 2284 1739 τὴν
2310 1666 2407 1722 τοῦ
2446 1666 2583 1722 Θεοῦ
2612 1666 2771 1731 δόξαν
2811 1669 2927 1731 τοῖς
2960 1669 3018 1722 ὲν
3049 1668 3215 1737 τύπῳ
3264 1665 3571 1740 πεφηνότα

297 1759 462 1824 «iisse,
491 1758 647 1828 qnasi
678 1758 810 1813 nihil
847 1758 991 1815 aliud
1029 1769 1176 1815 esset
1205 1775 1365 1830 quam
1393 1761 1570 1830 ignis,
1597 1767 1651 1813 et
1680 1774 1866 1815 vocem
1901 1739 1945 1794 Β
1971 1758 2457 1828 ὲγκατακλείοντες
2499 1757 2703 1829 μόνοις,
2741 1755 2912 1829 ᾤοντο
2954 1756 3100 1812 κατὰ
3152 1760 3306 1829 σφᾶς
3352 1759 3570 1829 αὐτοὺς,

295 1850 415 1918 ejus
446 1850 668 1906 auribus
708 1850 954 1907 hausisse
977 1892 993 1920 ,
1031 1852 1345 1924 organicam
1375 1852 1644 1909 videlieet.
1681 1850 1867 1922 ltaque

294 1956 419 1997 cum
448 1941 524 1997 illi
548 1957 765 2013 quoque
792 1942 859 2010 de
885 1944 1042 1999 Mose
1070 1944 1328 2013 praeclare
1352 1944 1640 2010 sentirent,
1664 1941 1865 1999 Christi

292 2032 595 2089 doctrinam
637 2036 913 2091 ridendam
954 2050 1076 2093 esse
1116 2037 1418 2106 putabant,
1464 2049 1529 2091 ac
1569 2035 1864 2092 dicebant:

292 2123 503 2194 Moyses
525 2124 613 2181 ille
633 2125 850 2181 divinus
871 2126 1123 2183 sensibus
1144 2124 1425 2182 oculorum
1445 2125 1687 2181 divinam
1710 2125 1867 2181 nobis

290 2224 539 2271 naturam
564 2216 829 2287 exhibuit,
850 2226 906 2272 et
932 2231 1220 2287 supernam
1243 2231 1436 2274 vocem
1460 2216 1652 2273 audire
1677 2216 1824 2273 dedit
1845 2229 1864 2272 z

291 2309 567 2377 quomodo
599 2310 768 2380 igitur
790 2325 889 2366 nos
914 2309 1164 2366 Christus
1195 2309 1447 2381 ignaros,
1480 2317 1539 2366 et
1567 2308 1794 2365 multum
1832 2324 1864 2364 a

289 2410 441 2456 recto
478 2408 531 2455 et
571 2417 702 2456 vero
747 2403 1000 2457 deerrare
1033 2401 1252 2473 arguit?
1283 2419 1304 2453 ι
1327 2401 1497 2457 Amen
1516 2442 1533 2469 ,
1558 2415 1752 2467 amen,
1781 2401 1865 2457 in·

289 2490 440 2561 quit,
473 2493 598 2547 dico
621 2493 807 2558 vobis,
841 2506 1016 2563 neque
1049 2506 1236 2548 vocem
1265 2491 1385 2562 ejus
1414 2506 1652 2562 unquam
1688 2492 1862 2548 audii-

288 2584 423 2650 stis,
466 2597 641 2654 neque
672 2583 908 2654 speeiem
938 2582 1069 2653 ,ejus
1098 2583 1308 2640 vidistis
1332 2624 1349 2650 ,
1390 2592 1446 2639 et
1482 2584 1704 2640 verbum
1745 2583 1863 2653 ejus

287 2689 394 2729 non
432 2674 645 2730 habetis
681 2675 735 2728 in
758 2675 911 2730 vobis
938 2687 1163 2729 manens
1187 2690 1202 2726 ε
1231 2674 1358 2745 quia
1390 2689 1551 2746 quem
1580 2673 1726 2729 misit
1747 2674 1856 2741 ille,

287 2765 412 2820 hnic
445 2779 542 2844 yos
568 2780 673 2819 non
703 2764 925 2821 creditis
950 2765 1016 2821 ⁸⁸.
1046 2783 1067 2817 ι
1103 2763 1237 2820 Cum
1260 2764 1404 2820 euim
1435 2764 1620 2821 liceret
1644 2764 1698 2819 in
1722 2762 1859 2821 Filio

285 2850 380 2909 Dei
425 2869 490 2910 ac
528 2853 705 2910 Patris
752 2863 1000 2908 naturam
1044 2854 1228 2925 utique
1273 2853 1670 2923 contemplari,
1714 2853 1857 2910 istud

283 2946 500 3014 quidem
530 2960 637 3001 uon
668 2945 912 2999 lecerunt
943 2946 1159 3011 miseri,
1189 2948 1285 3001 sed
1314 2945 1447 3015 igni,
1492 2955 1549 3001 et
1595 2945 1854 3017 caligini,

282 3045 340 3091 et
370 3035 516 3093 sumo
548 3035 850 3091 divinitatis
877 3035 1115 3105 speciem
1144 3036 1386 3093 tribuere
1426 3036 1545 3092 ausi
1585 3045 1728 3092 sunt.
1770 3036 1856 3092 ld-
1882 3066 1928 3126 c

282 3127 430 3181 circo
453 3124 709 3196 paulatim
749 3139 846 3181 eos
872 3127 937 3180 sd
971 3126 1248 3182 meliorem
1283 3124 1494 3194 frugem
1527 3125 1852 3193 instituens,

282 3225 337 3269 et
372 3232 492 3270 cum
521 3231 587 3271 eo
612 3215 754 3285 quod
793 3215 989 3272 divinae
1022 3215 1291 3285 maiestati
1320 3216 1574 3272 convenit
1615 3215 1668 3270 id
1711 3219 1855 3286 quod

281 3303 577 3360 humanum
613 3316 697 3362 est
732 3307 1106 3378 conjungens,
1142 3305 1401 3363 Servatur
1428 3306 1606 3362 aiebat
1644 3326 1658 3361 :
1699 3326 1719 3359 ι
1751 3305 1854 3374 Qui

181 3419 193 3435 ι
281 3395 451 3450 eredit
482 3397 536 3450 in
569 3411 674 3460 me,
699 3412 805 3453 uon
843 3398 1016 3452 credit
1042 3399 1095 3452 in
1123 3411 1228 3462 me,
1262 3398 1358 3454 sed
1392 3397 1447 3453 in
1476 3413 1600 3454 enm
1623 3399 1714 3468 qui
1749 3400 1850 3454 mi·

279 3487 351 3543 sit
377 3502 482 3542 me.
516 3488 579 3542 Et
595 3490 690 3558 qui
714 3490 857 3543 videt
884 3501 996 3553 me,
1024 3489 1166 3544 videt
1190 3503 1313 3545 eum
1334 3488 1424 3560 qui
1453 3491 1597 3545 misit
1623 3505 1709 3547 me
1732 3489 1801 3545 ⁸⁸.
1828 3510 1848 3544 ι

279 3581 526 3636 Ostendit
565 3581 710 3634 enim
755 3581 915 3636 fldem
959 3581 1012 3634 in
1053 3581 1324 3636 bominem
1378 3580 1696 3650 simpliciter
1744 3597 1852 3639 non

278 3689 429 3738 esse,
467 3674 561 3728 sed
587 3673 640 3726 in
672 3672 762 3727 Dei
794 3680 1079 3737 naturam,
1117 3672 1329 3727 tametsi
1374 3671 1606 3727 Verbum
1643 3683 1764 3728 erat
1796 3674 1848 3729 in

278 3779 463 3832 carne,
493 3779 558 3820 ex
586 3778 652 3820 eo
681 3761 824 3834 quod
850 3762 985 3819 fides
1013 3764 1066 3818 in
1088 3763 1266 3833 ipsum
1293 3778 1396 3818 non
1430 3762 1541 3818 liat.
1573 3764 1645 3819 Se
1667 3774 1847 3820 autem

276 3858 525 3912 eumdem
561 3869 685 3911 esse
714 3870 837 3922 cum
873 3854 986 3909 Deo
1008 3864 1063 3909 et
1097 3854 1277 3920 Patre,
1316 3855 1549 3910 naturali
1588 3857 1845 3912 similitu·

276 3948 403 4003 dine
445 3960 499 4003 et
539 3948 819 4003 identitate
867 3945 1219 4012 substantia,
1265 3947 1558 4003 declaravit
1610 3949 1844 4005 diceus:

276 4037 440 4111 554
480 4058 500 4091 ι
535 4038 634 4106 Qui
670 4039 814 4094 videt
855 4053 972 4104 me,
1028 4038 1174 4094 videt
1213 4052 1336 4093 eum
1374 4038 1464 4107 qui
1510 4038 1655 4094 misit
1684 4056 1794 4096 nte.
1820 4059 1840 4093 ι

275 4129 537 4198 Quoniam
558 4141 737 4186 autem
760 4129 924 4184 Pater
963 4130 1014 4183 in
1059 4127 1196 4184 Filio
1222 4128 1372 4184 clare
1401 4138 1454 4184 et
1487 4130 1846 4185 incommuta-

274 4220 454 4276 biliter
494 4221 735 4276 cernitur
778 4232 939 4290 atque
979 4221 1360 4290 cognoscitur,
1418 4222 1722 4277 communia
1776 4224 1844 4279 iis

273 4312 670 4383 quodammodo
697 4320 825 4367 sunt
856 4312 1070 4375 omnia,
1113 4312 1225 4366 imo
1250 4325 1379 4367 vero
1424 4312 1586 4366 unius
1645 4313 1842 4368 divini·

1971 1848 2140 1921 αὐτὴν
2166 1848 2269 1921 ἤδη
2298 1848 2399 1921 τὴν
2428 1847 2523 1903 τοῦ
2546 1847 2683 1903 Θεοῦ
2709 1849 3059 1921 καταθρῆσαι
3088 1847 3292 1919 φύσιν,
3319 1845 3570 1916 ὥςοῦδδν

1967 1937 2135 1995 οὖσαν
2170 1940 2380 2014 ἕτερον,
2414 1941 2449 2014 ἢ
2486 1939 2597 2012 πῦρ
2630 1942 2727 1995 καὶ
2756 1941 2941 2013 φωνὴν
2970 1941 3053 2005 είς
3081 1931 3186 2006 οὖς
3236 1937 3570 2016 είοῦοδέχθιι

1970 2032 2069 2103 τὴν
2120 2032 2443 2104 ὀργανικὴν.
2480 2021 2750 2104 Ταύτῃτοι
2790 2032 2885 2085 καὶ
2920 2032 3068 2102 μέγα
3101 2028 3444 2103 φρονοῦντες
3475 2034 3570 2091 ἐπὶ

1969 2124 2162 2178 Μωσεῖ
2183 2162 2200 2187 ,
2244 2124 2314 2177 τὰ
2361 2122 2601 2195 Χριστοῦ
2644 2122 2995 2194 παιδεύματα
3039 2124 3410 2194 διαγελᾶοθαι
3453 2123 3566 2182 &tt-

1966 2212 2134 2284 ᾤοντό
2171 2229 2233 2266 τε
2270 2212 2369 2267 καὶ
2397 2212 2667 2280 ἔφασκον·
2714 2214 2921 2284 Μωσῆς
2951 2210 2981 2267 ό
3013 2212 3451 2282 demetunt:
3474 2215 3559 2271 δι’

1967 2303 2231 2375 ὀμμάτων
2256 2303 2544 2376 αἰσθήσεσι
2570 2303 2670 2374 τὴν
2697 2302 2851 2358 θείαν
2878 2306 3010 2376 ἡμῖν
3044 2306 3344 2380 παρέθηκε
3375 2308 3560 2380 φῦσιν,

1967 2393 2059 2446 καὶ
2089 2394 2276 2465 φωνῆς
2309 2394 2413 2464 τῆς
2444 2388 2651 2448 ἀνωθεν
2676 2392 2912 2448 ἀκοῦσαι
2937 2390 3299 2468 δεδώρηται·
3333 2399 3454 2465 πῶς
3479 2393 3576 2457 ὧν

1965 2478 2390 2551 ἀμαθαίνοντας,
2434 2483 2529 2537 καὶ
2563 2482 2701 2537 πολὺ
2730 2482 2824 2538 τοῦ
2854 2484 3177 2557 πρέποντος
3207 2489 3561 2548 ἀπονενευκό-

1964 2589 2083 2636 τας.
2117 2571 2216 2626 καὶ
2259 2573 2359 2647 τῆς
2405 2573 2668 2647 ἀληθείας
2713 2574 3182 2649 ἀπεσφαλμένους
3229 2581 3504 2655 διήλεγξεν
3523 2587 3551 2641 6

1963 2665 2233 2736 Χριστόςς
2271 2666 2507 2739 ιἈμὴν,
2548 2668 2716 2742 ἀμὴν,
2748 2671 2904 2750 φησὶ,
2933 2669 3081 2739 λέγω
3112 2668 3291 2743 ὑμῖν,
3318 2675 3554 2748 oonp-

1961 2756 2059 2829 v¹l2v
2084 2751 2250 2812 αὑτοῦ
2275 2756 2498 2812 πώποτε
2524 2761 2821 2831 ἀκηκόατε,
2857 2762 2980 2817 οὔτε
3013 2758 3169 2831 εἶδος
3194 2768 3377 2823 αὐτοῦ
3403 2767 3560 2843 ἐαρί-

1960 2865 2119 2917 κατε,
2138 2850 2238 2906 καὶ
2261 2847 2353 2905 τὸν
2373 2850 2530 2919 λόγον
2551 2847 2718 2906 αὑτοῦ
2739 2856 2842 2910 οὐκ
2866 2855 3018 2928 ἔχετε
3060 2859 3122 2912 ὲν
3149 2858 3299 2931 ὑμῖν
3321 2864 3558 2935 μένοντι,

1958 2940 2039 2993 ὄτι
2056 2941 2116 2993 δν
2137 2939 2458 2996 ἀπέστειλεν
2486 2944 2720 3010 ἐκεῖνος,
2734 2946 2912 3021 τούτῳ
2933 2944 3094 3020 ὑμεῖς
3111 2950 3183 3004 οὐ
3214 2954 3544 3011 πιστεύετε.»

1958 3031 2152 3085 Καίτοι
2184 3031 2295 3102 γὰρ
2323 3032 2449 3087 ἐνὸν
2475 3034 2535 3089 ὲν
2563 3029 2678 3108 Υἱῷ
2704 3036 2803 3109 τὴν
2825 3037 2920 3092 τοῦ
2946 3038 3086 3093 Θεοῦ
3113 3042 3228 3097 καὶ
3264 3044 3461 3119 Πατρὶς
3479 3037 3540 3099 εὖ

1968 3120 2114 3190 μάλα
2145 3121 2519 3179 καταθεᾶσθαι
2558 3124 2747 3197 φύσιν,
2778 3126 2938 3181 τοῦτο
2986 3126 3091 3200 μὲν
3141 3133 3259 3187 οὐκ
3299 3134 3460 3207 ἕδρα
3489 3133 3538 3187 ἅ

1962 3214 2205 3280 δείλαιοι,
2235 3217 2374 3289 πυρὶ
2393 3216 2452 3271 δὲ
2491 3220 2587 3272 καὶ
2607 3214 2791 3291 γνόφῳ
2819 3220 2913 3274 καὶ
2940 3224 3181 3288 καπνοῖς
3215 3225 3285 3280 τδ
3312 3226 3418 3298 τῆς
3438 3224 3543 3281 θύ-

1961 3324 2123 3378 τητος
2141 3304 2284 3373 εἶδος
2299 3309 2561 3367 ἀνάπτειν
2582 3311 2976 3384 τεθαρσήκασι.
2995 3313 3090 3369 Διὸ
3110 3315 3183 3390 δὴ
3208 3321 3362 3375 κατὰ
3383 3320 3547 3392 βραχῖι

1964 3399 2380 3469 μεταπαιδεὺων
2428 3400 2522 3454 ἐπὶ
2568 3400 2628 3454 τὸ
2671 3402 2896 3474 ἄμεινον
2940 3406 3036 3459 καὶ
3088 3409 3416 3482 χρήσιμον,
3464 3410 3550 3464 καὶ

1959 3490 2281 3544 ἀναπλέκων
2312 3491 2391 3557 τῷ
2420 3490 2717 3561 θεοπρεπεῖ
2736 3489 2800 3546 τδ
2827 3492 3208 3567 ἀνθρώπινον,
3247 3501 3496 3571 (pem
3517 3500 3550 3557 ό

1959 3582 2150 3654 Σωτήρ
2169 3600 2181 3614 ·
2221 3602 2239 3633 ι
2264 3584 2321 3637 Ὀ
2346 3586 2617 3639 πιστεύων
2645 3586 2724 3649 είς
2751 3587 2873 3656 ἐμὲ,
2900 3590 2961 3642 οὐ
2995 3591 3255 3646 πιστεύει
3295 3597 3380 3658 εἰς
3428 3595 3546 3667 ἐμὲ,

1958 3673 2073 3728 ἀλλ’
2103 3678 2179 3738 είς
2201 3677 2291 3728 τὸν
2319 3677 2612 3747 πέμψαντά
2647 3695 2736 3749 με.
2765 3680 2874 3732 Καὶ
2895 3681 2925 3732 ό
2950 3679 3177 3753 θεωρῶν
3200 3686 3329 3756 ἐμὲ,
3350 3686 3548 3760 θεωρεῖ

1956 3769 2047 3822 τὸν
2075 3770 2474 3826 ἀποστείλαντά
2509 3790 2598 3843 με.
2627 3775 2780 3828 »Ὅτι
2816 3775 2916 3846 μὲν
2948 3775 3061 3845 γάρ
3090 3778 3193 3832 οὐκ
3226 3783 3309 3845 είς
3333 3782 3544 3854 ἄνθρω-

1956 3880 2057 3916 πον
2087 3862 2271 3927 ἁπλῶς
2296 3865 2330 3934 ὴ
2355 3864 2558 3932 πίστις,
2591 3866 2706 3920 ἀλλ’
2731 3870 2811 3931 είς
2835 3867 2971 3922 Θεοῦ
2996 3870 3180 3937 φύσιν,
3213 3876 3265 3928 εί
3295 3877 3396 3929 καὶ
3415 3870 3490 3949 ἦν
3509 3877 3538 3930 6

1954 3953 2127 4024 Λόγος
2153 3956 2210 4007 ὲν
2235 3958 2421 4027 σαρκὶ,
2439 3956 2529 4011 διὰ
2554 3956 2650 4010 τοῦ
2689 3960 2763 4032 μὴ
2791 3961 2868 4022 είς
2888 3960 3049 4014 αὐτὸν
3075 3964 3426 4034 πράττεσθαι
3443 3966 3532 4040 tip

1953 4044 2157 4111 πίστιν,
2194 4042 2253 4099 εὗ
2283 4047 2429 4117 μάλα
2457 4048 3017 4120 διαμεμήννκεν.”οτι
3049 4054 3105 4107 δέ
3132 4058 3289 4112 ἐστιν
3314 4062 3379 4114 ἐν
3410 4080 3532 4116 ταν-

1953 4153 1983 4189 τ
2065 4154 2134 4207 ,τι
2181 4141 2247 4207 τῇ
2302 4138 2444 4192 κατά
2491 4140 2670 4193 πάντα
2699 4140 2781 4212 τῷ
2808 4143 2929 4214 Θεῷ
2959 4146 3053 4198 καὶ
3084 4147 3284 4221 Πατρὶ,
3312 4150 3406 4207 διὰ
3435 4152 3530 4225 τὴν

1952 4225 2185 4297 φυσικὴν
2216 4228 2512 4298 ἐμφέρειαν
2537 4231 2632 4284 καὶ
2657 4231 2721 4285 τὸ
2742 4235 2842 4304 τῆς
2875 4235 3063 4299 οὐσίας
3090 4239 3266 4292 οίονεὶ·
3286 4259 3527 4298 ταυτοει-

1947 4314 2056 4379 δὲς,
2083 4314 2327 4386 διεσάφει
2375 4317 2547 4388 λέγων
2568 4339 2580 4350 ·
2633 4341 2651 4373 t
2675 4322 2736 4375 '0
2768 4322 2991 4394 θεωρῶν
3037 4327 3160 4397 ἐμὲ,
3192 4329 3396 4405 θεωρεῖ
3436 4336 3526 4390 τὸν

275 4405 402 4460 tatis
427 4404 647 4476 propria
675 4402 796 4473 jure
830 4413 1124 4460 censentur
1158 4419 1223 4460 ea
1262 4419 1383 4475 quae
1423 4414 1551 4459 sunt
1593 4405 1649 4460 in
1691 4415 1838 4461 utro-
1876 4420 1921 4474 n
1947 4407 2240 4478 πέμψαντά
2268 4426 2357 4479 με.
2392 4430 2412 4462 ι
2432 4410 2650 4485 Ἐπειδὴ
2674 4413 2731 4466 δὲ
2760 4416 2789 4469 ὁ
2815 4415 3007 4489 Πατὴρ
3030 4421 3088 4471 ὲν
3112 4419 3229 4492 Υίῷ
3254 4422 3522 4498 λαμπρῶς

273 4512 399 4565 que.
425 4496 769 4567 Proindeque
799 4498 866 4553 sd
894 4512 1050 4554 snum
1085 4497 1298 4553 Patrem
1332 4513 1397 4553 ae
1417 4495 1586 4554 Deum
1617 4498 1797 4554 aiebat
1825 4521 1839 4557 :

281 4606 301 4640 ι
338 4590 528 4644 Omnia
570 4603 688 4644 mea
736 4598 824 4644 tua
863 4600 1023 4657 sunt,
1075 4601 1131 4646 et
1176 4601 1265 4645 tus
1305 4606 1424 4645 mea
1456 4590 1524 4647 ⁸⁸.
1552 4608 1574 4643 ι
1616 4591 1839 4660 lmagiui

273 4679 415 4733 enim
456 4695 578 4734 cum
637 4695 766 4736 vero
803 4681 1141 4750 exemplari,
1201 4690 1258 4735 et
1307 4695 1498 4736 rursus
1546 4683 1841 4751 exemplari

271 4784 393 4823 cnm
418 4770 695 4826 simillima
719 4772 953 4842 imagine
987 4771 1192 4827 nullum
1225 4781 1311 4827 est
1335 4773 1624 4827 discrimen
1645 4810 1661 4837 ,
1691 4774 1838 4844 quod

271 4864 340 4917 sd
365 4862 786 4920 similitudinem
819 4864 1071 4919 nimirum
1115 4873 1324 4933 spectat
1367 4877 1431 4919 ac
1461 4863 1648 4919 lormae
1680 4864 1836 4919 ideu-

270 4950 498 5006 titstem.
558 4949 711 5006 Unde
770 4967 894 5008 cum
950 4952 1230 5023 Philippus
1280 4969 1422 5009 uuus
1474 4967 1506 5008 e
1555 4954 1835 5025 discipulis

266 5046 409 5102 baud
439 5044 572 5101 satis
610 5048 949 5100 considerate
979 5056 1239 5117 rogaret:
1281 5064 1300 5097 ι
1337 5046 1581 5111 Domine,
1615 5052 1835 5102 ostende

266 5136 423 5192 nobis
451 5136 704 5200 Patrem,
743 5145 799 5190 et
833 5136 1033 5191 suflicit
1058 5139 1215 5193 nobis
1236 5178 1256 5203 ,
1293 5156 1312 5190 ι
1355 5138 1831 5208 interrogationem

260 5242 534 5296 carpens:
570 5248 590 5281 ι
629 5229 802 5284 Tanto
838 5238 1103 5299 tempore,
1131 5231 1325 5300 inquit,
1359 5229 1636 5285 vobiscum
1669 5243 1789 5284 sum
1813 5270 1831 5296 ,

261 5328 317 5374 et
341 5334 446 5374 nou
471 5322 765 5390 cognovisti
790 5335 876 5376 me
893 5362 909 5385 ,
933 5320 1221 5391 philippe?
1261 5321 1360 5389 Qui
1389 5322 1532 5375 videt
1552 5334 1662 5384 me,
1684 5320 1832 5375 videt

259 5419 317 5463 et
341 5407 575 5463 Patrem.
615 5411 730 5465 Non
755 5413 934 5468 credis
978 5413 1100 5480 qnia
1147 5427 1246 5479 ego
1272 5413 1324 5465 in
1349 5411 1540 5477 Patre,
1572 5421 1626 5468 et
1669 5411 1829 5466 Pater

261 5500 316 5556 in
348 5515 434 5555 me
474 5510 556 5554 est
584 5501 627 5531 ⁸⁷
649 5502 674 5534 ⁹
711 5503 820 5557 8110
852 5514 907 5558 et
940 5503 1101 5559 Pater
1123 5542 1142 5568 ,
1172 5517 1337 5555 unum
1375 5517 1562 5556 srnnns
1584 5501 1649 5556 ⁸⁸.
1682 5521 1702 5553 ι
1739 5500 1826 5556 Fi·

1942 4502 2034 4556 xa'l
2049 4501 2484 4574 ἀπαραλλάκτως
2508 4507 2700 4574 ὁρᾶται
2736 4507 2829 4560 καὶ
2856 4508 3207 4578 γινώσκεται,
3229 4516 3392 4570 κοινά
3409 4533 3523 4582 πως

1942 4593 2043 4664 ἤδη
2068 4595 2136 4648 τὰ
2165 4596 2343 4648 πάντα
2372 4595 2575 4660 αὐτοῖς,
2610 4599 2811 4668 μᾶλλον
2856 4600 2914 4653 δὲ
2957 4601 3057 4671 τῆς
3089 4605 3222 4672 μιᾶς
3268 4607 3521 4682 Osos-rrae

1943 4684 2050 4737 ἴδια
2074 4686 2236 4736 νοοῖτ’
2286 4684 2352 4738 ἂν
2377 4686 2602 4750 εἰκότως
2638 4689 2706 4742 τὰ
2749 4690 2809 4742 ἐν
2850 4691 3071 4761 ἀμφοῖν.
3102 4694 3399 4768 Τοιγάρτοι
3428 4701 3518 4755 καὶ

1942 4774 2147 4842 ἔφασκε
2215 4778 2355 4847 πρὸς
2404 4778 2496 4832 τὸν
2544 4781 2739 4835 ἑαυτοῦ
2787 4782 3008 4855 Πατέρα
3034 4788 3151 4841 ’καὶ
3201 4786 3341 4842 Θεδν
3365 4834 3382 4858 ,
3437 4795 3520 4847 δτι

1946 4884 1965 4917 ι
1996 4864 2181 4919 Πάντα
2222 4868 2290 4921 τὰ
2332 4869 2462 4937 ἐμὲ,
2493 4871 2565 4923 σά
2594 4871 2732 4935 ἑστι,
2769 4872 2863 4925 καὶ
2889 4875 2958 4926 τά
2994 4874 3081 4937 σὰ,
3110 4876 3239 4945 ἐμά.
3274 4899 3296 4929 ι
3336 4881 3517 4936 Binda

1942 4957 2042 5026 μὲν
2072 4958 2180 5029 γὰρ
2214 4960 2349 5027 πρὸς
2377 4961 2438 5012 τὸ
2467 4962 2712 5031 ἀκριὸὧς
2756 4963 3026 5029 ξσότυπον,
3080 4967 3326 5039 ἰσοτύπῳ
3356 4971 3414 5025 δὲ
3450 4967 3516 5026 αὖ

1934 5049 2070 5119 πρὸς
2118 5051 2531 5121 {prespexit-:qv
2585 5053 2767 5106 εἰκόνα
2792 5095 2810 5118 ,
2852 5054 2914 5108 τὸ
2957 5056 3277 5114 διαλλάττον
3325 5065 3513 5126 cmv.

1935 5141 2078 5194 κατὰ
2101 5157 2188 5208 γε,
2224 5145 2385 5211 φημὶ,
2411 5145 2469 5195 τὸ
2487 5148 2543 5195 ὲν
2563 5144 2818 5213 ὁμοιώσει
2845 5164 2906 5200 τε
2924 5149 3012 5200 καὶ
3032 5152 3109 5212 ὡς
3137 5151 3196 5202 ἐν
3221 5153 3358 5208 εἷδει
3381 5172 3517 5209 ταυ-

1929 5231 2040 5284 τόν.
2060 5232 2171 5285 Καὶ
2188 5232 2316 5301 γοῦν
2345 5236 2445 5286 οὐκ
2465 5235 2524 5298 ἐξ
2543 5236 2804 5305 ἁκριόοῦς
2828 5239 3035 5301 ἐννοίας
3061 5240 3514 5309 φιλοπευστοῦντί

1931 5337 2059 5374 ποτε
2085 5321 2192 5373 τῶν
2241 5324 2497 5395 μαθητῶν
2536 5326 2618 5378 ἐνὶ
2647 5328 2936 5396 (Φίλιππος
2962 5323 3116 5392 οὗτος
3144 5327 3261 5403 ἦν),
3294 5335 3512 5405 λέγοντί

1926 5426 2023 5463 τε·
2068 5430 2086 5460 ι
2121 5412 2288 5481 Κύριε
2313 5454 2327 5477 ,
2371 5412 2546 5476 δεῖξον
2590 5416 2727 5484 ἡμῖν
2776 5417 2868 5468 τὸν
2911 5420 3125 5489 Πατέρα
3150 5460 3166 5485 ,
3211 5427 3309 5476 καὶ
3346 5425 3515 5498 ἀρκεῖ

1928 5504 2078 5573 ἡμῖν·
2111 5523 2128 5552 ι
2163 5504 2261 5555 οὑκ
2279 5502 2580 5574 ἀμώμητον
2600 5507 2756 5574 ἀφεὶς
2777 5507 2874 5578 τὴν
2904 5508 3193 5582 ἐρώτησιν,
3223 5515 3516 5591 «Τοσούτῳ

339 5659 386 5694 “
411 5658 569 5717 ioan.
606 5675 658 5726 r,
683 5659 771 5724 57,
804 5658 896 5714 58.
969 5659 1192 5715 “Joaw
1231 5675 1304 5715 an
1325 5699 1339 5724 ,
1373 5659 1476 5721 lt,
1506 5659 1597 5717 ⁴5.
1674 5660 1719 5691 ⁸⁸
1741 5658 1896 5714 Joan.
1930 5675 2060 5717 xvn.
2094 5660 2182 5714 lo.
2261 5660 2304 5690 ⁸⁷
2340 5659 2494 5716 «loan-
2526 5675 2635 5726 τιν,
2660 5661 2807 5718 8-10.
2890 5665 2937 5699 δ·
2966 5666 3121 5725 loun.
3154 5685 3210 5737 ς,
3239 5672 3332 5729 ω,

548 5947 585 5965 Q
