3809 6125
261 322 395 379 ¹251

1252 311 1313 366 S.
1355 305 1632 365 CYRlLLl
1671 298 2148 359 ALEstoRtNt
2186 298 2495 355 Aneltlsst'.

3426 275 3566 336 {252

261 437 532 509 corporis,
575 443 631 491 et
678 430 1025 505 pertusiones
1066 430 1182 487 sire
1232 427 1498 484 foramina
1545 425 1840 481 clavorum.
1873 422 1921 479 Α
1948 418 2049 490 ράν
2070 433 2131 470 τε
2165 415 2263 487 τὴν
2314 414 2562 485 σώματος
2603 412 2697 468 καὶ
2729 410 2831 474 τὰς
2864 404 3190 479 διατρήσας
3223 400 3352 455 τῶν
3392 400 3559 473 ἥλων.

260 530 401 599 Quin
433 540 488 584 et
520 527 734 583 divinus
766 523 940 579 Lucas
972 522 1051 577 ait
1079 528 1297 578 sanctos
1325 517 1600 589 apostolos
1633 523 1849 585 specta-

264 633 410 677 tore-s
446 627 503 674 et
544 618 823 673 ministros
848 614 1008 670 Verbi
1046 613 1214 668 l'uisse
1234 611 1303 665 ¹¹.
1342 609 1542 665 Factus
1579 617 1664 662 est
1697 605 1846 661 enim

261 726 591 783 eonsptcuus
637 710 728 779 qni
777 717 861 763 est
907 708 1293 775 incorporeus,
1337 711 1393 757 et
1440 697 1846 757 contrectabilis

263 804 356 872 qui
390 802 535 871 tangi
569 799 788 870 nequit,
819 811 1044 854 carnem
1075 810 1236 866 quam
1270 792 1449 848 induit
1478 806 1584 846 non
1614 789 1847 844 alienam

263 907 298 947 a
330 908 389 948 se
422 891 660 956 babens,
696 889 792 944 sed
824 887 1104 957 proprimn
1137 884 1241 940 sibi
1280 883 1536 954 templum
1568 879 1845 946 efficiens;

266 993 323 1040 et
368 999 491 1038 cum
539 997 603 1036 ea
653 980 902 1051 cognitus
953 988 1013 1033 ut
1064 976 1206 1031 Deus
1254 983 1311 1031 et
1363 974 1644 1029 Dominus.
1695 970 1847 1026 Nosti

267 1077 431 1130 etiam
457 1074 584 1144 quid
609 1072 991 1127 sanctissimus
1015 1070 1104 1124 ille
1128 1067 1327 1123 Paulus
1350 1066 1543 1122 scribit
1567 1048 1582 1120 ὲ
1608 1082 1628 1116 ‹
1655 1060 1847 1131 Nemo,

272 1168 470 1237 inquit,
512 1176 754 1222 nostrum
795 1163 900 1218 sibi
940 1162 1098 1225 vivit,
1139 1169 1196 1214 et
1236 1172 1398 1214 nenio
1444 1155 1549 1212 sibi
1594 1156 1846 1210 moritur.

273 1259 399 1314 Sive
425 1257 570 1311 enim
595 1257 849 1318 vivimus,
879 1253 1103 1307 Domino
1127 1251 1390 1315 vivimus;
1415 1249 1532 1304 sive
1560 1248 1845 1312 morimur,

276 1347 502 1403 Domino
528 1347 807 1400 morimur.
837 1343 963 1398 Sive
986 1356 1116 1410 ergo
1143 1341 1395 1404 vivimus,
1423 1339 1538 1393 sive
1565 1336 1846 1402 morimur,

271 1437 481 1494 Durnini
519 1452 728 1491 snmus.
765 1434 820 1489 ln
859 1435 961 1488 boc
998 1433 1141 1486 enim
1175 1430 1427 1487 Cbristus
1460 1438 1706 1482 mortuus
1740 1434 1845 1492 est,

244 1539 328 1585 -et
356 1529 675 1589 resurrexit,
703 1534 762 1580 ut
791 1534 846 1580 et
877 1524 1122 1579 vivorum
1154 1531 1209 1577 et
1237 1532 1574 1575 mortuorum
1604 1517 1850 1573 domine-

269 1631 359 1676 tur
392 1621 459 1675 ⁸⁸.
498 1638 518 1672 ι
553 1617 778 1673 Constat
811 1616 993 1685 itaque
1030 1615 1171 1684 quod
1208 1628 1395 1668 revera
1427 1612 1737 1667 dominatus
1781 1608 1852 1663 sit

1948 507 2281 579 Γεγενῆσθαι
2327 506 2387 560 δέ
2420 520 2550 575 φησι
2585 505 2711 567 τοὺς
2744 502 2939 572 ἁγίους
2983 493 3351 559 ἀποστόλους
3396 492 3498 549 καὶ
3533 495 3563 551 ό

1950 599 2091 662 θεῖος
2118 601 2252 669 ἡμῖν
2285 597 2507 659 Λουκᾶς
2558 594 2829 657 αὐτόπτας
2875 608 2938 645 τε
2982 588 3084 644 καὶ
3124 584 3439 666 nymphea<
3470 583 3558 640 τοῦ

1949 690 2148 759 Λόγου.
2172 691 2367 758 Γέγονε
2396 689 2506 761 γὰρ
2520 685 2769 757 ἐμφανὴς
2796 687 2826 740 ὁ
2846 681 3170 753 ἀσώματος,
3208 678 3324 733 καὶ
3350 677 3560 744 ἀπτδςό

1948 782 2186 855 ἀναφὴς,
2210 783 2312 835 οὐκ
2338 780 2545 835 ὀθνεῖον
2564 778 2705 849 ἔχων
2731 776 2812 831 ἔτι
2838 773 3162 847 περίόλημα
3191 771 3309 844 τὴν
3331 768 3448 826 ἀπὸ
3463 770 3560 843 γῆς

1951 875 2151 945 σάρκα,
2180 872 2294 928 ἀλλ’
2331 872 2461 926 ἴδιον
2491 870 2663 941 αὐτὴν
2693 868 3067 939 ποιησάμενος
3114 862 3282 931 ναδν,
3328 863 3432 918 καὶ
3470 865 3560 918 σῦν

1950 966 2087 1038 αὐτῇ
2122 963 2545 1036 γνωριζόμενος,
2575 961 2650 1026 ὡς
2678 959 2813 1023 Θεὸς
2836 958 2931 1012 καὶ
2958 956 3197 1029 Κύριος.
3232 953 3559 1026 Γεγραφόω

1950 1056 2009 1111 δὲ
2044 1052 2204 1111 οἶσθά
2250 1072 2355 1110 που
2404 1055 2497 1109 τὸν
2539 1053 2832 1126 ἱερώτατον
2879 1049 3122 1105 Παῦλον·
3175 1067 3197 1101 s
3224 1047 3435 1112 Οὐδεὶς
3462 1046 3558 1119 γὰρ

1952 1149 2112 1222 ἡμῶν
2140 1148 2324 1220 ἑαυτῷ
2349 1146 2442 1221 ζῇ,
2470 1147 2567 1202 καὶ
2601 1146 2776 1209 οὐδεὶς
2806 1142 2983 1214 ἑαυτῷ
3017 1140 3411 1213 ἀποθνήσκει.
3447 1139 3556 1195 'nv

1952 1258 2013 1295 τε
2043 1241 2153 1312 γὰρ
2180 1239 2383 1312 ζῶμεν,
2405 1238 2484 1309 τῷ
2513 1238 2706 1309 Κυρίῳ
2734 1235 2941 1307 ζῶμεν·
2973 1234 3075 1287 ὲάν
3104 1249 3166 1286 τε
3202 1231 3558 1303 ἀποθνήσκει·

1955 1349 2073 1405 μεν,
2114 1330 2192 1402 τῷ
2234 1330 2429 1402 Κυρίῳ
2468 1328 2911 1398 ἀποθνήσκομεν.
2949 1324 3083 1379 Ἐάν
3117 1340 3180 1377 τε
3226 1318 3337 1378 οὖν
3372 1321 3556 1396 ζῶμεν,

1952 1424 2048 1478 ἐάν
2078 1440 2140 1475 τε
2168 1421 2630 1493 ἀποθνήσκωμεν,
2674 1419 2772 1473 τοῦ
2800 1417 3009 1488 Κυρίου
3046 1416 3259 1489 ἐσμὲν.
3301 1416 3403 1482 Εἰς
3422 1416 3556 1473 wia

1952 1514 2061 1585 γὰρ
2088 1512 2324 1585 Χριστὸς
2352 1510 2618 1576 ἀπέθανε,
2664 1511 2758 1564 καὶ
2806 1508 3027 1581 ἔζησεν,
3078 1507 3175 1561 ἶνα
3227 1507 3336 1562 καὶ
3370 1499 3554 1581 vens&

1953 1604 2049 1659 καὶ
2079 1602 2297 1669 ζώντων
2327 1602 2613 1675 κυριεύσῃ.
2646 1620 2666 1654 ι
2713 1602 2952 1672 ΙἈραρεν
2980 1594 3107 1665 οὖν,
3149 1598 3242 1652 ὅτι
3290 1598 3556 1672 κεκυρίευ·

272 1723 611 1766 mortuorum
642 1719 696 1763 et
725 1709 1050 1772 viventium,
1080 1707 1170 1776 qui
1203 1721 1308 1760 non
1338 1703 1409 1759 ob
1437 1704 1598 1757 aliam
1629 1716 1891 1757 causam-
1958 1717 2054 1755 κεν
2080 1698 2297 1772 ἀληθῶς
2326 1695 2541 1768 νεκρῶν
2570 1713 2631 1749 τε
2663 1694 2758 1749 καὶ
2798 1694 3026 1761 ζώντων
3053 1694 3088 1746 ό
3143 1693 3229 1765 μὴ
3260 1693 3453 1766 ἐτέρου
3476 1708 3555 1747 s-

273 1820 434 1875 quam
461 1804 532 1858 ob
561 1803 703 1857 hanc
731 1801 901 1857 solam
934 1810 1183 1855 mortuus
1211 1810 1296 1853 est
1326 1807 1382 1853 et
1411 1796 1732 1853 resurrexit.

1886 1767 1932 1823 B
1958 1794 2140 1865 χάριν,
2176 1791 2210 1863 ἢ
2239 1792 2325 1848 ὅτι
2351 1791 2506 1846 τοῦδε
2560 1791 2657 1845 καὶ
2693 1788 2860 1861 μόνου
2894 1783 3149 1852 τεθνεὼς
3192 1788 3306 1843 καὶ
3347 1787 3557 1859 ἐγηγερ-

1853 1955 1859 1962 .
1960 1885 2141 1957 μένος·

343 1978 408 2036 Β.
448 1978 700 2036 Omnino.

343 2073 410 2126 Α.
452 2073 751 2138 Quemnam
807 2068 971 2140 igitur
1010 2066 1256 2123 dicemus
1304 2064 1535 2122 subiisse
1586 2072 1850 2128 mortem,

275 2177 602 2232 rursumque
630 2158 1027 2217 resurrexisse?
1469 2149 1478 2156 ’

343 2251 408 2308 Β.
450 2252 645 2307 Filium
675 2252 938 2322 profecto.

347 2346 413 2399 Α.
453 2343 648 2400 Filium
684 2345 900 2414 quidem
940 2351 1085 2398 recte
1120 2340 1282 2406 dicis,
1311 2349 1476 2410 atque
1506 2353 1605 2409 ego
1644 2340 1695 2394 id
1730 2353 1855 2410 pro-

275 2436 472 2492 barim.
511 2434 780 2490 Caeterum
821 2434 925 2489 boe
968 2449 1033 2488 ex
1079 2443 1131 2490 te
1176 2433 1331 2487 velim
1378 2444 1741 2500 cognoscere,
1785 2444 1852 2484 an

277 2524 514 2582 Verbum
543 2542 609 2582 ex
639 2527 745 2581 Deo
775 2514 938 2580 Patre
966 2525 1039 2579 sit
1071 2522 1300 2579 mortale
1322 2531 1378 2576 et
1405 2522 1733 2592 corruptioni
1760 2521 1856 2576 ob-

277 2620 530 2680 noxium:
569 2633 637 2672 an
677 2618 853 2687 potius
893 2625 1066 2672 morte
1105 2622 1160 2671 et
1197 2613 1543 2684 corruptione
1579 2615 1850 2683 superius,

277 2717 336 2762 ut
362 2709 492 2762 vita.

348 2801 410 2858 B.
450 2800 727 2857 Posterius
752 2798 786 2853 h
809 2817 855 2857 »c
884 2801 1284 2857 affirmaverim.

346 2890 412 2945 A.
455 2890 733 2958 Quomodo
761 2891 924 2961 igitur
950 2894 1178 2947 mortuis
1205 2897 1593 2945 annumeratus
1616 2899 1730 2958 est,
1760 2893 1849 2962 qui

278 2979 414 3037 liber
435 2990 519 3036 est
545 2983 840 3035 secundum
869 2980 1215 3052 Scripturas?
1240 2979 1422 3049 Neque
1448 2980 1593 3034 enirn
1613 2977 1850 3035 Verbum

277 3089 374 3144 pet·
395 3087 454 3128 se
481 3074 616 3127 tnori
647 3082 829 3143 queat.

346 3162 408 3217 B.
450 3163 587 3229 Quia
630 3174 841 3218 mortua
885 3162 1052 3233 ipsius
1089 3178 1273 3232 carne,
1312 3163 1427 3235 ipse
1468 3165 1570 3220 boc
1614 3165 1722 3236 pati
1764 3163 1850 3218 di·

277 3251 436 3308 citur.

347 3346 415 3400 Δ.
457 3344 778 3404 Rectissime
801 3347 995 3403 sentis.
1020 3348 1277 3412 Proinde,
1307 3365 1410 3404 non
1438 3350 1639 3418 absque
1663 3361 1848 3415 carne,

278 3437 371 3492 sed
400 3437 578 3507 potius
605 3439 764 3492 simul
791 3454 910 3493 cum
941 3440 1031 3494 illa
1057 3441 1444 3496 dominationis
1470 3441 1694 3512 gloriam
1721 3455 1851 3496 con-

278 3541 498 3586 secutus
523 3539 639 3595 est,
667 3531 758 3600 qui
791 3528 903 3599 lege
933 3532 1119 3586 carnis
1147 3541 1202 3587 et
1233 3544 1424 3586 natura
1458 3534 1619 3588 simili
1651 3543 1851 3590 nostrae

279 3631 524 3679 mortuus
560 3633 644 3678 est
681 3633 736 3678 et
773 3624 1088 3679 resurrexit.
1127 3623 1372 3679 Humana
1410 3625 1629 3695 quidem
1669 3628 1851 3697 passio

278 3722 363 3768 est
397 3715 568 3776 mori;
603 3711 765 3783 713
799 3713 1037 3768 divinam
1074 3728 1201 3769 vero
1235 3715 1343 3768 vim
1380 3727 1545 3785 atque
1576 3719 1855 3785 operatio-

281 3820 404 3861 nem
435 3809 764 3875 resurgendo
792 3805 1030 3858 ostendit
1062 3823 1076 3859 :
1108 3815 1169 3860 ut
1196 3819 1292 3876 per
1316 3815 1606 3877 utrumque
1635 3809 1735 3863 boc
1761 3821 1853 3864 co·

281 3904 592 3964 gnoscatur‚
634 3903 688 3948 et
731 3893 925 3948 similis
964 3894 1151 3960 nobis,
1191 3904 1246 3950 et
1291 3896 1448 3951 nobis
1489 3899 1754 3968 superior,
1798 3909 1856 3955 ut

286 3990 427 4045 Deus
477 3989 872 4052 universorum,
916 3996 969 4042 et
1027 3987 1313 4042 nobiseum
1364 3987 1559 4055 sactus,
1602 4000 1857 4045 cernatur

282 4097 403 4136 cum
434 4081 614 4135 Patre.
643 4081 753 4134 lloc
783 4089 940 4150 pacto
969 4079 1143 4149 ipsum
1174 4095 1505 4150 cognoscens
1531 4080 1851 4147 Natbanael‚

281 4169 419 4223 dixit
475 4185 488 4222 :
545 4187 562 4219 ι
625 4168 900 4236 Magister,
963 4176 1016 4222 tu
1060 4182 1119 4223 es
1155 4167 1326 4224 Filius
1365 4170 1492 4237 Dei;
1559 4181 1613 4226 tu
1657 4188 1717 4228 es
1760 4189 1856 4229 rex

280 4258 532 4316 lsrael·⁹.
566 4280 584 4313 ι
618 4259 736 4330 lpse
784 4273 920 4313 >vero
964 4259 1077 4314 suis
1131 4259 1414 4330 discipulis
1455 4261 1670 4329 inquit:
1701 4281 1720 4314 ι
1746 4262 1856 4321 Vos

282 4362 463 4407 autem
489 4351 692 4404 vocatis
724 4364 805 4403 me
835 4347 1122 4403 Dominum
1154 4358 1208 4403 et
1239 4349 1589 4420 magistrunu
1627 4363 1681 4407 et
1711 4366 1858 4411 recte

2030 1976 2094 2030 B.
2128 1976 2393 2045 ’Δραρεν.

2028 2066 2094 2122 Α.
2126 2065 2263 2119 Τίνα
2289 2065 2354 2136 δὴ
2386 2058 2500 2129 οὖν,
2544 2058 2590 2118 ὧ
2625 2065 2865 2134 γενναῖε,
2893 2060 3122 2134 φαμὲν,
3147 2059 3233 2127 ὡς
3273 2059 3443 2117 tid&
3470 2059 3552 2132 {th

1957 2158 2212 2224 θάνατον,
2242 2157 2443 2211 ἀνεὸίω
2472 2156 2530 2210 δὲ
2559 2152 2661 2223 αὗς
3190 2153 3200 2159 ’

2025 2250 2088 2304 Β.
2121 2248 2224 2303 Τὸν
2251 2248 2382 2302 Υίδν
2405 2247 2669 2320 δηλονότι.

2016 2345 2083 2397 Α.
2134 2339 2274 2395 Ἀλλ’
2301 2342 2385 2394 ὅτι
2420 2340 2519 2411 μὲν
2548 2341 2640 2395 τὸν
2682 2339 2831 2403 Υἱὸν,
2865 2332 2928 2394 εὖ
2958 2337 3190 2407 λέγεις·
3223 2339 3546 2410 ἐπαινέσομαι

1954 2432 2064 2506 γὰρ
2088 2427 2203 2489 οὖν.
2235 2432 2514 2506 Ἐθέλοιμι
2540 2432 2585 2488 δ’
2601 2433 2665 2487 ἄν
2695 2449 2788 2485 σου
2813 2431 3158 2501 διαμαθεῖν,
3192 2433 3425 2505 πότερον
3449 2430 3542 2500 θη·

1953 2524 2047 2590 τὸς
2110 2526 2204 2581 καὶ
2240 2525 2420 2598 φθορᾷ
2458 2525 2691 2595 κάτοχος
2718 2525 2748 2577 ὁ
2787 2525 2852 2577 ὲκ
2881 2523 3031 2577 Θεοῦ
3065 2525 3302 2598 Πατρὸς
3336 2519 3532 2593 Abram!

1954 2616 2098 2686 πέρα
2133 2617 2363 2671 θανάτου
2391 2617 2487 2671 καὶ
2517 2615 2723 2687 φθορᾶς
2750 2613 3030 2685 ἀμείνων,
3072 2615 3159 2679 ὼς
3187 2616 3328 2689 ζωή.

2026 2793 2087 2849 Β.
2123 2792 2281 2849 osto>
2306 2792 2471 2864 φημί.

2024 2888 2088 2938 Δ.
2122 2881 2257 2939 Εἶτα
2298 2883 2417 2948 πῶς
2463 2884 2687 2954 γέγονεν
2744 2885 2804 2938 ὲν
2841 2889 3112 2957 νεκροῖς,
3160 2890 3260 2945 καὶ
3298 2887 3526 2957 ἐλεύθερος

1953 2975 2049 3045 ὢν,
2094 2975 2235 3030 κατὰ
2278 2975 2379 3038 τὰς
2429 2974 2470 3028 Γ
2475 2974 2688 3046 ραφάς;
2740 2974 2990 3049 Τεθναίη
3038 2980 3171 3051 γὰρ
3211 2980 3266 3035 ἂν
3298 2977 3394 3033 οὔτι
3431 2993 3514 3029 που

1877 3099 1921 3156 C
1953 3068 2075 3123 καθ’
2101 3069 2293 3123 ἑαυτὸν
2321 3070 2349 3122 ό
2380 3069 2572 3138 Λόγος.

2026 3169 2090 3223 Β.
2122 3168 2247 3223 Ὀτι
2265 3165 2573 3240 τεθνεώσης
2606 3166 2769 3221 αὐτοῦ
2795 3167 2901 3238 τῆς
2948 3172 3208 3242 σαρκὸς,
3238 3171 3388 3234 αύτδς
3409 3166 3528 3222 abts

1952 3254 2172 3323 λέγεται
2201 3254 2416 3310 παθεῖν.

2024 3350 2089 3405 Α.
2128 3347 2429 3420 Ὀρθότατά
2472 3366 2535 3418 γε
2582 3349 2675 3401 καὶ
2710 3348 2993 3414 ἀπλανῶς.
3064 3355 3319 3422 Οὐκοῦν,
3355 3354 3410 3408 ού
3445 3352 3544 3421 δίχα

1953 3440 2177 3512 σαρκὸς.
2206 3440 2303 3494 σὺν
2330 3440 2467 3510 αὐτῇ
2498 3439 2555 3492 δὲ
2588 3440 2791 3510 μᾶλλον
2814 3441 2921 3494 καὶ·
2950 3445 3092 3512 μετ’
3126 3448 3330 3519 αὐτῆς,
3361 3447 3446 3517 τὴν
3465 3444 3543 3512 ’.ἧς

1953 3530 2276 3601 κυριότητος
2322 3529 2623 3600 ἀνεδήσατο
2678 3529 2860 3595 δόξαν,
2911 3536 2944 3587 ὁ
3003 3535 3194 3610 νόμῳ
3249 3521 3435 3608 eapse&
3464 3532 3539 3586 ul

1954 3621 2115 3692 φύσει
2144 3624 2213 3693 τῇ
2246 3621 2369 3675 καθ’
2402 3624 2548 3692 ἡμᾶς
2580 3621 2811 3685 τεθνεὼς
2855 3623 2954 3676 καὶ
2983 3625 3397 3703 ἐγηγερμένος.
3436 3625 3531 3678 Ἂν·

1954 3713 2226 3787 θρώπινον
2250 3714 2348 3784 μὲν
2367 3713 2427 3767 τὸ
2448 3713 2700 3770 τεθνάναι
2732 3714 2926 3780 πάθος,
2976 3717 3292 3795 ἐνέργημα
3308 3721 3353 3773 δὲ
3370 3715 3521 3770 θεων

1953 3807 2014 3860 τὸ
2056 3805 2357 3860 ἀναὸιῶναι
2408 3805 2643 3872 δεικνὺς,
2702 3805 2788 3860 ἶνα
2815 3806 2888 3861 δι’
2937 3808 3176 3880 ἀμφοῖν
3224 3810 3502 3885 γωρὶζτΓ-Ιί,

1955 3896 2079 3952 καθ’
2112 3899 2265 3968 ἡμᾶς
2292 3913 2353 3950 τε
2379 3896 2498 3968 ἅμα
2523 3897 2619 3951 καὶ
2647 3898 2787 3969 ὑπὲρ
2813 3900 2966 3970 ἡμᾶς
2997 3902 3090 3968 ὡς
3119 3907 3269 3972 Θεὸς
3288 3902 3512 3961 «tinam.

1956 3990 2052 4046 καὶ
2076 3989 2197 4058 μεθ’
2225 3991 2258 4061 η
2269 3989 2387 4060 μῶν
2414 3993 2678 4060 γεγονὼς,
2707 3992 2880 4062 ὁρῷτο
2912 3996 3072 4064 μετὰ
3113 4000 3360 4072 Πατρός.
3382 3995 3526 4056 ῦῦῐϊς

1956 4081 2117 4135 αὑτὸν
2144 4083 2173 4135 ὁ
2206 4080 2503 4153 Ναθαναὴλ
2545 4083 2949 4149 ἐπιγινώσκων,
2987 4087 3243 4158 ἔφασκε·
3302 4113 3321 4145 r
3359 4086 3533 4149 ‘Pam

1958 4175 2024 4229 σὺ
2084 4170 2135 4227 εί
2192 4176 2222 4228 ό
2287 4174 2413 4238 Υἱὸς
2472 4173 2568 4229 τοῦ
2625 4173 2793 4242 Θεοῦ,
2856 4177 2925 4231 σὺ
2978 4175 3035 4232 εἴ
3086 4185 3119 4237 ὁ
3164 4185 3420 4255 βασιλεὺς
3459 4177 3534 4234 τοῦ

1956 4267 2196 4339 Ἰσραήλ.
2226 4285 2245 4319 ι
2268 4266 2437 4331 Αὐτὸς
2461 4268 2518 4322 δὲ
2542 4270 2654 4334 τοῖς
2672 4268 2866 4322 ἑαυτοῦ
2890 4271 3206 4344 μαθηταῖς·
3235 4296 3256 4330 c
3292 4278 3469 4347 Ὑμεῖς
3490 4270 3535 4326 tt

1957 4359 2172 4413 καλεῖτέ
2214 4376 2302 4427 με,
2347 4359 2535 4430 φησιν,
2579 4360 2609 4412 ό
2656 4359 2859 4431 Κύριος
2905 4363 3003 4416 καὶ
3055 4366 3424 4432 διδάσκαλος,
3460 4364 3535 4418 καὶ

284 4443 491 4508 dicius,
528 4456 646 4497 sum
685 4440 829 4495 enim
859 4440 926 4493 ⁸⁰.
972 4458 991 4492 ι
1031 4439 1109 4496 Re
1142 4452 1322 4496 autem
1360 4441 1474 4511 ipsa
1511 4442 1565 4498 id
1600 4459 1852 4516 compro·
1885 4451 1929 4505 D
1957 4450 2137 4514 καλῶς
2168 4450 2377 4520 λέγετε·
2410 4452 2526 4522 είμὶ
2553 4451 2678 4522 γάρ.
2711 4471 2729 4502 ι
2768 4453 2959 4523 Ἐργῳ
2974 4453 3031 4507 δὲ
3059 4458 3203 4512 αὐτὸ
3232 4458 3537 4526 πςπευόμ.

283 4537 438 4598 bans,
467 4535 693 4590 remittit
722 4543 962 4605 peccata,
991 4541 1045 4588 et
1072 4543 1393 4602 potestatem
1422 4537 1570 4591 dedit
1596 4537 1853 4595 adversus

284 4626 506 4697 spiritus
536 4626 861 4690 immundos,
891 4625 964 4678 im
995 4636 1054 4680 ut
1082 4627 1289 4696 possint
1318 4628 1516 4693 eiicere
1543 4644 1657 4696 eoS,
1685 4639 1741 4685 et
1766 4646 1856 4686 sa-

287 4731 418 4770 nare
443 4731 599 4771 omne
625 4730 795 4786 genus
826 4716 994 4770 morbi
1026 4715 1300 4786 popularis
1317 4717 1385 4771 ⁸⁸.
1411 4716 1601 4775 Nonne
1627 4722 1770 4776 enim
1800 4722 1852 4777 in

286 4808 499 4862 nomine
537 4807 662 4863 Jesu
706 4808 904 4863 Christi
947 4805 1213 4863 Nazareni
1257 4820 1485 4864 sanatur
1521 4810 1746 4867 claudus
1785 4830 1854 4868 ex

286 4909 515 4969 utroque
552 4902 705 4968 pede,
746 4901 938 4956 sedens
975 4900 1042 4954 ad
1082 4912 1293 4971 portam
1333 4914 1451 4972 quae
1491 4904 1686 4960 dicitur
1724 4904 1857 4975 Spe-

285 4991 430 5046 ciosa
452 4990 534 5045 ⁸¹2
559 4990 632 5044 lta
664 4993 826 5047 etiam
859 5007 888 5044 a
921 4991 1175 5049 diuturno
1205 4995 1632 5067 gravissimoque
1667 4998 1856 5054 morbo

286 5084 546 5139 liberatus
575 5093 657 5137 cst
685 5083 906 5149 AEneas,
934 5084 1144 5140 dicente
1173 5087 1239 5142 ad
1269 5094 1391 5140 eum
1423 5087 1605 5143 divino
1635 5084 1801 5145 Paulo
1837 5106 1851 5142 ε

292 5196 311 5229 ι
347 5174 542 5244 AEnes,
573 5184 733 5231 sanat
764 5184 815 5230 te
845 5173 1003 5232 tosus
1034 5176 1365 5234 Christus⁸⁸.
1405 5196 1424 5230 ι

361 5357 420 5411 Β.
459 5357 532 5412 lta
563 5366 665 5413 est.

364 5449 426 5500 Α.
464 5444 623 5503 oanni
651 5449 812 5520 igitur
836 5464 902 5504 ex
931 5459 1085 5520 parte
1111 5451 1371 5521 compulsi
1399 5451 1466 5506 ad
1494 5454 1773 5511 veritatem
1801 5464 1858 5511 et

388 5653 431 5686 2’
457 5651 583 5706 Luc.
616 5668 650 5711 ι.
683 5652 743 5704 2.

294 5728 341 5762 ⁸⁸
363 5727 480 5779 Act.
522 5738 594 5790 tx,
626 5722 716 5776 54.

814 5653 859 5684 ’⁸
884 5651 1037 5708 Ronr.
1072 5655 1321 5711 xtvCl-ss.
1399 5657 1443 5688 ¹⁹
1467 5655 1621 5710 joan.
1658 5672 1693 5722 t,
1725 5657 1811 5716 49.

1917 5662 1935 5691 ⁰
1961 5657 2114 5714 loun.
2154 5675 2271 5724 tttt,
2306 5659 2395 5715 ¹5.

1956 4559 2065 4606 νος,
2100 4543 2283 4613 ἀνίησι
2331 4543 2428 4613 μὲν
2472 4543 2766 4615 ἁμαρτίας,
2797 4544 3055 4610 ἐξουσίαν
3096 4547 3161 4602 δὲ
3207 4549 3384 4604 ἔδωκε
3420 4545 3536 4602 κατὰ

1957 4634 2284 4705 πνευμάτων
2331 4636 2679 4706 ἀκαθάρτων,
2730 4635 2869 4689 ὥστε
2908 4636 3210 4694 ὲκὸἁλλειν
3251 4641 3416 4703 αὐτὰ,
3457 4637 3535 4693 καὶ

1958 4725 2284 4797 θεραπεύειν
2315 4729 2494 4780 πᾶσαν
2532 4727 2685 4781 νόσον
2716 4727 2809 4781 καὶ
2841 4729 3023 4782 πᾶσαν
3063 4731 3357 4800 μαλακίαν
3388 4733 3444 4785 ἐν
3471 4726 3536 4797 τῷ

1956 4813 2092 4885 λαῷ.
2119 4811 2195 4868 'H
2225 4817 2327 4869 οὐκ
2351 4817 2406 4869 ὲν
2436 4815 2658 4884 ὀνόματι
2705 4816 2878 4887 Ἰησοῦ
2912 4818 3164 4887 Χριστοῦ
3199 4820 3533 4894 Ναζωραίου.

1956 4906 2350 4974 τεθεράπευται
2400 4906 2499 4976 μὲν
2536 4908 2565 4959 ὁ
2601 4905 2679 4959 τὼ
2720 4908 2848 4961 πόδε
2882 4907 3304 4981 λελωδημίνος,
3352 4913 3449 4969 καὶ
3477 4913 3537 4981 τῇ

1954 5000 2134 5071 ὡραία
2172 4999 2516 5072 προσιζάνων
2561 4999 2748 5073 πύλῃς
2793 5001 3113 5072 ἀῤῥωστίαν
3155 5004 3216 5059 δὲ
3279 5005 3382 5078 τὴν
3412 5003 3541 5059 οὕτω

1959 5089 2173 5160 μακρὰν
2203 5089 2553 5155 ἀπεσείσατο,
2579 5089 2676 5143 καὶ
2717 5089 2910 5160 κομιδῇ
2938 5089 3350 5162 δυσδιάφυκτον
3370 5093 3544 5164 διέδρα

1954 5180 2109 5234 νόσον
2161 5180 2380 5244 Αἰνέας,
2439 5181 2575 5252 πρὸς
2618 5180 2678 5234 ὃν
2729 5182 2759 5234 ό
2800 5179 3093 5246 θεσπέσιος
3144 5185 3256 5258 ἔφη
3316 5185 3539 5250 Παῦλος

1961 5290 1980 5323 ι
2002 5271 2187 5338 Αἰνέα,
2213 5272 2356 5327 ἰᾶταί
2380 5290 2440 5326 σε
2477 5273 3013 5346 ἸησοῦςόΧριστός.
3053 5294 3075 5328 s

2034 5364 2093 5417 B.
2131 5363 2374 5435 Ἀληθές.

2036 5459 2097 5510 Α.
2139 5457 2481 5528 Πανταχόθεν
2516 5453 2609 5511 οὖν
2651 5457 2758 5528 ἀρα
2801 5456 3212 5530 συνωθούμενοι
3240 5465 3387 5535 πρὸς
3423 5463 3544 5532 ἁλὴ-

2475 5660 2515 5691 ³¹
2543 5658 2731 5715 stans.
2765 5674 2820 5724 x,
2846 5659 2898 5715 8.
2978 5662 3024 5693 ³·
3049 5663 3174 5720 Aet.
3204 5682 3291 5733 m,
3326 5668 3361 5721 s
3390 5679 3541 5735 seqq.
