3809 6125
264 267 370 325 823

1254 248 1318 305 S.
1356 242 1631 306 cthu
1667 240 2136 297 ALExANnmm
2171 239 2490 300 ARcfltssP.

3417 234 3526 296 sit

263 371 688 435 immortalitatis
741 376 1021 443 expertem
1076 376 1200 422 csse
1252 359 1553 433 putandum
1605 362 1714 421 est,
1739 367 1831 408 ·an
1858 352 1911 413 A
1937 355 2235 419 ἀθανασίας
2277 356 2493 428 ἐρήμην
2534 350 2906 425 ὑποτοπητέον
2951 340 3092 406 εἶναι
3134 350 3234 423 τὴν
3282 348 3459 424 ζωὴν,
3486 352 3523 423 ἢ

434 464 464 503 0

263 482 421 615 mg?
434 507 552 614 lion
594 560 871 625 expertem
908 562 1063 607 sane.
1093 546 1214 603 Vita
1239 542 1383 600 enim
1423 551 1509 599 est
1538 538 1836 598 seeundum

265 658 518 711 naturam
546 644 946 704 immortalitas.

338 763 408 819 A.
448 761 581 819 Cum
616 759 780 830 igitur
821 754 968 813 solus
1005 753 1146 810 Deus
1186 768 1250 810 ac
1271 752 1433 809 Pater
1464 742 1841 804 immortalita-

270 863 380 912 tem
408 853 606 911 habeat
629 851 768 924 (haec
796 848 939 904 enirn
966 846 1121 901 nobis
1147 843 1389 902 divinum
1410 836 1688 895 oraculum
1714 846 1842 905 pro·

271 946 455 1011 didit),
485 958 591 1013 quo
623 949 780 1012 pacto
813 939 957 995 lianc
984 937 1212 993 haberet
1246 931 1451 989 Filius?
1482 928 1682 985 Verum
1722 923 1843 980 exi-

274 1036 438 1093 stimo
477 1033 636 1105 plane
665 1032 931 1086 unitatem
965 1028 1137 1099 ipsam
1182 1024 1440 1081 facillime
1471 1021 1846 1077 demonstrare

272 1126 328 1183 in
370 1135 601 1197 utroque
646 1121 1056 1181 substantialem
1101 1132 1222 1175 esse
1273 1116 1472 1179 vitam,
1509 1121 1564 1168 et
1602 1109 1844 1165 innatam

272 1218 758 1283 immortalitatem,
787 1231 896 1271 non
921 1212 1087 1287 483
1118 1209 1414 1268 ascititium
1446 1206 1668 1261 bonum.
1691 1199 1847 1269 Quod

272 1310 317 1367 si
360 1321 426 1366 eo
466 1309 713 1365 venerint
753 1305 1025 1371 amentiae,
1083 1313 1143 1359 ut
1201 1300 1490 1357 dicendum
1535 1293 1850 1352 existiment

273 1401 507 1457 alienum
549 1416 670 1457 esse
708 1416 737 1455 a
771 1399 881 1455 Deo
925 1408 982 1454 et
1024 1395 1187 1452 Patre
1227 1393 1448 1456 Filium,
1495 1398 1552 1445 et
1585 1388 1689 1443 alia
1723 1400 1851 1456 qua·

277 1493 403 1548 dam
432 1507 498 1549 ac
527 1492 743 1563 propria
776 1489 1004 1547 seorsim
1027 1485 1318 1558 praeditum
1353 1496 1476 1539 esse
1502 1489 1722 1543 natura,
1751 1491 1850 1532 nec

275 1596 405 1638 vere
446 1581 613 1637 Deum
649 1595 793 1646 esse,
827 1578 1078 1651 quamvis
1103 1575 1404 1633 secundum
1453 1579 1701 1627 naturam
1748 1568 1851 1621 im-

274 1672 546 1738 mortalis,
591 1674 700 1728 imo
742 1687 874 1727 vero
916 1671 1149 1741 ipsamet
1191 1668 1304 1723 vita
1344 1679 1573 1724 tannou
1617 1676 1681 1718 ea
1730 1675 1850 1730 quae

276 1764 381 1821 soli
423 1763 621 1819 divinae
663 1771 720 1819 et
749 1760 1007 1818 ineflabili
1044 1768 1255 1815 naturae
1297 1759 1505 1821 insunt,
1537 1764 1592 1811 et
1631 1761 1853 1823 propter

277 1867 398 1923 qute
432 1853 627 1909 merito
671 1866 770 1907 nos
808 1866 931 1906 cum
973 1849 1179 1907 sanctis
1229 1846 1438 1919 angelis
1463 1860 1584 1902 eam
1628 1842 1855 1913 suspici-

216 1986 224 1994 .
280 1959 426 2013 tuus,
470 1942 708 2000 tribuent
760 1957 826 2000 ac
876 1942 1061 1999 inesse
1109 1940 1291 1997 dicent
1331 1938 1494 1995 etiam
1545 1936 1620 1992 illi
1666 1934 1758 2006 qui
1798 1935 1853 1990 ln

276 2041 654 2090 creaturarum
683 2045 914 2089 numero
949 2039 1208 2088 censetur
1235 2028 1475 2095 demum,
1506 2033 1562 2083 ut
1592 2024 1681 2081 isti
1722 2036 1855 2081 sane

276 2123 447 2183 stulte
474 2123 792 2182 somniant?

346 2214 410 2272 B.
446 2213 695 2285 Quonam
724 2213 938 2271 modo?

344 2327 414 2384 A.
458 2325 767 2384 Convenire
799 2334 951 2383 certe
979 2322 1218 2381 naturali
1248 2337 1487 2394 veroque
1528 2320 1643 2377 Deo
1670 2320 1853 2375 vivili-

275 2416 433 2475 candi
490 2416 790 2489 potentiam
838 2426 899 2474 et
936 2429 1062 2472 esse
1089 2415 1283 2482 vitam,
1328 2413 1433 2483 ipsi
1481 2426 1723 2482 quoque,
1768 2418 1855 2467 sat

275 2507 426 2576 scio,
457 2508 719 2565 dixerint.
768 2506 828 2565 Si
867 2521 1000 2578 ergo
1036 2505 1203 2563 Pater
1244 2502 1680 2561 substantialiter
1709 2501 1855 2559 istud

276 2605 384 2662 est,
417 2595 588 2652 Filius
623 2607 831 2664 autem,
865 2606 926 2652 ut
956 2597 1058 2668 ipsi
1100 2594 1314 2661 volunt,
1365 2593 1603 2649 naturali
1635 2608 1758 2650 cum
1788 2607 1857 2649 eo

275 2685 563 2746 identitate
592 2689 816 2756 excidit,
839 2703 1074 2760 cumque
1099 2702 1164 2744 eo
1190 2686 1521 2744 humilitatis
1549 2686 1851 2751 devenerit,

275 2786 333 2834 et
356 2779 525 2834 vitam
565 2778 803 2849 seipsum
837 2793 959 2835 esse
989 2778 1156 2844 dicit,
1202 2788 1259 2834 et
1289 2778 1434 2848 quod
1483 2775 1744 2833 eximium
1773 2782 1856 2831 est

276 2867 332 2923 in
361 2867 541 2925 Patris
567 2870 872 2927 substantia
903 2880 1113 2927 naturae
1140 2886 1253 2927 suoe
1286 2876 1531 2941 arrogat,
1552 2868 1853 2940 quiverunt

276 2974 397 3016 esse
428 2976 532 3016 non
563 2972 739 3031 potest
759 2962 903 3033 quod
933 2959 1188 3018 asserui?
1214 2960 1368 3030 Quod
1397 2960 1540 3015 enim
1576 2958 1853 3030 proprium

1942 445 2089 511 πῶςε

2015 536 2077 590 Β.
2118 536 2232 590 Οὐκ
2264 535 2501 606 ἐρήμην,
2536 534 2735 604 πόθεν;
2762 534 2908 608 ζωὴν
2931 532 3040 605 γὰρ
3068 529 3207 586 εἶναι
3249 529 3356 598 τὴν
3383 532 3529 588 κατὰ

1943 628 2106 699 φύσιν
2128 628 2445 685 ἀθανασίαν.

2017 743 2083 797 A.
2121 742 2299 797 Μόνου
2326 743 2391 813 δὴ
2410 738 2505 797 οὗν
2538 740 2660 811 τοῦ,
2693 742 2855 815 φημὶ,
2892 741 3026 798 Θεοῦ
3054 741 3151 797 καὶ
3185 741 3409 815 Πατρδς
3435 742 3536 816 τὴν

1948 835 2249 892 ἀθανασίαν
2278 834 2494 905 ἔχοντος
2526 828 2650 907 (ὧδε
2677 834 2787 908 γάρ
2823 853 2928 889 που
2974 834 3034 888 τὸ
3074 834 3220 889 θεῖον
3262 836 3400 908 ἡμῖν
3428 836 3533 911 ἔφη

1948 925 2172 996 λόγιον),
2197 924 2317 990 πῶς
2342 924 2409 979 ἂν
2436 923 2549 996 ἔχοι
2572 924 2776 994 ταύτην
2807 926 2836 979 ὁ
2861 924 3024 990 Υἱός-ς
3081 923 3197 978 ἀλλ’
3230 920 3390 997 οἶμαί
3431 944 3533 982 που

1951 1020 2190 1084 πάντως,
2215 1019 2298 1072 ὃτι
2340 1017 2402 1072 τὸ
2442 1014 2545 1087 τῆς
2588 1015 2840 1087 ἐνότητος
2885 1016 3072 1089 χρῆμα
3118 1016 3443 1084 διαδείξειεν
3472 1020 3536 1074 ἂν

1952 1109 2039 1165 ἐπ’
2071 1110 2295 1182 ἀμφοῖν,
2318 1108 2414 1163 καὶ
2443 1108 2588 1180 μάλα
2622 1107 2840 1180 ῥᾳδίως,
2864 1106 3095 1179 οὐσιὼδη
3117 1108 3216 1181 τὴν
3250 1107 3427 1183 ζωὴν,
3447 1112 3540 1166 καὶ

1954 1202 2191 1274 ἔμφυτον
2221 1200 2321 1272 τὴν
2359 1200 2661 1256 ἀθανασίαν
2680 1241 2695 1268 ,
2732 1201 2833 1255 οὐκ
2865 1200 3174 1273 εἶσποίητον
3211 1202 3446 1272 ἀγαθόν.
3477 1203 3541 1260 Et

1953 1296 2010 1351 δὲ
2036 1294 2099 1367 δὴ
2125 1295 2233 1350 δεῖν
2262 1293 2457 1350 atomo
2484 1292 2960 1365 παραφρονοῦντες
2994 1293 3195 1365 λέγειν,
3221 1296 3304 1362 ὡς
3333 1296 3543 1364 ὀθνεῖός

1954 1404 2013 1441 τε
2040 1387 2125 1460 εἴη
2156 1386 2250 1441 τοῦ
2279 1383 2415 1440 Θεοῦ
2444 1384 2540 1439 καὶ
2577 1384 2791 1456 Πατρὸς
2814 1385 2843 1437 ὁ
2868 1383 3017 1450 Υἱὸς,
3050 1384 3147 1440 καὶ
3173 1385 3375 1459 ἑτέραν
3393 1386 3540 1455 wo,

1956 1479 2051 1535 tto-l
2082 1478 2215 1535 ἰδίαν
2247 1476 2551 1548 ἀπετέμετο
2579 1475 2761 1546 φύσιν,
2788 1476 2882 1530 καὶ
2917 1476 2979 1528 τὸ
3005 1475 3223 1548 ἀληθῶς
3245 1473 3391 1534 εἶναι
3410 1478 3545 1546 Θεὸς

1956 1574 2057 1628 οὐκ
2085 1571 2219 1643 ἔχει,
2251 1570 2429 1626 καίτοι
2459 1568 2600 1624 κατὰ
2632 1568 2793 1638 φύσιν
2829 1567 3096 1634 ἀθάνατος
3127 1568 3227 1635 ὢν,
3257 1571 3463 1643 μᾶλλον
3487 1571 3545 1627 61

1956 1664 2278 1734 αὐτόχρημα
2295 1662 2439 1734 ζωή·
2470 1655 2698 1733 ἆρόὑχὶ
2722 1661 2791 1715 τὰ
2816 1661 2952 1733 μόνῃ
2969 1662 3038 1733 τῇ
3063 1658 3184 1734 θείᾳ
3200 1662 3301 1718 καὶ
3317 1663 3547 1737 ἀρρήτῳ

1956 1755 2227 1829 προσόντα
2255 1751 2438 1823 φύσει,
2474 1751 2572 1807 καὶ
2598 1752 2685 1817 τὰ,
2715 1751 2783 1806 δι’
2809 1744 2885 1806 ὧν
2911 1751 3137 1817 εἰκότως
3162 1751 3545 1826 τεθαύμασται

1956 1847 2094 1919 πρός
2124 1863 2185 1901 τε
2218 1843 2375 1915 ἡμῶν
2402 1842 2581 1897 αὐτῶν
2609 1842 2714 1897 ’καὶ
2740 1841 2849 1896 τῶν
2887 1840 3057 1910 ἁγίων
3081 1841 3349 1912 ἀγγέλων,
3381 1860 3544 1914 περι-

1958 1940 2100 1995 θεῖεν
2145 1939 2236 2007 ἂν,
2281 1936 2377 1993 καὶ
2421 1936 2752 2008 ἐνυπάρχειν
2798 1933 3009 2007 ὲροῦσι,
3043 1934 3139 1989 καὶ
3177 1932 3255 2005 τῷ
3292 1933 3539 1988 τελοῦντι

1955 2032 2142 2088 λοιπὸν
2187 2032 2250 2087 ὲν
2296 2028 2580 2101 κτίσμασι,
2611 2028 2754 2083 κατά
2800 2043 2867 2096 γε
2909 2026 2971 2082 τὸ
3020 2026 3195 2091 αὐτοῖς
3231 2025 3535 2097 φληνάφως

1955 2124 2178 2192 δοκοῦν;

2026 2216 2089 2273 Β.
2130 2213 2268 2271 Τίνα
2299 2215 2538 2287 τρόπον;

2022 2333 2088 2387 A.
2130 2329 2393 2403 Πρέπειν,
2423 2326 2579 2400 οἶμαί
2606 2345 2733 2394 που,
2762 2328 2842 2400 τῷ
2867 2346 2930 2399 γε
2963 2329 3137 2393 ὅντως
3165 2330 3333 2401 φύσει
3361 2350 3428 2388 τε
3458 2336 3554 2390 καὶ

1955 2421 2184 2494 ἀληθείᾳ
2209 2420 2351 2494 Θεῷ,
2379 2421 2473 2476 καὶ
2500 2418 2655 2476 αὐτοῖΙ
2689 2422 2849 2490 φαῖεν
2877 2419 2943 2474 ἂν
2972 2415 3067 2474 οἵδ’
3094 2421 3202 2487 ὅτι,
3231 2421 3324 2487 τὸ,
3355 2422 3552 2496 ζωογο-

1957 2517 2067 2569 νεῖν
2104 2512 2361 2567 δύνασθαι
2394 2512 2488 2567 καὶ
2516 2508 2655 2566 εἶναι
2684 2510 2821 2584 ζωή.
2867 2511 3042 2585 Εἴπερ
3073 2507 3172 2570 οὖν
3202 2512 3372 2570 τοῦτό
3406 2517 3545 2572 ἑστιν

1954 2604 2231 2669 οὓσιωδῶς
2278 2607 2307 2659 ὀ
2353 2604 2564 2675 Πατὴρ,
2596 2603 2852 2670 ὲξώλισθε
2885 2604 2965 2672 δὲ,
2994 2606 3117 2661 κατ’
3150 2607 3412 2674 ἐκείνους,
3443 2607 3528 2678 τῆς

1956 2695 2095 2767 πρὸς
2124 2693 2288 2750 necin
2316 2694 2553 2765 φυσικῆς
2582 2696 2909 2765 ταυτότητος
2934 2698 2963 2751 ὁ
2998 2695 3152 2765 Υίδς,
3185 2700 3294 2753 καὶ
3325 2715 3523 2772 σμικρο·

1958 2783 2227 2858 πρεπείας
2246 2786 2326 2848 είς
2344 2781 2503 2838 τοῦτο
2521 2782 2711 2851 τελῶν,
2731 2786 2827 2839 καὶ
2847 2785 2992 2856 ζωὴν
3013 2785 3212 2841 ἑαυτὸν
3235 2781 3379 2842 εἶναί
3395 2803 3536 2860 φησι.

1957 2879 2054 2933 καὶ
2078 2878 2175 2949 τῆς
2214 2875 2309 2932 τοῦ
2347 2875 2561 2948 Πατρὸς
2587 2876 2776 2943 οὐσίας
2803 2875 2865 2931 τὸ
2894 2876 3176 2949 ἐξαίρετον
3204 2880 3277 2951 τῇ
3313 2878 3421 2952 ἰδίᾳ
3447 2894 3544 2932 παρ

1957 2969 2224 3041 ταγράφει
2255 2967 2439 3039 φύσει,
2476 2967 2596 3032 πῶς
2638 2968 2740 3022 οὐκ
2781 2966 3001 3039 ἀληθὲς,
3033 2967 3174 3039 ὅπερ
3202 2966 3385 3041 {qa-qu
3409 2966 3548 3022 ³82-

275 3060 361 3107 cst
395 3053 685 3110 ineffabilis
719 3064 949 3120 naturas,
978 3053 1309 3110 translatum
1344 3051 1457 3123 jam
1482 3059 1566 3109 est
1593 3050 1761 3108 etiam
1785 3052 1854 3108 ad
1881 3044 1927 3108 C
1957 3059 2283 3131 κεκόμισται
2307 3060 2420 3131 γὰρ
2451 3056 2553 3130 ἢδη
2596 3057 2659 3112 τὸ
2701 3056 2804 3128 τῆς
2845 3056 3086 3130 ἀρρήτου
3129 3055 3358 3126 φύσεως
3395 3054 3548 3123 ἴδιον,

276 3142 337 3198 id
358 3142 502 3214 quod
536 3160 643 3200 non
673 3154 756 3201 est
786 3160 855 3201 ex
909 3146 1065 3217 ipsa,
1113 3144 1209 3200 sed
1253 3145 1307 3199 in
1356 3152 1536 3199 ortum
1582 3158 1687 3199 una
1729 3158 1854 3200 cum

283 3233 451 3290 rebus
473 3235 598 3292 aliis
631 3236 794 3292 veluti
843 3246 1119 3293 vocatum.
1159 3236 1307 3291 inter
1331 3249 1395 3290 ea
1414 3235 1558 3290 enim
1582 3250 1704 3306 quae
1733 3248 1853 3291 esse

277 3323 595 3391 creduntur,
644 3327 821 3396 primo
865 3326 987 3382 loco
1019 3325 1164 3382 Deus
1206 3324 1550 3394 intelligitur,
1579 3333 1634 3380 et
1665 3333 1853 3395 postea

280 3422 553 3472 creatura.
593 3416 940 3489 interjectum
971 3427 1152 3475 autem
1181 3415 1339 3493 plane
1367 3416 1505 3474 nibil
1525 3425 1628 3475 est.
1657 3418 1852 3475 Annon

280 3525 469 3566 verum
503 3519 586 3567 est
616 3513 760 3582 quod
790 3511 937 3568 dixi?

348 3602 410 3657 B.
441 3601 663 3658 Verum.

349 3695 415 3750 Α.
458 3692 515 3748 Si
538 3709 671 3766 ergo
697 3694 923 3753 alterius
949 3704 1033 3753 est
1068 3697 1386 3754 substantiae
1431 3697 1622 3763 Filius,
1651 3708 1754 3751 nec
1779 3694 1849 3751 iis

280 3787 539 3856 praeditus
569 3788 764 3857 quibus
801 3788 993 3844 dicunt
1036 3803 1160 3844 esse
1187 3788 1432 3857 Patrem,
1470 3789 1742 3860 quomodo
1769 3776 1855 3842 inss

279 3879 553 3951 telligetur
580 3895 686 3935 una
720 3893 841 3935 esse
866 3888 922 3935 et
944 3880 1135 3937 eadem
1165 3895 1390 3953 prorsus
1415 3881 1663 3952 operatio
1696 3889 1856 3936 natu·

282 3973 412 4029 ralis
434 3987 623 4029 eorum
649 3973 742 4045 qui
774 3974 854 4029 sic
885 3974 1090 4029 distant
1137 3975 1352 4030 ratione
1395 3975 1539 4031 modi
1581 3990 1690 4044 quo
1715 3974 1855 4030 exsi-

278 4064 466 4121 stunt?
494 4083 514 4118 ι
555 4064 707 4122 Sicut
731 4066 898 4133 enim,
944 4066 1145 4135 inquit,
1174 4064 1339 4121 Pater
1377 4082 1517 4136 quos
1549 4066 1665 4121 vult
1714 4065 1852 4121 vivi·

278 4158 429 4224 fleat,
456 4158 532 4213 ita
556 4168 610 4214 et
638 4158 805 4214 Filius
833 4173 970 4230 quos
1000 4156 1114 4214 vult
1143 4158 1381 4213 viviticat
1413 4158 1481 4212 ⁸⁸.
1517 4176 1537 4211 ι

346 4269 411 4328 Β.
455 4269 766 4332 Enimvero,
802 4269 1052 4338 inquiunt
1085 4288 1098 4324 :
1126 4266 1246 4322 Vita
1280 4268 1498 4339 quidem
1529 4279 1613 4324 est
1643 4268 1849 4328 Filius:

1961 3153 2055 3210 καὶ
2078 3155 2160 3218 εἰς
2178 3152 2239 3207 τὸ
2265 3152 2342 3225 μὴ
2369 3150 2427 3206 ὃν
2455 3151 2515 3218 ἐξ
2538 3150 2729 3223 αὐτῆς,
2765 3149 3097 3221 κεκλημένον
3118 3149 3176 3203 δὲ
3198 3149 3398 3223 ὥσπερ
3416 3146 3550 3221 eunii

1957 3249 2074 3313 τοῖς
2099 3246 2281 3312 ἄλλοις
2307 3246 2391 3311 είς
2424 3246 2657 3315 γένεσιν.
2698 3242 2955 3315 Νοηθεῖεν
2992 3240 3102 3314 γὰρ
3136 3241 3203 3296 ἂν
3230 3240 3294 3298 ἐν
3332 3259 3402 3313 γε
3441 3242 3553 3306 τοῖς

1959 3335 2101 3397 εἶναι
2125 3336 2598 3410 πεπιστευμένοις,
2613 3337 2745 3402 Θεὸς
2770 3336 2871 3408 μὲν
2898 3335 3004 3407 πρὸ
3026 3336 3269 3400 πάντων,
3291 3335 3391 3390 καὶ
3413 3332 3554 3407 μετὰ

1957 3432 2142 3498 τοῦτο,
2181 3431 2611 3500 κτίσις.Ἕτερον
2644 3428 2703 3482 δὲ
2736 3425 2941 3501 μεταξὺ
2983 3426 3048 3481 τὸ
3088 3427 3343 3498 σύμπαν,
3371 3426 3554 3485 οὐδέν.

1959 3527 2033 3580 ’Ἡ
2055 3526 2155 3581 οὐκ
2185 3523 2381 3593 ἀληθὲς
2408 3522 2544 3593 ὅπερ
2576 3521 2750 3590 ἔφηὴ

2029 3611 2091 3667 Β.
2147 3610 2389 3682 Ἀληθές.

2027 3702 2093 3758 A.
2132 3703 2304 3772 Εἴπερ
2337 3697 2430 3756 οὗν
2455 3703 2600 3754 ἐστιν
2625 3703 2964 3774 ἑτεροούσιος
2994 3706 3023 3757 ό
3052 3705 3199 3770 Υἱὸς,
3233 3707 3335 3762 καὶ
3357 3707 3467 3763 οὐκ
3488 3707 3549 3761 ἐν

1956 3789 2039 3858 οἷς
2067 3787 2204 3847 εἷναί
2234 3810 2368 3863 φασι
2402 3793 2493 3847 τὸν
2525 3795 2765 3865 Πατέρα,
2798 3795 2917 3858 πῶς
2942 3795 3008 3850 ἂν
3033 3798 3206 3850 νοοῖτο
3234 3798 3340 3869 μία
3358 3815 3420 3854 τε
3450 3799 3546 3854 καὶ

1956 3883 2373 3954 ἀπαράλλακτος
2394 3883 2640 3955 ἐνέργεια
2662 3884 2865 3956 φυσικὴ
2881 3884 2988 3940 τῶν
3006 3886 3132 3957 τῇδε
3149 3887 3542 3961 διεστηκότων,

1956 3976 2100 4031 κατά
2124 3993 2188 4046 γε
2212 3975 2302 4030 τὸν
2331 3973 2426 4028 τοῦ
2454 3974 2571 4040 πῶς
2603 3970 2743 4030 εἶναι
2766 3977 2959 4046 λόγον;
3003 3978 3246 4049 «Ὠσπερ
3268 3979 3403 4051 γὰρ,
3432 3999 3542 4052 φη-

1957 4070 2064 4133 σὶν,
2097 4070 2126 4122 ὁ
2167 4068 2358 4139 Πατὴρ
2395 4066 2491 4131 οὓς
2534 4067 2678 4122 θέλει
2728 4069 3001 4135 ζωοποιεῖ,
3037 4070 3180 4126 οὕτω
3209 4071 3304 4126 καὶ
3345 4074 3375 4127 ὁ
3409 4071 3541 4139 Tib<

1957 4159 2050 4224 οὓς
2081 4158 2223 4215 θέλει
2252 4158 2526 4224 ζωοποιεῖ.
2559 4180 2577 4213 ι

2026 4274 2090 4332 Β.
2142 4273 2303 4328 Ἀλλὰ
2334 4273 2624 4343 ναὶ,,φασί.
2659 4275 2778 4344 Ζωὴ
2816 4276 2916 4344 μὲν
2940 4274 3089 4329 ἔστιν
3112 4276 3142 4330 ὀ
3168 4274 3318 4343 Υἱὸς,
3344 4275 3455 4349 ἔφη
3478 4275 3537 4330 δ’

275 4370 651 4418 verumtamen
671 4359 807 4415 dixit
832 4377 849 4415 ι
878 4380 896 4412 ‹
921 4360 1078 4415 Sicut
1101 4359 1248 4415 misit
1273 4374 1360 4414 me
1377 4359 1562 4415 vivens
1586 4359 1769 4426 Pater,
1796 4371 1850 4418 et
1879 4386 1929 4447 D
1953 4361 2046 4421 οὖν
2076 4365 2225 4436 ὅμως
2244 4380 2259 4394 ·
2286 4383 2306 4416 ‹
2329 4362 2526 4428 Καθὼς
2554 4364 2838 4418 ἀπέστειλέ
2868 4383 2936 4437 με
2963 4367 2993 4421 ό
3014 4365 3122 4432 ζῶν
3149 4364 3533 4438 Πατὴρ,κὰγὼ

280 4469 382 4525 ego
412 4455 536 4510 viro
562 4461 785 4525 propter
805 4451 1021 4508 Patrem
1047 4451 1116 4506 ⁶⁸.
1157 4470 1177 4504 ι
1216 4451 1335 4508 Vita
1356 4452 1615 4524 igiturest
1631 4463 1850 4526 propter

247 4547 512 4605 Patrem.

346 4663 416 4718 A.
448 4663 535 4718 An
570 4677 721 4734 ergo,
755 4662 964 4730 miseri,
989 4661 1164 4733 ipsum
1189 4662 1355 4718 etiam
1369 4662 1630 4719 vivificari
1647 4662 1846 4720 Filium

277 4767 307 4808 a
330 4752 442 4808 Deo
470 4769 534 4808 ac
566 4753 729 4809 Patre
746 4754 907 4810 simul
937 4769 1059 4809 cum
1077 4752 1402 4823 aliis,atque
1424 4754 1491 4810 iis
1526 4769 1646 4822 quae
1661 4765 1851 4809 exter·

274 4860 402 4901 nam
432 4852 490 4899 ct
519 4845 812 4900 ascititiam
855 4846 1022 4900 vitam
1065 4844 1286 4905 habent.
1320 4844 1671 4912 putabimus?
1702 4845 1850 4900 inter

275 4933 534 4992 mortales
573 4933 735 5004 igitur
774 4935 945 4992 Filius
982 4935 1147 4992 etiam
1187 4934 1565 4990 collocabitur.
1624 4934 1845 4991 Amitti-

275 5041 366 5084 tur
390 5027 537 5084 enim
568 5024 619 5079 id
651 5026 792 5094 qnod
820 5027 1130 5097 asciscitur,
1163 5037 1216 5085 et
1239 5044 1360 5098 qua».
1375 5028 1695 5098 possidenda
1719 5044 1845 5084 sus·

272 5119 505 5191 ceperis,
537 5129 725 5174 eorum
760 5118 1180 5184 possessionem,
1217 5120 1264 5176 si
1295 5119 1408 5174 sors
1437 5119 1649 5184 tulerit,
1680 5119 1846 5174 amit-

270 5221 374 5277 tes,
399 5227 523 5268 cum
558 5208 900 5265 naturalibus
934 5207 1140 5278 legibus
1158 5210 1215 5265 in
1254 5211 1412 5267 firmo
1434 5220 1486 5267 et
1520 5211 1842 5266 inconcusso

273 5312 419 5358 statu
453 5319 563 5360 non
603 5309 1011 5360 conserventur.

344 5476 411 5534 Β.
438 5476 720 5544 Quomodo
753 5482 918 5553 igitur
938 5482 1057 5551 ipse
1078 5481 1391 5537 censebitur
1424 5498 1549 5542 esse
1587 5485 1697 5541 vita
1716 5502 1841 5558 pro·

341 5654 388 5688 ⁸⁸
426 5652 584 5712 toan.
619 5668 671 5716 v,
699 5653 791 5710 2t.
861 5656 908 5689 ⁸⁸
941 5653 1095 5712 loan-
1134 5653 1325 5725 vt,58.

1955 4457 2036 4523 ζῶ
2059 4456 2148 4510 διὰ
2180 4456 2270 4509 τὸν
2287 4454 2528 4527 Πατέρα.
2558 4474 2578 4508 s
2601 4454 2721 4527 Ζωὴ
2748 4456 3042 4528 τοιγαροῦν
3067 4457 3184 4511 ἐστι
3201 4456 3292 4512 διὰ
3307 4457 3401 4511 τὸν
3419 4458 3532 4511 Πα·

1949 4549 2099 4622 τέρα.

2019 4664 2084 4716 A.
2124 4659 2250 4732 ‘Ap’
2278 4655 2392 4717 οὖν.
2441 4655 2489 4714 ὦ
2530 4663 2787 4729 γενναῖοι,
2824 4661 2920 4715 καὶΙ
2949 4662 3111 4716 αὑτὸν
3148 4663 3524 4729 ζωοποιεῖσθαι

1950 4755 2042 4806 τὸν
2073 4752 2202 4805 Υίδν
2234 4751 2385 4822 παρὰ
2415 4749 2512 4804 τοῦ
2538 4750 2674 4804 Θεοῦ
2695 4751 2791 4805 καὶ
2819 4751 3030 4822 Πατρὸς
3054 4753 3191 4823 ὁμοῦ
3213 4757 3328 4820 τοῖς
3349 4757 3529 4822 ἄλλοις

1951 4843 2363 4914 ὑποληψόμεθα,
2399 4844 2495 4898 καὶ
2520 4845 2633 4906 τοῖς
2663 4841 2864 4909 ἔξωθέν
2888 4861 2949 4896 τε
2980 4845 3073 4896 καὶ
3103 4845 3526 4920 εἰσκεκριμένῃν

1957 4935 2140 5005 έχουσι
2155 4934 2250 5005 τὴν
2266 4933 2430 5005 ζωὴν,
2451 4933 2853 5004 ὲπαριθμητέον
2867 4933 2967 5004 τὴν
2981 4932 3157 5005 ζωήνς
3176 4937 3528 5010 Συντετάχθω

1951 5027 2016 5098 δὴ
2039 5022 2131 5080 οὗν
2150 5028 2246 5081 καὶ
2269 5029 2377 5091 τοῖς
2403 5023 2836 5096 ἀποθνήσκουσιν
2853 5027 2881 5079 ὁ
2905 5026 3033 5090 Υἱός
3050 5045 3064 5058 ·
3085 5028 3398 5100 ἀπόὸλητον
3419 5033 3528 5099 γὰρ

1950 5117 2013 5170 τὸ
2033 5118 2463 5189 εἰσ-κεκριμένον,
2480 5117 2576 5171 καὶ
2600 5110 2783 5187 ὧνπερ
2803 5117 2869 5173 ἄν
2889 5134 2974 5180 τις
2992 5117 3167 5170 ἕλοιτο
3186 5118 3289 5190 τὴν
3306 5121 3522 5190 κτῆσιν,

1950 5209 2390 5280 ἀπεμπολήσειεν
2427 5208 2493 5261 ἃν
2529 5207 2696 5279 αὐτὴν
2727 5209 2869 5262 κατὰ
2901 5226 2965 5278 γε
3001 5209 3061 5263 τὸ
3100 5211 3405 5282 ἐγχωροῦν,
3438 5214 3521 5266 ἔτι

1951 5299 2027 5373 μὴ
2057 5302 2307 5370 φυσικοῖς
2338 5302 2418 5365 εἰς
2454 5300 2514 5353 τὸ
2542 5300 2824 5372 ἀραρότως
2861 5300 3008 5371 ἔχειν
3045 5301 3398 5373 διακρατοῖτο
3437 5302 3519 5356 νό-

1950 5409 2092 5464 μοις.

2018 5482 2085 5539 Β.
2122 5482 2245 5548 Πῶς
2287 5478 2381 5538 οὖν
2426 5483 2578 5537 οἴοιτ’
2603 5485 2671 5539 ἄν
2708 5502 2794 5547 τις
2828 5482 2993 5538 αὐτὸν
3031 5483 3120 5540 διὰ
3160 5483 3256 5541 τὸν
3297 5479 3520 5557 Πατέρα
