3809 6125
194 282 333 340 ⁴337

1317 303 1505 373 QUOD
1545 306 1732 365 uNus
1773 306 1880 364 stT
1917 310 2287 374 CHRISTUS.

3309 329 3442 385 1338

188 401 254 454 τὸ
278 401 451 473 ὄνομά
476 421 567 458 σου
587 412 698 474 τοῖς
729 410 973 482 ἀδελφοῖς
1005 432 1126 486 μου.
1157 418 1267 473 Καὶ
1289 422 1478 476 πάλιν·
1510 425 1641 478 Ἰδοὺ
1667 423 1778 495 ἐγὼ
1806 428 1854 487 A
1884 438 2032 484 tuum
2072 429 2331 489 fratribus
2373 434 2525 491 meis.
2554 435 2622 492 Ει
2660 436 2856 493 iterum
2889 457 2903 493 ε
2927 438 3067 496 Ecce
3093 454 3191 511 ego
3212 453 3263 497 et
3291 446 3440 512 pueri

190 495 287 546 καὶ
327 495 397 548 τὰ
438 498 648 565 παιδία,
687 501 723 554 ἃ
758 520 848 573 μοι
884 503 1086 560 ἔδωκεν
1127 511 1155 563 6
1188 509 1511 574 Θεός.Ἕπε“ι
1557 511 1650 569 οὗν
1703 516 1769 571 τὰ

144 634 155 640 -
191 584 377 639 παιδία
411 589 806 661 κεκοινώνηκεν
826 593 1055 665 αἵματος
1083 599 1177 653 καὶ
1215 603 1437 673 σαρκὸς,
1475 604 1569 658 καὶ
1607 606 1768 671 αὐτὸς

189 677 587 749 παραπλησίως
612 684 839 755 μετέσχε
860 687 969 741 τῶν
989 688 1188 757 αὐτῶν,
1207 691 1294 745 ἵνα
1314 693 1401 746 διὰ
1420 694 1512 747 τοῦ
1536 694 1766 749 Θανάτου

187 770 516 843 καταργήσῃ
555 771 647 827 τὸν
673 775 734 828 τὸ
759 777 959 846 κράτος
987 779 1177 851 ἔχοντα
1203 783 1301 838 τοῦ
1332 782 1586 849 Θανάτου,
1611 802 1762 839 τουτ-

187 860 324 925 έστι,
352 861 442 915 τὸν
470 862 736 933 διάδολον,
765 870 861 923 καὶ
891 871 1175 946 ἀπαλλάξῃ
1207 874 1453 942 τούτους,
1482 878 1597 932 ὅσοι
1617 878 1768 950 <posey

187 954 420 1008 θανάτου
459 954 548 1010 διὰ
584 960 781 1024 παντὸς
823 962 914 1016 τοῦ
956 963 1061 1037 ζῇν
1103 966 1278 1039 ἔνοχοι
1313 964 1455 1041 ἦσαν
1499 969 1764 1032 δουλείας.

188 1048 263 1100 Ού
299 1046 408 1120 γὰρ
439 1048 613 1121 δήπου
651 1052 901 1122 ἀγγέλων
936 1057 1389 1130 ὲπιλαμδάνεται,
1426 1060 1563 1116 ἀλλὰ
1600 1061 1765 1134 σπέρ-

191 1154 359 1209 ματος
393 1139 643 1213 Ἀδραὰμ.
693 1145 1144 1218 ἐπιλαμβάνεται.
1169 1150 1336 1205 Ὅθεν
1382 1150 1584 1221 ὤφειλε
1627 1152 1766 1206 κατά

188 1228 368 1284 πάντα
409 1234 522 1296 τοῖς
561 1233 810 1304 ἀδελφοῖς
853 1240 1208 1309 ὁμοιωθῆναι.
1240 1259 1259 1294 ι
1299 1240 1431 1295 Ἰδοὺ
1477 1240 1605 1314 γὰρ,
1633 1241 1764 1309 ἰδοὺ,

188 1321 280 1375 καὶ
306 1323 452 1392 μάλα
488 1326 694 1395 σαφῶς,
720 1328 1061 1397 ὴλαττῶσθαι
1095 1331 1269 1399 λέγων
1293 1332 1456 1387 αὐτὸν
1476 1332 1627 1404 παρὰ
1644 1334 1767 1397 τοὺς

187 1412 453 1482 ἀγγέλους
493 1414 582 1469 διὰ
619 1417 681 1469 τὸ
721 1418 953 1490 πάθημα
988 1421 1084 1475 τοῦ
1120 1421 1376 1489 θανάτου,
1402 1423 1769 1500 κατεστέφθαι

187 1522 250 1575 γε
283 1506 388 1577 μὴν
412 1508 479 1561 δι’
507 1508 638 1563 αὐτὸ
666 1514 800 1583 τιμῇ
823 1528 880 1566 τε
906 1512 999 1566 καὶ
1021 1512 1168 1587 δόξῃ,
1198 1515 1520 1586 καθίστησιν
1550 1516 1767 1586 ὲμφανῆ

186 1597 275 1649 τὸν
323 1599 408 1666 ἐφ’
440 1593 484 1667 ᾧ
532 1603 765 1655 ποιεῖται
819 1603 948 1667 τοὺς
988 1604 1201 1674 λόγους,
1232 1607 1394 1677 δῆλον
1441 1606 1499 1659 δὲ
1544 1607 1626 1662 ὃτι
1674 1607 1767 1660 τὸν

184 1689 485 1762 Μονογενῆ.
515 1692 927 1764 Μετεσχηκέναι
973 1695 1082 1769 γάρ
1134 1714 1299 1768 φησιν
1348 1697 1510 1751 αὐτὸν
1535 1697 1767 1768 αἵματος
1806 1664 1812 1667 .

184 1781 276 1834 καὶ
340 1783 542 1854 σαρκὸς
591 1785 987 1859 παραπλησίως
1032 1790 1183 1860 ἡμῖν,
1233 1789 1328 1843 καὶ
1370 1790 1469 1844 οὐκ
1519 1789 1766 1859 ἀγγέλων
1797 1762 1840 1820 Β

183 1872 535 1930 ἑπιλαὸέσθαι
596 1877 796 1947 μᾶλλον
820 1918 835 1942 ,
895 1878 1032 1933 ἀλλὰ
1107 1881 1422 1953 σπέρματος
1490 1879 1764 1957 Ἀσραάμ.

184 1965 432 2035 Ἔπρεπε
479 1965 588 2040 γὰρ
636 1968 714 2042 τῷ
761 1969 880 2042 Θεῷ
918 1972 1012 2025 καὶ
1047 1972 1245 2045 Πατρὶ,
1273 1972 1340 2028 δι’
1365 1973 1424 2027 ὃν
1461 1972 1532 2029 τά
1561 1973 1765 2042 πάντα,

179 2056 274 2109 καὶ
306 2056 374 2111 δι’
403 2052 464 2111 οὗ
497 2058 565 2113 τά
591 2061 789 2126 πάντα,
826 2062 1162 2134 καθιγμένον
1189 2066 1269 2129 εἰς
1301 2067 1532 2119 κένωσιν
1559 2066 1656 2121 καὶ
1683 2066 1771 2118 ὲν-

179 2147 618 2223 ανθρωπήσαντα
649 2152 738 2206 τὸν
766 2153 914 2220 Υἰὸν,
942 2154 1020 2221 ὡς
1047 2155 1146 2228 τὴν
1172 2156 1267 2210 τοῦ
1295 2156 1488 2211 δούλου
1531 2157 1766 2213 λαδόντα

181 2241 417 2315 μορφὴν,
471 2243 756 2300 τελειῶσαι
806 2245 895 2299 διὰ
941 2247 1303 2319 παθημάτων,
1352 2250 1453 2321 τῆς
1508 2249 1767 2304 ἁπάντων

177 2333 324 2405 ζωῆς
352 2334 669 2407 ἀντίλυτρον
699 2338 800 2409 τὴν
837 2338 973 2392 ἰδίαν
994 2338 1141 2411 αὐτῷ
1175 2339 1537 2412 καθιεροῦντα
1564 2342 1763 2415 σάρκα.

176 2426 409 2482 Τὲθυται
430 2428 538 2499 γάρ
560 2428 701 2500 ὑπὲρ
720 2432 752 2499 ἡ
761 2428 880 2500 μῶν
900 2432 929 2483 ό
948 2431 1202 2501 Χριστὸς,
1220 2431 1282 2486 τὸ
1301 2433 1533 2504 ἄμωμον
1548 2434 1765 2505 ἱερεῖον,

177 2522 272 2575 καὶ
307 2524 408 2594 μιᾷ
437 2524 726 2599 προσφορᾷ
776 2523 1129 2579 τετελείωκεν
1161 2525 1242 2588 είς
1271 2524 1332 2579 τὸ
1362 2525 1610 2596 διηνεκὲς
1640 2528 1767 2591 τοὺς

180 2612 570 2685 ἁγιαζομένους
596 2653 610 2677 ,
666 2614 1001 2686 ἀναμορφῶν
1049 2618 1131 2680 εἰς
1182 2615 1244 2670 τὸ
1313 2616 1373 2669 ἐν
1420 2616 1620 2688 ἀρχαῖς
1664 2618 1767 2689 τὴν

180 2704 460 2778 ἀνθρώπου
495 2706 677 2779 φύσιν.
705 2724 724 2758 ι
755 2707 940 2762 Πάντα
965 2706 1074 2779 γὰρ
1109 2710 1168 2762 ὲν
1206 2707 1356 2780 αὐτῷ
1378 2707 1566 2773 καινά.
1612 2708 1766 2763 »Ὅτι

177 2799 285 2871 γὰρ
322 2802 350 2854 ό
383 2799 513 2864 Θεὸς
555 2801 652 2854 καὶ
686 2800 875 2873 Πατὴρ
901 2799 1132 2854 δέδωκεν
1165 2800 1305 2874 ὑπὲρ
1333 2801 1491 2873 ἡμῶν
1514 2802 1606 2855 τὸν
1637 2802 1767 2856 ῖδιον

178 2892 325 2957 Υἰὸν,
351 2893 502 2947 οὐδὲν
529 2889 690 2967 ἧττον
715 2895 866 2966 ἡμᾶς
891 2892 1225 2948 πιστώσεται
1255 2895 1484 2965 γράφων
1515 2895 1544 2950 ό
1569 2894 1770 2948 πάνσο·

179 3002 276 3053 φος
317 2984 528 3046 Παῦλος
570 2986 697 3054 περὶ
736 2986 924 3038 αὐτοῦ·
961 2988 1093 3051 (Ὃς
1118 3004 1183 3057 γε
1212 2986 1304 3040 τοῦ
1344 2987 1476 3041 ἰδίου
1507 2984 1642 3042 riou
1667 2986 1768 3039 οὐκ

1868 522 1997 587 mei,
2021 538 2156 590 quos
2172 524 2321 580 dedit
2337 526 2469 581 mihi
2495 526 2653 582 Deus.
2669 526 2806 595 Quia
2821 543 2951 600 ergo
2973 532 3123 600 pueri
3144 536 3445 590 communi-

1867 623 2124 667 caverunt
2144 616 2291 669 carni
2313 625 2371 670 et
2386 616 2657 688 sanguini,
2671 628 2728 673 et
2749 619 2862 687 ipse
2881 619 3135 675 similiter
3151 624 3443 694 participa-

1867 702 2185 769 viteisdem,
2205 716 2261 759 ut
2283 721 2380 775 per
2399 720 2625 762 mortem
2644 709 3083 763 destrucreteum
3105 712 3195 780 qui
3213 711 3445 771 habebat

1866 792 2059 848 mortis
2087 794 2393 865 imperium,
2428 797 2480 852 id
2504 808 2608 862 est,
2650 798 2940 865 diabolum,
2971 809 3026 854 et
3065 800 3321 856 liberaret
3347 817 3443 859 eos

1865 882 1958 952 qui
1989 884 2183 941 timore
2225 888 2419 942 mortis
2467 903 2563 959 per
2600 897 2766 945 totam
2820 891 2983 945 vitam
3030 891 3244 948 obnoxii
3289 905 3447 953 erant

1863 972 2133 1031 servituti.
2182 974 2459 1033 Nusuuam
2503 979 2650 1034 enim
2681 980 2901 1051 angelos
2940 983 3313 1051 apprehendit,
3350 986 3442 1040 sed

1867 1077 2049 1119 semen
2081 1065 2313 1123 Abrabae
2340 1068 2711 1139 apprehendit.
2748 1070 2903 1127 Unde
2931 1073 3113 1128 debuit
3141 1088 3237 1143 per
3259 1076 3443 1130 omnia

1868 1151 2128 1212 fratribus
2150 1159 2435 1214 assimilari
2465 1160 2528 1215 ¹¹.
2565 1180 2584 1215 ι
2617 1160 2757 1217 Ecce
2786 1164 2956 1229 enim,
2981 1179 3130 1229 ecce,
3149 1174 3202 1220 et
3228 1166 3443 1236 quidem

1869 1246 2234 1314 apertissime,
2268 1263 2392 1302 cum
2424 1249 2576 1304 illum
2611 1250 2756 1306 dicat
2786 1252 3126 1308 imminutum
3152 1254 3219 1308 ab
3240 1255 3445 1325 angelis

1868 1345 2090 1406 propter
2130 1338 2437 1406 passionem
2473 1339 2683 1404 mortis,
2728 1348 2888 1408 atque
2911 1341 2984 1395 ob
3028 1341 3081 1396 id
3125 1353 3444 1398 coronatum

1867 1442 1990 1482 esse
2018 1429 2189 1494 gloria
2234 1438 2287 1484 et
2332 1430 2559 1498 honore,
2602 1431 2887 1487 manifeste
2923 1432 3067 1487 illum
3113 1432 3351 1489 ostendit
3380 1436 3446 1489 de

1869 1533 1977 1588 qno
2004 1520 2170 1574 verba
2216 1513 2363 1588 facit,
2409 1522 2665 1576 nimirum
2708 1522 3079 1593 Unigenitum.
3123 1523 3444 1595 participem

1869 1611 2013 1663 enini
2040 1610 2239 1666 sactum
2271 1627 2390 1667 esse
2418 1613 2495 1667 ait
2523 1615 2704 1668 carnis
2734 1622 2789 1667 et
2819 1613 3101 1682 sanguinis
3125 1615 3347 1683 perinde
3379 1630 3446 1677 ac

1868 1717 2002 1769 uos;
2062 1714 2119 1757 et
2182 1718 2290 1758 non
2345 1706 2567 1775 angelos
2619 1705 3057 1774 apprehendisse,
3106 1706 3199 1761 sed
3258 1721 3445 1764 semen

1869 1794 2118 1849 Abrahae.
2161 1795 2397 1851 Decebat
2449 1795 2592 1851 enim
2634 1796 2801 1850 Deum
2836 1811 2902 1851 ac
2955 1796 3191 1865 Patrem,
3227 1809 3446 1869 propter

1869 1901 2027 1957 quem
2067 1888 2271 1952 omnia,
2320 1898 2374 1943 et
2418 1902 2515 1957 per
2564 1902 2724 1959 quem
2766 1888 2971 1955 omnia,
3013 1888 3205 1944 Filium
3264 1905 3444 1959 suum,

1870 1975 2035 2050 704
2067 1976 2159 2048 qui
2201 1976 2625 2032 exinanitionem
2661 1976 2921 2040 subierat,
2949 1986 3110 2045 atque
3135 1978 3448 2033 incarnatus

1868 2076 2006 2133 erat,
2034 2066 2203 2122 forma
2232 2065 2374 2121 servi
2403 2076 2647 2135 accepta,
2682 2079 3063 2121 consummare
3102 2080 3199 2136 per
3236 2064 3447 2136 passio·
3564 2118 3569 2127 ,

1866 2175 1989 2225 nes,
2030 2168 2439 2215 consecrantem
2489 2167 2652 2228 atque
2705 2156 3023 2212 offerentem
3077 2171 3229 2211 suam
3277 2156 3451 2225 ipsius

1868 2265 2087 2307 carnem
2119 2250 2172 2305 in
2200 2250 2429 2320 pretium
2460 2248 2842 2317 redemptionis
2876 2248 2998 2301 vitae
3037 2247 3301 2301 omnium.
3336 2245 3449 2300 lm·-

1868 2343 2099 2399 molatus
2127 2334 2275 2398 enim·
2320 2350 2404 2396 est
2446 2355 2543 2410 pro
2593 2339 2751 2396 nobis
2796 2338 3046 2394 Christus
3098 2337 3448 2393 immaculata

1870 2437 2071 2501 hostia,
2098 2445 2262 2505 atque
2290 2434 2448 2507 upica
2469 2431 2746 2487 oblatione
2775 2432 3168 2487 consummavit
3199 2429 3251 2483 in
3287 2436 3450 2483 αξιοι·-

1869 2543 1999 2582 ιιιιιιι
2032 2525 2425 2591 sanctificatos,
2454 2524 2750 2580 humanam
2784 2531 3033 2577 naturam
3080 2521 3132 2575 in
3166 2519 3451 2589 pristinum

1869 2629 2075 2675 statum
2097 2617 2657 2673 reformans.‹0mnia
2679 2614 2821 2670 enim
2844 2615 2898 2668 in
2924 2614 3039 2684 ipso
3052 2621 3175 2667 sunt
3193 2626 3331 2666 nova
3350 2612 3446 2664 ¹².»

1870 2716 2023 2784 Quod
2067 2715 2209 2770 enim
2256 2713 2396 2768 Deus
2438 2726 2502 2765 ae
2548 2709 2711 2764 Pater
2742 2707 2951 2763 dederit
2997 2719 3097 2775 pro
3137 2704 3292 2759 nobis
3326 2717 3453 2772 pro-

1865 2808 2046 2879 prium
2070 2821 2225 2861 sunm
2255 2801 2476 2867 Filium,
2523 2799 2691 2855 nihilo
2714 2800 2894 2854 secius
2918 2796 3205 2853 conllrmat
3235 2792 3452 2862 sapien-

1874 2897 2119 2953 tissimus
2166 2894 2387 2957 Paulus,
2423 2892 2496 2947 ita
2533 2890 2601 2946 de
2649 2892 2764 2961 ipso
2803 2890 3047 2945 scribens
3088 2904 3102 2941 ι
3146 2903 3165 2937 ι
3193 2885 3295 2951 Qui
3330 2898 3455 2952 pro·

1872 2990 1992 3055 prio
2026 2989 2163 3044 Filio
2201 3002 2302 3042 suo
2333 3002 2437 3041 non
2472 2983 2734 3056 pepercit,
2767 2979 2859 3036 sed
2890 2994 2988 3051 pro
3019 2977 3172 3033 uobis
3202 2977 3455 3033 omnihus

179 3068 455 3142 ἐφείσατο.
490 3071 604 3123 ἀλλ’
630 3073 769 3143 ὑπὲρ
800 3074 959 3144 ἡμῶν
1004 3076 1262 3130 ἁπάντων
1301 3079 1618 3150 παρέδωκεν
1661 3077 1758 3132 at·-
1793 3094 1836 3153 (ς
1872 3080 2094 3139 tradidit
2121 3080 2295 3144 illum,
2328 3077 2601 3147 quomodo
2629 3089 2736 3129 non
2770 3074 2938 3129 etiam
2967 3085 3091 3126 cum
3121 3070 3239 3138 ipso
3269 3067 3455 3124 omnia

180 3166 292 3224 τὸν,
328 3160 445 3226 πῶς
472 3161 592 3234 οὐχὶ
637 3165 731 3218 καὶ
760 3165 856 3218 σὺν
885 3165 1036 3236 αύτῷ
1063 3165 1133 3218 τά
1164 3166 1340 3219 πάντα
1371 3170 1505 3238 ἡμῖν
1542 3169 1765 3241 χαρίσε-

183 3272 303 3321 ται;
334 3274 352 3308 ι
383 3255 544 3308 Ἴδιον
589 3254 646 3307 δέ
698 3271 878 3326 φαμεν
910 3254 1177 3309 Υίὸν’τοῦ
1227 3253 1382 3319 Θεοῦ,
1414 3256 1506 3312 τὸν
1557 3263 1621 3315 ἐκ
1666 3262 1767 3332 τῆς

183 3345 368 3411 οὐσίας
389 3345 552 3400 αὐτοῦ
583 3346 863 3418 πεφηνότα
886 3345 1059 3416 Λόγον
1078 3361 1093 3378 ·
1125 3345 1370 3402 δεδόσθαι
1399 3364 1462 3416 γε
1495 3352 1602 3423 μὴν
1627 3352 1768 3424 ὑπὲρ

180 3438 357 3510 ἡμῶν,
393 3440 453 3492 οὐ
483 3439 689 3508 γυμνὸν
734 3437 816 3492 ἔτι
862 3439 956 3494 καὶ
998 3432 1260 3511 ἆσαρκον,
1296 3440 1526 3496 ἀλλ’δτε
1575 3442 1766 3513 γέγονε

183 3531 354 3604 σάρξ·
400 3531 497 3585 καὶ
532 3530 595 3584 τὸ
628 3529 887 3601 λέγεσθαι
916 3531 1130 3599 παθεῖν,
1165 3531 1468 3605 ἀμώμητον
1497 3529 1566 3606 ἦν
1597 3534 1764 3606 αὐτῷ.

183 3623 427 3678 Πὲπονθε
463 3622 593 3696 γάρ,
621 3625 683 3678 οὐ
716 3623 875 3695 φύσει
912 3624 1188 3698 θεότητος,
1221 3625 1337 3680 ἀλλ’
1367 3626 1474 3699 ίδίᾳ
1506 3628 1689 3698 σαρκί.
1709 3629 1768 3683 '0

183 3715 291 3787 γάρ
334 3716 465 3780 Θεὸς
493 3716 587 3769 καὶ
624 3715 831 3787 Πατὴρ,
861 3713 1115 3788 καθάπερ
1149 3715 1287 3787 ἔφην
1317 3717 1542 3790 ἀρτίως,
1572 3715 1664 3771 τὸν
1691 3717 1768 3790 μὴ

183 3806 380 3874 γνόντα
431 3805 724 3878 ἁμαρτίαν,
758 3806 899 3879 ὑπὲρ
947 3807 1107 3878 ἡμῶν
1158 3807 1434 3878 ἁμαρτίαν
1482 3809 1764 3881 ἐποίησεν,

185 3899 274 3952 ἴνα
301 3900 458 3969 ἡμεῖς
492 3897 778 3968 γενώμεθα
811 3899 1122 3971 δικαιοσύνη
1153 3899 1290 3954 Θεοῦ
1325 3903 1422 3956 σὺν
1455 3898 1767 3975 αύτῷ.Ἀρ’

184 3987 275 4046 οὖν
322 3992 592 4063 ἁμαρτίαν
619 3991 780 4047 αὐτὸν
810 3993 1063 4061 γενέσθαι
1097 3991 1324 4063 νοοῦμεν
1348 4010 1363 4060 ;
1390 3995 1423 4066 ἢ
1450 3995 1532 4048 ὅτι
1567 3996 1769 4067 μᾶλλον

185 4082 440 4155 ὡμοιώθη
487 4087 596 4149 τοῖς
643 4086 746 4139 ὑπὸ
778 4087 1070 4160 ἁμαρτίαν,
1103 4085 1363 4159 ταύτῃτοι
1402 4087 1497 4141 καὶΙ
1523 4088 1768 4163 ἁμαρτία

182 4179 435 4247 λέγεται;

257 4273 315 4329 Β.
347 4272 552 4344 Ὀρθῶς
591 4273 744 4345 ἔφης.
1224 4317 1228 4322 .

256 4366 319 4418 Α.
336 4366 547 4437 Ὥσπερ
569 4362 661 4420 οὖν
688 4365 779 4420 τὸν
807 4365 880 4438 μὴ
906 4366 1100 4434 γνόντα
1129 4368 1425 4440 ἁμαρτίαν,
1452 4369 1590 4441 ὑπὲρ
1612 4371 1769 4442 ἡμῶν

1868 3173 2025 3230 nobis
2053 3170 2311 3240 largietur
2332 3166 2401 3222 ¹⁸?
2430 3185 2449 3218 ι
2478 3164 2764 3234 Proprium
2790 3171 2968 3217 autem
2996 3159 3228 3214 dicimus
3257 3155 3453 3212 Filium

1870 3265 1986 3328 Dei,
2032 3261 2268 3317 Verbum
2316 3273 2380 3314 ex
2434 3257 2606 3328 ipsius
2652 3253 2887 3310 essentia
2941 3251 3178 3322 genitum
3226 3267 3240 3304 ι
3269 3249 3453 3303 datum

1869 3368 1998 3410 vero
2023 3367 2144 3409 esse
2166 3368 2262 3422 pro
2285 3349 2463 3413 nobis,
2493 3363 2597 3403 non
2621 3347 2820 3401 nudum
2849 3353 2903 3398 et
2930 3342 3109 3397 carnis
3133 3350 3409 3410 expertem
3432 3379 3452 3407 ,

1868 3446 1964 3502 scd
1993 3445 2207 3516 quando
2257 3441 2434 3497 sactus
2460 3448 2543 3496 est
2574 3453 2722 3494 caro.
2752 3435 2820 3491 Et
2846 3434 2990 3506 quod
3019 3432 3221 3489 dicitur
3262 3445 3454 3500 passus

1867 3551 2011 3604 esse,
2042 3536 2179 3592 nihil
2208 3532 2517 3592 detrimenti
2562 3529 2663 3599 ipsi
2714 3526 2890 3583 affert.
2936 3525 3134 3581 Passus
3176 3521 3319 3578 enim
3370 3529 3454 3576 est

1869 3643 1977 3683 non
2033 3636 2223 3690 natura
2271 3624 2591 3690 divinitatis,
2643 3621 2737 3676 sed
2790 3617 3007 3688 propria
3063 3628 3247 3670 carne.
3310 3612 3453 3667 Deus

1868 3719 2014 3775 enim
2045 3732 2110 3773 ac
2142 3715 2324 3780 Pater,
2353 3715 2494 3772 sicut
2527 3713 2689 3768 modo
2712 3710 2848 3778 dixi,
2878 3723 3001 3763 eum
3032 3707 3125 3779 qui
3170 3721 3274 3760 non
3302 3704 3453 3759 novit

1870 3820 2176 3884 peccatum,
2200 3825 2299 3879 pro
2321 3807 2476 3863 nobis
2500 3815 2778 3877 peccatum
2810 3802 2961 3868 lecit,
2984 3809 3043 3855 ιιι
3076 3815 3172 3855 nos
3198 3799 3455 3853 fieremus

1865 3902 2075 3976 justitia
2102 3899 2200 3955 Dei
2228 3914 2350 3956 cum
2375 3899 2491 3968 ipso
2519 3895 2582 3950 ¹⁸.
2607 3893 2799 3949 Nonne
2821 3907 2949 3947 vero
2975 3890 3135 3945 etiam
3168 3894 3451 3957 peccatum

1870 3996 2071 4050 sactum
2108 4007 2231 4048 esse
2254 3992 2430 4061 ipsum
2464 3985 2737 4043 dicimus?
2775 3994 2870 4038 aut
2896 3982 3019 4053 quia
3055 3982 3233 4052 potius
3256 3979 3454 4036 similit

1868 4085 2046 4142 sactus
2093 4094 2177 4141 est
2234 4083 2301 4137 iis
2347 4078 2439 4150 qui
2485 4076 2707 4134 obnoxii
2753 4082 2913 4132 erant
2957 4082 3201 4144 peccato,
3250 4071 3453 4127 idcirco

1870 4178 2035 4236 etiam
2061 4184 2347 4247 peccatum
2386 4169 2629 4228 dieitur?

1938 4269 2002 4324 B.
2047 4269 2216 4324 Recte
2242 4265 2344 4325 ais.

1940 4364 2010 4420 A.
2048 4358 2510 4429 Quemadmodum
2545 4354 2712 4426 igitur
2742 4365 2864 4407 eum
2886 4350 2977 4421 qui
3010 4364 3115 4405 non
3150 4347 3299 4403 norit
3326 4361 3450 4419 pee-

187 4458 459 4528 άμαρτίαν
493 4459 769 4534 ἐποίησεν,
801 4459 888 4512 ἵνα
922 4459 1082 4530 ἡμεῖς
1125 4459 1413 4532 γενώμεθα
1447 4460 1761 4533 δικαιοσύνη
1792 4448 1843 4509 D
1867 4462 2047 4511 catum
2083 4465 2182 4522 pro
2228 4450 2384 4504 nobis
2433 4455 2716 4517 peccatum
2758 4441 2906 4510 fecit,
2948 4449 3008 4494 ut
3056 4453 3153 4494 nos
3196 4437 3450 4492 fieremus

185 4550 320 4603 Θεοῦ
373 4552 429 4603 ὲν
477 4549 624 4621 αὐτῷ
673 4551 1033 4622 (δεδικαίωται
1073 4551 1182 4624 γὰρ
1215 4554 1248 4623 ἡ
1277 4552 1566 4624 ἀνθρώπου
1600 4554 1763 4624 φύσις
1857 4541 2067 4618 justitia
2089 4541 2181 4596 Dei
2205 4540 2258 4595 in
2283 4540 2399 4610 ipso
2416 4535 2725 4608 (justificata
2755 4532 2900 4588 enim
2922 4540 3006 4589 cst
3034 4531 3270 4585 humana
3293 4537 3450 4583 natu·

186 4645 241 4697 ὲν
268 4644 457 4714 αὐτῷ)·
490 4643 633 4697 οὕτω
659 4644 750 4698 τὸν
778 4645 879 4698 οὐκ
904 4645 1081 4699 εἰδότα
1105 4643 1335 4700 θάνατον
1358 4644 1494 4717 (ζωὴ
1516 4646 1625 4719 γάρ
1648 4650 1763 4701 ἐστι
1865 4640 2001 4695 rain
2034 4634 2172 4707 ipso)
2196 4652 2211 4689 ι
2235 4634 2307 4688 ita
2336 4647 2457 4687 cum
2481 4629 2571 4699 qni
2600 4643 2704 4684 non
2729 4625 2883 4681 novit
2904 4632 3132 4680 mortem
3153 4622 3281 4692 (vita
3300 4621 3445 4678 enim

187 4737 278 4791 καὶ
307 4737 571 4802 ζωοποιὸς
601 4738 627 4791 ό
656 4737 870 4806 Λόγος),
913 4738 1077 4809 σαρκὶ
1111 4737 1303 4792 παθεῖν
1330 4739 1764 4811 παρεσκεύασεν,
1864 4743 1950 4789 est
1974 4740 2031 4787 et
2055 4726 2330 4784 vivificans
2360 4720 2635 4790 Verbum)
2670 4733 2837 4775 carne
2871 4717 2980 4787 pati
3019 4715 3281 4787 permisit,
3319 4729 3443 4769 cum

185 4828 288 4894 ἔξω
345 4832 604 4901 μείναντα
648 4830 742 4884 τοῦ
794 4830 1008 4894 παθεῖν,
1055 4830 1189 4885 καθὸ
1240 4833 1443 4884 νοεῖται
1485 4830 1639 4896 Θεὸς,
1679 4832 1766 4886 ἵνα
1865 4825 2097 4886 interca,
2128 4827 2397 4891 quatenus
2422 4824 2506 4870 est
2548 4815 2707 4877 Deus,
2747 4824 2777 4864 a
2806 4809 3060 4880 passione
3098 4805 3234 4860 liber
3262 4815 3444 4871 esset3

189 4922 345 4992 ἡμεῖς
392 4921 644 4992 ζήσωμεν
685 4922 752 4977 δι’
783 4923 947 4977 αὑτοῦ
988 4940 1046 4977 τε
1089 4923 1182 4977 καὶ
1225 4925 1283 4977 ὲν
1333 4922 1499 4995 αύτῷ.
1537 4922 1628 4978 Διὸ
1670 4924 1766 4978 καὶ
1870 4926 1932 4974 ιιι
1966 4913 2219 4971 nimirum
2258 4923 2356 4962 nos
2389 4907 2631 4959 vivamus
2663 4917 2759 4972 per
2801 4900 2973 4970 ipsum
3005 4907 3060 4953 et
3105 4898 3158 4952 iu
3196 4899 3333 4967 ipso.
3363 4895 3445 4949 td-

185 5010 437 5082 ὁμοίωμα
457 5009 689 5065 θανάτου
735 5013 794 5065 τὸ
819 5011 1054 5083 Χριστοῦ
1099 5013 1270 5076 πάθος
1302 5012 1631 5084 ὠνόμασται.
1666 5012 1765 5069 Γέ-
1872 5008 2023 5064 circo
2049 5015 2103 5060 et
2130 4999 2427 5058 similitudo
2452 4995 2663 5058 mortis,
2691 4992 2895 5047 Christi
2919 4990 3098 5060 passio
3129 4998 3316 5044 vocata
3342 4996 3443 5041 est.

186 5120 429 5175 γραπται
451 5098 562 5156 οὖν*
592 5103 682 5155 ιΕί
712 5102 820 5174 γὰρ
853 5103 1122 5174 σύμφυτοι
1142 5104 1444 5174 γεγόναμεν
1469 5104 1544 5175 τῷ
1561 5103 1760 5174 ὀμοιὼ·
1872 5098 2146 5169 Scriptum
2186 5095 2369 5163 itaque
2396 5099 2478 5144 est
2524 5105 2539 5142 τ
2585 5103 2604 5137 ι
2636 5084 2692 5138 st
2730 5083 2873 5139 enim
2924 5081 3274 5152 complantati
3320 5079 3445 5133 facti

145 5175 157 5200 ⁸
187 5213 314 5266 ματι
357 5195 450 5249 τοῦ
513 5194 744 5249 θανάτου
768 5195 955 5259 αὐτοῦ,
983 5196 1117 5250 ἀλλὰ
1150 5197 1244 5251 καὶ
1273 5196 1372 5267 τῆς
1414 5195 1761 5260 ἀναστάσεως
1860 5209 2051 5254 sumus
2080 5183 2418 5246 similitudini
2451 5181 2641 5237 mortis
2665 5179 2805 5247 ejuS,
2832 5173 2990 5230 simul
3015 5185 3069 5229 et
3092 5171 3444 5227 resurrectio·

187 5288 440 5359 ἐσόμεθα.
472 5308 489 5339 ι
511 5285 648 5356 Ἔζη
683 5287 790 5358 γάρ
822 5286 850 5338 ό
880 5287 1050 5354 Λόγος
1084 5287 1178 5342 καὶ
1206 5287 1507 5360 γενομένης
1532 5286 1761 5342 θανάτου
1861 5286 1946 5342 nis
1976 5281 2182 5337 crimus
2208 5278 2272 5331 ⁸³.
2312 5293 2331 5329 ι
2370 5271 2597 5328 Vivebat
2628 5267 2772 5324 enim
2809 5264 3068 5327 Verbum,
3105 5276 3227 5314 cunt
3258 5269 3444 5313 sancta

187 5379 278 5450 τῆς
311 5378 468 5447 ἁγίας
500 5376 664 5432 αὐτοῦ
694 5375 914 5447 σαρκὸς,
947 5376 1013 5429 ἵν’
1040 5376 1361 5448 ἡττηθέντος
1387 5377 1643 5441 θανάτου,
1669 5378 1766 5432 καὶ
1864 5372 2036 5443 ipsius
2075 5383 2205 5424 caro
2236 5374 2463 5420 mortem
2503 5361 2721 5423 obiret,
2764 5364 2844 5420 ιιι,
2901 5361 3150 5422 superata
3193 5359 3365 5450 morte
3390 5357 3443 5403 ει
3477 5406 3482 5410 .

188 5470 581 5540 πεπατημένης
606 5470 700 5540 τῆς
735 5467 960 5540 φθορᾶς,
984 5471 1016 5537 ὴ
1046 5468 1144 5539 τῆς
1165 5469 1513 5534 ἀναστάσεως
1538 5469 1763 5540 δύναμις
1863 5460 2181 5538 proculcato
2215 5457 2457 5519 interitu,
2505 5446 2923 5508 resurrectionis
2962 5444 3043 5499 vis
3082 5456 3148 5497 ac
3191 5449 3364 5494 virtus
3389 5455 3443 5495 ιιι

188 5561 263 5623 εἰς
295 5558 438 5612 &rra-1
470 5557 694 5627 ἔρχηται
724 5558 784 5612 τὸ
820 5553 1159 5629 ἀνθρώπινον
1199 5556 1371 5626 γένος.
1393 5557 1614 5629 ἰληθὲς
1635 5557 1762 5629 γὰρ,
1866 5557 2177 5612 universum
2208 5563 2379 5622 genus
2413 5547 2708 5603 humanum
2742 5538 3021 5596 transiret.
3065 5534 3264 5592 Verum
3296 5531 3442 5590 enim

259 5740 299 5773 ⁸¹
344 5737 504 5794 llcbr.
543 5755 602 5803 n,
644 5736 799 5794 9-17.
879 5737 919 5769 ¹·
960 5736 1001 5793 ll
1041 5737 1166 5793 Cor.
1197 5751 1249 5800 v.
1284 5735 1367 5792 Π.
1452 5735 1494 5768 ¹⁸
1533 5733 1692 5792 nom.
1736 5747 1851 5795 vnt.
1889 5730 1978 5788 32.
2060 5728 2104 5762 ¹⁸
2143 5726 2183 5785 ll
2221 5726 2342 5786 Cor.
2384 5739 2435 5792 v,
2463 5720 2554 5779 21.
2633 5721 2675 5755 ¹·
2702 5718 2857 5777 Rom.
2896 5731 2969 5782 vt.
3007 5713 3062 5772 5.
