3809 6125
340 312 484 370 ¹285

1471 325 1660 392 QUOD
1697 322 1885 382 UNUS
1924 322 2033 380 Sl'l'
2070 325 2438 385 CHRISTUS.

333 432 475 487 κατὰ
520 433 614 489 τὸν
663 437 778 494 ἴσον
826 442 921 495 καὶ
967 442 1404 515 ἀπαραλλάκτως
1449 443 1643 514 ἔχοντα
1691 444 1916 513 τρόπον.
1946 448 1990 502 A
2020 443 2215 512 polleat
2261 445 2314 501 id
2360 446 2504 517 quod
2532 456 2777 504 creatum
2817 457 2923 515 est.
2978 460 3033 508 et
3088 451 3230 508 Deus
3271 466 3461 508 recens
3486 461 3590 517 ,ιιι

332 522 464 580 Εἶτα
507 528 626 593 πῶς
670 532 732 584 οὐ
777 534 998 604 γέγονεν
1045 534 1287 609 ἰσότιμον
1321 535 1420 607 μὲν
1449 535 1530 606 τῷ
1564 535 1799 606 δεσπότῃ
1844 535 1911 589 τὸ
2014 534 2295 604 Scriptura
2349 546 2580 592 testatur
2619 538 2717 592 ⁸²?
2758 540 3056 597 Asciscitur
3079 557 3206 598 vcro
3242 543 3296 597 in
3337 555 3588 599 sanctam

328 616 550 683 δοῦλον,
598 621 659 674 ὲν
693 622 990 695 ὑπεροχαῖς
1026 627 1084 679 δὲ
1117 626 1370 699 θεότητος
1410 626 1472 680 τὸ
1512 626 1905 697 πεποιημένον,

327 710 422 762 καὶ
450 709 583 774 Θεὸς
606 713 937 784 πρόσφατος,
966 719 1107 772 κατὰ
1128 718 1226 782 τάς
1254 718 1510 790 Γραφάς;
1550 718 1908 788 ὲπενηνεκται

323 798 383 854 δὲ
410 801 478 871 τῇ
506 801 640 873 ἀγίᾳ
675 802 770 856 καὶ
794 805 1068 878 ὀμοουσίῳ
1091 808 1284 879 Τριάδι
1334 807 1399 861 τὸ
1439 805 1726 875 ἀνισοφυὲς
1765 804 1902 874 αὐτῇ

323 892 418 946 καὶ
466 892 566 947 σὺν
595 894 730 965 αὐτῇ
767 898 1238 969 προσκυνούμενον
1267 938 1283 965 ,
1334 896 1432 954 καὶ
1468 886 1569 968 τῆς
1607 896 1729 966 ἴσης
1765 895 1902 967 αὐτῇ

321 982 617 1038 κοινωνοῦν
638 985 920 1055 εὐκλείας;
1430 1031 1435 1038 .

291 1103 298 1142 3
393 1075 454 1129 B.
494 1076 630 1130 Φασὶ
660 1075 761 1150 τὴν
800 1078 1081 1156 ἀναφορὰν
1122 1080 1264 1136 κατὰ
1307 1079 1512 1144 τοιόνδε
1547 1078 1672 1133 τινά
1704 1077 1903 1149 χρῆναι

318 1165 699 1235 λαμὸάνεσθαι
750 1170 970 1240 τρόπον.
1036 1170 1378 1235 Ἐννοοῦντες
1417 1170 1528 1243 γάρ
1579 1169 1669 1223 τὸν
1712 1168 1791 1239 τῷ
1836 1169 1903 1221 ἐκ

319 1257 637 1329 σπέρματος
684 1260 850 1315 Aaou
887 1263 1206 1335 ἀχωρίστως
1251 1261 1594 1333 συναφθέντα
1631 1261 1763 1315 Θεὸν
1798 1260 1903 1315 Λό-

318 1363 438 1417 γον,
470 1349 887 1424 προσκυνοῦμεν
910 1353 987 1417 ὠς
1014 1352 1169 1407 Θεόν.

387 1438 453 1495 Α.
498 1433 624 1511 'Ap’
666 1436 763 1495 οὖν
806 1443 1024 1514 ἀπόχρη
1073 1444 1210 1515 πρὸς
1242 1444 1305 1498 τὸ
1338 1442 1450 1497 δεῖν
1487 1440 1639 1515 αὐτῷ
1685 1441 1786 1514 τὴν
1822 1442 1901 1514 τῷ

316 1527 439 1597 Θεῷ
485 1528 802 1601 πρέπουσαν
850 1532 1010 1599 δόξαν
1057 1532 1220 1597 ἑλεῖν,
1253 1534 1347 1588 καὶ
1386 1533 1498 1586 τῶν
1538 1532 1640 1603 τῆς
1666 1532 1900 1598 κτίσεως

218 1603 235 1625 ’
317 1619 725 1690 ὑπερφέρεσθαι
751 1623 986 1693 μέτρων,
1009 1622 1070 1676 τὸ
1101 1624 1369 1693 συνῆφθαι
1401 1624 1561 1694 μόνον
1592 1620 1771 1694 αὺτῷς
1803 1622 1897 1677 καὶ

313 1710 475 1765 τοῦτο
501 1713 873 1785 προσκυνητὸν
922 1716 1014 1768 τὸν
1060 1715 1159 1770 οὑκ
1210 1716 1340 1770 ὄντα
1383 1714 1516 1769 Θεὸν
1563 1715 1890 1788 ὲργάσεται;

2008 636 2064 681 ει
2091 628 2604 685 consubstantialem
2635 631 2961 688 Trinitatem
2993 633 3045 688 id
3073 634 3217 704 quod
3252 634 3482 691 diversae
3522 637 3587 691 ab

2008 732 2070 772 ea
2101 730 2311 775 naturae
2336 729 2441 785 est.
2477 737 2697 792 unaque
2729 738 2851 779 cum
2873 738 2935 778 ea
2980 726 3241 780 adoratur
3266 766 3283 793 ‚
3333 740 3583 783 comnm-

2009 821 2243 879 nemque
2268 816 2324 865 ct
2346 824 2533 882 parem
2562 827 2687 869 cum
2717 826 2782 868 ca
2812 813 3039 884 gloriam
3067 814 3274 871 babet?

2075 1070 2138 1129 B.
2177 1070 2347 1126 Aiunt
2369 1071 2509 1127 banc
2552 1072 2869 1130 relationem
2912 1073 3293 1146 hujuscemodi
3337 1079 3576 1149 quadam

2004 1162 2213 1219 ratione
2240 1163 2414 1234 accipi
2444 1162 2660 1219 debere.
2690 1164 3006 1223 statuentes
3036 1168 3182 1225 euim
3210 1169 3337 1226 buic
3364 1172 3458 1242 qui
3492 1183 3578 1229 ost

2002 1267 2070 1309 ex
2113 1254 2323 1310 semine
2365 1253 2535 1311 David
2590 1256 3028 1327 inseparabiliter
3074 1260 3386 1331 copulatum
3452 1277 3575 1321 esse

2003 1341 2173 1399 Deum
2208 1344 2469 1411 Verbum,
2504 1345 2799 1404 adoramus
2825 1357 2885 1405 ut
2930 1350 3120 1409 Deum.

2072 1436 2319 1507 A.Atqui
2354 1436 2623 1494 sttsslcitne
2647 1439 2753 1497 boc
2785 1441 2853 1496 ad
2875 1442 3220 1501 deferendam
3247 1445 3323 1502 illi
3344 1447 3569 1520 gloriam

1998 1540 2119 1597 qna}
2148 1527 2570 1595 Deoconvettit,
2627 1540 2685 1586 et
2726 1530 2795 1586 ad
2842 1546 2967 1587 eum
3013 1532 3151 1589 ultra
3195 1548 3570 1594 creaturarum

1996 1617 2362 1675 conditionem
2383 1618 2741 1685 evehendum,
2765 1619 2909 1691 quod
2942 1621 3266 1693 conjunctus
3282 1626 3332 1681 ei
3357 1635 3569 1684 tantum

1995 1708 2087 1776 sit,
2126 1708 2288 1779 idque
2315 1709 2643 1765 adorabilem
2676 1725 2800 1766 eum
2829 1710 2994 1767 faciet
3020 1714 3112 1783 qui
3143 1729 3249 1771 non
3272 1715 3347 1770 sit
3376 1715 3520 1773 Deus
3546 1717 3573 1772 i

313 1802 434 1856 ἀλλ’
465 1804 705 1873 εὑρίσκω
735 1804 857 1860 τινὰ
875 1805 954 1876 τῷ
986 1805 1104 1877 Θεῷ
1135 1806 1360 1877 λέγοντα
1386 1806 1476 1862 διὰ
1502 1807 1601 1878 τῆς
1621 1805 1716 1860 τοῦ
1743 1807 1895 1861 *1³42-
1924 1785 1969 1841 Β
1995 1798 2066 1853 At
2099 1799 2310 1868 reperio
2337 1799 2627 1870 quemdam
2666 1813 2768 1868 per
2814 1798 3117 1857 Psalmistae
3152 1800 3325 1874 lyram
3375 1805 3568 1860 dicen·

313 1892 498 1957 λοντος
520 1895 687 1965 λύρας
711 1913 724 1927 ·
769 1917 789 1948 ι
830 1897 1124 1969 Ἐκολλήθη
1156 1898 1190 1969 ὴ
1221 1898 1365 1970 ψυχή
1399 1916 1501 1970 μου
1522 1898 1697 1952 ὀπίσω
1724 1914 1838 1952 σου.
1867 1918 1886 1950 ι

311 1985 518 2056 Γράφει
551 1986 725 2041 δὲκαὶ
765 1988 794 2041 ό
829 1989 1098 2059 μακάριος
1124 1989 1366 2055 Παῦλος·
1398 2007 1418 2042 r
1462 1990 1520 2043 Ὀ
1556 1987 1891 2061 κολλώμενος

310 2075 392 2151 τῷ
412 2078 620 2149 Κυρίῳ,
642 2078 700 2131 ἓν
727 2078 944 2150 πνεῦμά
970 2082 1136 2136 ἐστιν.
1178 2100 1197 2132 ι
1224 2077 1348 2153 'Ap’
1366 2075 1481 2148 οῦν,
1521 2081 1778 2153 eir-epm,
1797 2080 1893 2134 teni.

309 2168 531 2235 τούτους
570 2172 818 2244 ἀναφορᾷ
854 2174 991 2228 Θεοῦ
1017 2176 1492 2246 προσκυνήσομεν,
1520 2174 1601 2239 ὡς
1633 2174 1892 2245 κεκολλη-

313 2263 508 2334 μένους
540 2264 724 2333 αὑτῷ;
776 2265 971 2321 Καίτοι
1008 2265 1104 2320 τοῦ
1148 2266 1419 2338 συνῆφθαι
1447 2257 1645 2337 λέγειν,
1682 2266 1746 2321 τὸ
1790 2267 1890 2338 τῆς
1959 2318 1964 2322 .

306 2352 617 2424 κολλήσεως
657 2353 847 2424 δνομα,
890 2353 1113 2425 μείζονά
1149 2371 1251 2410 που
1288 2357 1505 2420 πάντως
1535 2353 1631 2410 καὶ
1675 2354 1885 2422 ἀξιολο-

305 2444 556 2515 γωτέραν
586 2444 686 2514 τὴν
728 2444 966 2515 ἔμφασιν
1009 2443 1158 2516 ἔχει·
1189 2444 1349 2517 εἴπερ
1381 2445 1528 2500 ἐστὶν
1570 2441 1767 2517 ἀληθὲς
1808 2447 1887 2499 εί-

304 2539 451 2601 πεῖν,
484 2536 561 2601 ὠς
592 2537 652 2591 τό
678 2553 789 2590 τισι
821 2535 1180 2607 κολλώμενον,
1216 2538 1276 2593 εν
1314 2538 1561 2593 ἐπιτάσει
1590 2537 1756 2610 πολλῇ
1789 2538 1889 2611 τὴν

307 2628 604 2699 συνάφειαν
639 2627 775 2699 ἔχει.

380 2719 438 2774 B.
485 2721 720 2775 Ἔοικεν.

378 2812 439 2870 Α.
494 2812 742 2867 ’Δνθότου
792 2812 849 2867 δὲ
898 2812 964 2886 δὴ
1009 2811 1276 2885 παρέντες
1307 2812 1409 2884 τὴν
1441 2813 1657 2879 ἕνωσιν,
1708 2811 1885 2866 καίτοι

306 2904 494 2975 φωνὴν
526 2899 692 2959 οῦσαν
736 2904 959 2977 εὑτριὸἦ
1005 2906 1136 2977 παρ’
1168 2906 1300 2975 ἡμῖν
1352 2905 1555 2969 αὑτοῖς,
1594 2902 1793 2978 μᾶλλον
1825 2903 1883 2956 δὲ

308 2994 406 3047 καὶ
432 2994 501 3046 ὲκ
522 2993 631 3045 τῶν
654 2992 826 3059 ἀγίων
852 2993 1112 3064 Πατέρων
1139 2994 1682 3056 καταόαίνουσανιίς
1712 2994 1880 3066 ἡμᾶς,

1998 1900 2104 1946 tem
2140 1905 2154 1942 ε
2192 1908 2210 1942 ι
2239 1889 2622 1960 conglutinata
2665 1899 2750 1946 est
2800 1894 2979 1946 anima
3023 1908 3139 1948 mea
3174 1904 3296 1964 post
3329 1904 3380 1952 te
3408 1896 3456 1929 ⁸⁸
3486 1912 3503 1964 3
3543 1917 3562 1949 ι

1993 1991 2050 2038 ει
2084 1982 2273 2038 beatus
2302 1981 2500 2037 Paulus
2546 1982 2620 2037 ita
2665 1982 2909 2040 scribit:
2950 2002 2970 2037 ι
3011 1983 3113 2053 Qui
3158 1987 3565 2055 conglutinatus

1994 2084 2076 2128 est
2110 2072 2339 2129 Domino
2366 2110 2383 2137 ,
2416 2087 2558 2128 unus
2592 2073 2819 2142 spiritus
2863 2084 2949 2130 est
2989 2075 3078 2134 Ψ.
3127 2067 3156 2129 ι’
3195 2079 3352 2135 Anne
3382 2080 3564 2151 igitur,

1991 2166 2240 2231 obsecro,
2263 2164 2427 2220 etiam
2458 2164 2561 2220 bos
2581 2163 2934 2221 adorabimus
2959 2176 3203 2235 respectu
3240 2168 3355 2237 Dei,
3380 2181 3566 2239 utpote

1992 2257 2042 2313 ei
2093 2256 2539 2325 conglutinatos?
2591 2257 2756 2327 Atqui
2823 2259 3306 2331 conglutinationis
3369 2276 3563 2317 non-en

1992 2347 2254 2419 majorem
2288 2349 2398 2403 vim
2428 2348 2589 2420 733
2617 2359 2781 2419 atque
2846 2352 3149 2421 emphasim
3197 2351 3359 2407 babet
3400 2367 3562 2423 qnam

1990 2437 2409 2508 conjunctionis.
2444 2437 2725 2508 Siquidem
2762 2453 2889 2495 vere
2920 2439 3140 2509 dieitur,
3174 2441 3221 2498 si
3248 2442 3381 2512 quid
3406 2441 3562 2497 alteri

1990 2531 2222 2601 cuipiam
2244 2530 2682 2601 conglutinatum
2704 2541 2810 2597 est,
2850 2533 3225 2588 vehementem
3253 2534 3303 2589 ei
3326 2544 3561 2591 arctam·

1987 2638 2095 2695 que
2115 2637 2243 2679 cum
2269 2621 2361 2678 illo
2384 2621 2821 2693 conjunctionem
2850 2624 3207 2682 intercedere.

2057 2713 2120 2769 B.
2151 2714 2229 2769 lta
2262 2712 2500 2769 videtur.

2058 2806 2124 2860 Α.
2150 2804 2265 2862 Cur
2284 2797 2489 2873 autem,
2519 2807 2723 2878 rejecto
2748 2808 2970 2864 nomine
3005 2808 3249 2877 unitatis,
3278 2822 3400 2866 cum
3429 2808 3563 2866 alio·

1987 2896 2079 2966 qui
2105 2896 2176 2951 sit
2224 2896 2479 2951 usitatum
2529 2898 2685 2954 nobis
2714 2899 2870 2969 ipsis,
2916 2899 3026 2956 into
3074 2914 3205 2957 vero
3278 2915 3308 2955 a
3360 2904 3563 2959 sanctis

1990 2987 2236 3042 Patribus
2273 2987 2340 3043 ad
2375 3002 2475 3044 nos
2495 2986 2733 3056 fluxerit,
2761 2988 3203 3060 conjunctionem
3251 2993 3434 3064 potius
3467 3010 3566 3051 vo·

311 3081 609 3148 συνάφειαν
636 3079 996 3148 ὁνομάζουσι;
1029 3081 1222 3135 Καίτοι
1255 3087 1447 3154 συγχεῖ
1480 3085 1577 3152 μὲν
1614 3085 1649 3155 ἡ
1691 3085 1883 3149 ἓνωσις
1909 3113 1953 3172 c
1986 3087 2113 3134 eant
2145 3080 2172 3133 ‘i
2222 3079 2389 3150 Atqui
2433 3082 2615 3138 unitas
2667 3096 3006 3153 nequaquam
3048 3082 3331 3141 confundit
3374 3101 3439 3143 ea
3490 3089 3556 3144 de

307 3167 564 3239 οὐδαμῶς
593 3168 662 3222 τὰ
709 3169 828 3223 καθ’
855 3163 931 3224 ὧν
958 3169 1026 3225 ἀν
1055 3171 1287 3239 λέγοιτο,
1313 3171 1638 3228 διαδείκνυσι
1661 3173 1719 3226 δὲ
1745 3177 1882 3243 μᾶλ-

308 3262 400 3315 λον
432 3259 531 3331 τὴν
563 3262 644 3325 είς
685 3259 746 3314 ἓν
782 3276 836 3314 τι
883 3259 1190 3333 συνδρομὴν
1238 3259 1348 3316 τῶν
1379 3260 1621 3333 ἡνῶσθαι
1661 3264 1883 3337 νοουμέ-

302 3368 437 3411 νων.
467 3351 578 3406 Καὶ
608 3353 730 3422 οὑχί
776 3352 951 3424 πάντη
999 3368 1061 3406 τε
1096 3352 1192 3406 καὶ
1231 3342 1452 3418 πάντϋς
1472 3344 1545 3411 ’ἓν
1570 3350 1641 3410 ἂν
1677 3353 1884 3426 λέγοιτο

308 3443 487 3516 μόνως
516 3441 579 3496 τὸ
606 3440 814 3496 ἁπλοῦν
843 3443 937 3497 καὶ
966 3441 1258 3517 μονοειδὲς,
1289 3440 1428 3500 ἀλλὰ
1456 3442 1568 3516 γάρ
1599 3445 1696 3499 καὶ
1722 3445 1791 3500 τά
1817 3447 1884 3501 εκ

302 3535 453 3591 δυοῖν
485 3533 520 3606 ἢ
552 3522 815 3590 πλειόνων
838 3533 924 3589 ἱτι
956 3532 1056 3590 κά
1091 3532 1153 3600 te
1182 3534 1495 3608 ίτεροειδῶν
1530 3537 1876 3609 συγκείμενα.

302 3629 464 3682 Δοκεῖ
509 3626 618 3697 γάρ
643 3625 816 3692 οὕτως
861 3622 922 3682 εὖ
974 3626 1119 3698 ἔχειν
1143 3629 1258 3692 τοῖς
1301 3624 1477 3684 ταῦτα
1508 3631 1712 3699 σοφοῖς.
1761 3631 1880 3685 Κα-

302 3719 645 3792 κουργότατα
681 3719 859 3774 τοίνυν
909 3718 1002 3775 τὸν
1051 3719 1149 3774 ἕνα
1195 3718 1291 3774 καὶ
1325 3718 1486 3790 φύσει
1532 3721 1628 3776 καὶ
1663 3720 1880 3794 ἀληθῶς

304 3811 454 3875 Υίὸν,
487 3810 980 3883 ὲνανθρωπήσαντα
1010 3813 1108 3867 καὶ
1140 3813 1558 3885 σεσαρκωμένον
1578 3813 1877 3883 διιστάντες

301 3905 385 3968 εἰς
409 3903 520 3970 δύο,
554 3902 943 3976 παραιτοῦνται
975 3903 1076 3977 μὲν
1107 3903 1206 3978 τὴν
1235 3905 1449 3972 ἕνωσιν,
1481 3908 1777 3979 συνάφειαν
1818 3908 1877 3964 δὲ

300 3995 680 4066 ὀνομάζουσιν,
713 3995 781 4068 ην
809 3995 877 4051 ἂν
910 3995 1022 4068 ἔχοι
1051 3995 1216 4068 τυχὸν
1251 3998 1346 4052 καὶ
1382 3997 1569 4070 ἕτερός
1608 4017 1696 4065 τις
1738 3999 1878 4072 πρὸς

298 4086 456 4152 Θεὸν,
487 4087 566 4150 ὡς
589 4086 648 4152 ἐξ
674 4086 874 4160 ἀρετῆς
902 4087 996 4141 καὶ
1026 4086 1300 4162 ἀγιασμοῦ
1333 4091 1614 4162 μονονουχὶ
1659 4091 1877 4146 συνδού-

302 4194 487 4249 μενος,
516 4178 658 4232 κατά
690 4193 757 4248 γε
783 4178 845 4232 τὸ
874 4179 980 4233 ὑπό
1011 4196 1104 4234 του
1125 4178 1237 4233 τῶν
1265 4180 1562 4253 προφητῶν
1588 4181 1766 4254 ὀρθῶς
1795 4184 1875 4237 εί-

303 4271 559 4342 ρημίνον,
588 4272 702 4334 τοῖς
742 4269 1132 4324 ἀναπίπτουσιν
1163 4272 1244 4333 εἰς
1281 4269 1343 4325 τὸ
1390 4270 1667 4344 ῥᾴθυμον·
1703 4273 1874 4328 «Συν-

297 4361 501 4434 ἀχθητε
545 4362 640 4417 καὶ
678 4361 985 4434 συνδὲθητε,
1028 4361 1091 4416 τὸ
1121 4360 1271 4427 ἔθνος
1297 4360 1359 4415 τὸ
1392 4361 1733 4430 ἀπαίδευτον,
1767 4365 1876 4437 πρὸ

1990 3170 2191 3241 quibus
2217 3170 2566 3241 praedicatur,
2594 3172 2690 3230 sed
2719 3173 2898 3245 potius
2919 3174 3191 3247 significat
3232 3192 3556 3236 concursum

1990 3262 2045 3320 in
2082 3278 2250 3319 unum
2270 3276 2619 3334 eorum-qnae
2658 3265 2806 3320 unita
2852 3278 2979 3322 esse
3015 3266 3408 3340 intelliguntur.
3454 3271 3562 3328 Sed

1990 3367 2168 3425 neque
2203 3353 2258 3408 in
2290 3353 2603 3409 universum
2652 3354 2854 3410 dicitur
2894 3370 3062 3411 unum
3113 3356 3458 3415 solummodo
3504 3359 3559 3415 id

1988 3443 2129 3513 quod
2164 3442 2392 3513 simplex
2418 3452 2523 3508 est.
2548 3452 2711 3514 atque
2736 3445 2896 3502 unius
2923 3447 3148 3517 speciei,
3181 3462 3374 3505 verum
3392 3450 3559 3506 etiam

1988 3544 2055 3588 ea
2088 3546 2212 3602 quat
2247 3547 2314 3588 ex
2357 3533 2569 3589 duobus
2626 3542 2721 3588 aut
2766 3534 2932 3589 etiam
2992 3535 3241 3607 pluribus
3271 3538 3438 3594 etiam
3479 3540 3561 3595 di·

1986 3638 2269 3681 versarem
2306 3624 2613 3702 specierum
2642 3625 2938 3696 composita
2974 3637 3121 3683 stmt.
3163 3627 3241 3685 lta
3268 3628 3415 3685 enim
3441 3638 3558 3685 sta-

1989 3726 2148 3773 tuunt
2182 3716 2376 3772 barum
2401 3730 2584 3772 rerum
2606 3717 2805 3787 'periti.
2846 3717 3367 3778 Fraudulentissinte
3395 3722 3559 3793 igitur

1986 3820 2154 3862 unum
2183 3816 2240 3862 et
2274 3815 2465 3861 natura
2514 3814 2573 3862 et
2621 3818 2750 3862 vet-e
2796 3807 2992 3863 Filium
3031 3809 3305 3867 bominem
3346 3812 3554 3868 sactum

1986 3904 2149 3964 atque
2187 3894 2525 3950 incarnatum
2566 3894 2963 3966 distinguentes
2997 3898 3052 3954 in
3092 3900 3222 3967 duo,
3285 3903 3552 3961 unitate-

1983 3986 2203 4056 quidem
2248 3985 2595 4055 detrectant,
2650 3988 3089 4060 conjunctionem
3130 4007 3262 4049 vero
3309 4006 3503 4052 vocant
3534 4037 3551 4064 ,

1982 4090 2147 4148 quam
2173 4077 2404 4134 fortasse
2429 4078 2594 4134 etiam
2618 4078 2758 4135 alius
2787 4080 3056 4151 quispiam
3083 4097 3206 4139 rum
3242 4086 3351 4142 Deo
3368 4086 3551 4155 babet,

1982 4176 2173 4240 utpote
2202 4168 2402 4226 virtute
2432 4185 2501 4227 ac
2526 4171 2959 4230 sanctificatione
3000 4182 3325 4232 tantumnon
3357 4178 3409 4235 ei
3439 4179 3552 4235 col-

1981 4260 2203 4332 ligatus,
2229 4262 2383 4334 juxta
2422 4262 2553 4319 illud
2581 4271 2732 4319 recte
2756 4278 2786 4318 a
2813 4265 3098 4336 prophetia
3125 4267 3331 4325 dictum
3361 4269 3430 4327 iis
3458 4272 3551 4340 qui

1979 4353 2049 4408 ad
2091 4353 2360 4422 ignaviam
2391 4354 2795 4412 devolvuntur:
2826 4373 2846 4408 ι
2884 4357 3320 4431 congregamini,
3350 4371 3404 4417 et
3439 4363 3551 4417 cnl-

294 4454 395 4511 τοῦ
423 4453 675 4524 γενέσθαι
717 4454 863 4527 ὑμᾶς
906 4454 982 4518 ὡς
1012 4453 1172 4519 ἄνθος
1212 4453 1642 4526 παρερχόμενον.
1682 4473 1704 4508 ι
1740 4456 1873 4511 Συν·
1902 4466 1949 4525 1)
1984 4444 2252 4514 nitamini,
2284 4461 2417 4518 gens
2448 4449 2721 4518 imperita,
2748 4459 3035 4521 antequam
3069 4449 3212 4506 liatis
3244 4465 3342 4507 vos
3367 4461 3428 4509 ut
3451 4450 3550 4510 ssos

295 4545 526 4602 ἅπτοιτο
550 4546 595 4600 δ’
635 4545 701 4601 ἀν
752 4547 848 4601 καὶ
895 4544 1143 4618 μαθητὴς
1187 4543 1492 4618 διδασκάλῳ
1537 4548 1679 4602 κατά
1707 4563 1773 4616 γε
1818 4548 1881 4603 τὸ

295 4636 617 4710 φιλομαθὲς,
650 4637 745 4692 καὶ
773 4638 936 4709 ἡμεῖς
967 4637 1237 4710 ἀλληλοις,
1267 4637 1330 4692 οὐ
1373 4638 1497 4693 καθ’
1525 4636 1621 4692 ἕνα
1649 4638 1875 4712 τρόπον,

301 4729 433 4783 ὶλλά
463 4728 710 4793 πολλοὺς.
749 4728 822 4782 Ἣ
853 4729 993 4799 τάχα
1021 4745 1124 4782 που
1160 4729 1256 4782 καὶ
1285 4730 1314 4783 ὀ
1339 4726 1494 4784 τὀῦδὲ
1536 4745 1684 4795 τινος
1731 4731 1876 4802 πρά-

290 4837 502 4893 γματος
546 4820 838 4890 ὑπουργὸς,
872 4821 973 4874 οὑκ
1019 4818 1301 4892 άσυναφὴς
1350 4819 1492 4875 κατὰ
1529 4820 1589 4874 τὸ
1628 4821 1876 4878 ἑκούσιον

289 4911 454 4970 νοοῖτ’
481 4911 548 4966 ἂν
577 4911 802 4976 εἰκότως
833 4911 910 4983 τῷ
940 4910 1157 4964 λαδόντι
1185 4911 1324 4984 πρὸς
1354 4911 1676 4984 ὑπουργίαν.
1714 4914 1781 4967 Ὃ
1810 4911 1868 4968 δὲ

264 4992 502 5076 ludio-ov
531 5001 708 5056 ἔοικεν
735 5001 945 5073 ἡπαρά
963 5002 1071 5056 τῶν
1094 5003 1428 5075 καινοτόμων
1447 5005 1582 5076 ἡμῖν
1607 5006 1869 5075 συνάφεια

264 5088 507 5164 ’δηλοῦν.
558 5093 826 5147 Διεπύθου
876 5091 986 5164 γάρ
1032 5092 1447 5165 διατεινομὲνων
1497 5095 1744 5166 ἀμαθῶς,
1785 5095 1868 5150 δτι

288 5183 474 5238 λαθὼν
506 5185 811 5256 ἄνθρωπον,
839 5182 914 5249 ὡς
938 5184 1122 5256 ἕτερόν
1149 5201 1272 5240 τινα
1301 5184 1432 5257 παρ’
1466 5185 1655 5240 ἑαυτὸν
1697 5185 1813 5240 υἱὸν
1841 5189 1870 5242 ὀ

286 5271 425 5337 Θεὸς
462 5273 654 5342 Λόγος,
689 5272 961 5344 ὑπουργὸν
999 5272 1189 5345 ῶσπερ
1232 5274 1355 5329 τινὰ
1406 5274 1519 5328 τῶν
1560 5275 1754 5331 ἑαυτοῦ
1783 5276 1872 5332 θε·

288 5362 552 5432 λημάτων
590 5363 870 5434 ἀπέφηνεν
898 5361 1080 5426 αὑτὸν,
1111 5360 1252 5417 ὥστε
1293 5363 1389 5418 καὶ
1411 5363 1644 5420 θανάτου
1676 5367 1872 5437 πεῖραν

289 5452 454 5518 ἀλεῖν,
492 5452 786 5507 ἀναδιῶναί
817 5469 898 5517 τε,
929 5453 1024 5507 καὶ
1041 5453 1120 5513 είς
1146 5451 1307 5506 αὐτὸν
1335 5452 1623 5508 ἀνελθόντα
1660 5454 1750 5508 τὸν
1777 5456 1870 5510 οὑ-

292 5542 478 5616 ρανὸν,
508 5545 620 5605 τοῖς
657 5543 756 5613 τῆς
786 5543 1024 5614 ἀρρήτου
1070 5540 1322 5613 θεότητος
1370 5543 1613 5614 ὲνιζῆσαι
1655 5529 1862 5609 θάκοις.

1978 4535 2294 4607 praeteriens
2328 4537 2394 4591 ⁸⁹.
2470 4536 2828 4608 coniungitur
2875 4556 3004 4597 vero
3036 4544 3202 4599 etiam
3250 4545 3548 4617 discipulus

1975 4626 2241 4698 magistro
2274 4628 2486 4686 ratione
2511 4631 2801 4686 docilitatis
2824 4649 2840 4699 ;
2862 4641 2918 4688 et
2944 4648 3045 4690 nos
3078 4635 3217 4691 alter
3246 4635 3400 4692 alteri
3436 4654 3540 4693 non
3587 4672 3593 4680 ·

1974 4733 2082 4773 uno
2115 4720 2296 4786 modo,
2353 4721 2447 4777 sed
2495 4720 2763 4793 pluribus.
2821 4722 3005 4795 thui
3063 4725 3292 4794 alieuius
3339 4730 3543 4801 negotii

1972 4811 2189 4883 adjutor
2214 4821 2329 4880 est,
2382 4828 2490 4870 non
2531 4823 2712 4884 potest
2750 4815 2944 4872 merito
2980 4816 3284 4888 disjunctus
3326 4821 3542 4879 censeri

1973 4904 2186 4961 ratione
2217 4907 2515 4964 voluntatis
2563 4907 2634 4963 ab
2677 4923 2746 4964 eo
2793 4909 2884 4980 qni
2930 4911 3103 4980 ipsum
3139 4912 3192 4967 in
3228 4913 3537 4984 adjutorem

1974 4996 2203 5068 accepit.
2235 4996 2351 5054 lloc
2368 5008 2551 5054 autem
2577 5001 2756 5070 potius
2784 5000 2997 5059 videtur
3015 5003 3129 5059 ltaee
3155 5003 3536 5063 innovatorum

1972 5088 2287 5160 conjunctio
2333 5091 2662 5162 significare.
2710 5091 2925 5150 Audisti
2971 5095 3115 5152 enim
3142 5111 3238 5154 eos
3290 5099 3539 5168 imperite

1974 5178 2364 5236 contendentes
2387 5219 2404 5246 ,
2434 5181 2577 5251 quod
2606 5181 2744 5237 Deus
2775 5178 3035 5252 Verbum,
3071 5197 3296 5256 accepto
3322 5186 3537 5243 bomine

1972 5276 2230 5340 tanquam
2255 5269 2367 5327 alio
2402 5271 2635 5343 quodam
2667 5286 2732 5327 ac
2772 5271 2990 5329 diverso
3023 5288 3056 5330 a
3100 5290 3160 5332 se
3191 5276 3322 5341 illio,
3370 5275 3535 5333 veluti

1970 5360 2272 5432 adjutorem
2330 5364 2620 5434 quemdam
2675 5374 2839 5435 atque
2862 5374 3241 5422 exsecutorem
3286 5381 3399 5421 sttae
3442 5380 3536 5422 vo-

1967 5452 2192 5508 luntatis
2219 5453 2393 5525 ipsum
2423 5456 2730 5522 constituit,
2757 5456 2827 5513 ita
2861 5465 2922 5512 ut
2964 5466 3019 5512 et
3049 5467 3277 5514 mortem
3305 5457 3482 5513 obiret
3513 5496 3531 5522 ,

1968 5554 2023 5601 et
2054 5544 2424 5611 revivisceret,
2457 5555 2621 5615 atque
2652 5547 2706 5604 iu
2739 5547 2937 5604 coelum
2980 5548 3205 5619 relatus,
3245 5547 3532 5607 ineffabilis

361 5718 413 5754 ‘i
443 5721 588 5778 Psal.
617 5734 779 5788 cxxx,
807 5717 894 5775 to,
973 5721 1017 5753 ⁸⁸
1045 5718 1170 5776 Psal
1199 5734 1333 5788 ιιιι,
1372 5719 1425 5776 9.
1504 5720 1570 5753 ⁸⁸·
1598 5717 1619 5773 l
1645 5719 1770 5778 Cor.
1835 5735 1916 5792 vt,
1939 5719 2025 5778 ¹7.
2103 5721 2149 5756 ⁸⁸
2181 5720 2421 5796 sophon.
2456 5737 2515 5797 ῃ,
2549 5723 2602 5791 l,
2627 5723 2695 5778 2..
2801 5790 2808 5795 ¹
