3809 6125
287 277 394 334 299

1266 278 1326 335 S.
1361 277 1631 335 εγιιιιιι
1672 257 2141 333 Αιειιιινοιιιιει
2181 277 2499 334 suctum».

3415 272 3527 332 300

289 394 376 449 Ιῖε.
425 393 536 450 Νοε
581 408 643 449 ex
692 395 862 450 nihilo
904 396 970 449 ad
1007 408 1124 450 esse
1174 394 1406 449 traducti
1449 409 1635 448 sumus
1663 410 1676 448 ι
1709 394 1848 447 θειιε
1876 398 1921 455 Α
1951 412 2040 460 τος
2064 396 2120 451 δὲ
2140 396 2170 448 ό
2190 394 2454 456 Θεός.Ἐκ
2479 393 2570 445 τοῦ
2605 392 2677 463 μὴ
2706 392 2855 454 ὄντος
2888 389 2966 453 είς
2990 388 3051 442 τὸ
3075 385 3212 442 εἶναι
3239 387 3527 461 παρήχθη-

294 499 428 538 vero
463 499 679 554 semper
712 495 762 541 et
790 495 929 552 crat,
956 484 1160 541 eterit.
1194 485 1376 553 Qualis
1404 500 1533 539 vero
1566 495 1650 539 εει
1689 484 1733 538 ῖε
1755 482 1848 554 qui

285 573 480 644 gignit,
522 575 680 629 taient
716 575 880 630 etiam
926 588 1048 631 esse
1093 583 1303 643 oportet
1335 574 1423 644 qni
1465 588 1529 627 ex
1580 588 1645 627 eo
1675 571 1848 643 gigni-

287 671 392 728 tur.
425 662 684 719 AEternus
735 677 912 720 antem
955 674 1039 721 est
1082 664 1222 719 Dens
1273 679 1336 718 ac
1367 664 1544 729 Pater,
1588 674 1848 719 aeternum

292 750 468 819 itaque
536 752 696 806 etiam
763 754 904 820 quod
964 766 1029 805 ex
1097 751 1212 820 ipso
1266 749 1509 820 procedit
1554 749 1760 814 lumen,
1799 761 1854 805 ει

288 852 429 909 erat,
457 853 512 897 ει
530 854 634 899 εει.
663 844 865 898 Aderat
890 844 1052 914 igitur
1073 842 1263 898 lumini
1291 841 1561 913 splendor.
1587 840 1852 898 Praeterea

289 934 512 988 verbum
556 935 695 1001 quod
723 949 788 989 ex
823 934 1039 989 bomine
1067 933 1334 1013 procedit,
1375 932 1426 987 in
1463 930 1688 988 nibilum
1722 946 1849 988 eva·

290 1024 486 1090 nescit,
515 1035 573 1079 et
597 1040 772 1094 neque
806 1025 986 1079 vivum
1014 1032 1121 1089 εει,
1157 1037 1333 1093 neque
1361 1021 1571 1078 efficax.
1598 1021 1731 1077 Nam
1759 1022 1849 1092 qui

285 1112 414 1168 iliud
439 1113 609 1184 gignit
649 1114 812 1169 homo
849 1130 912 1170 ex
947 1114 1114 1169 nihilo
1146 1123 1249 1178 εει,
1293 1122 1348 1169 ει
1385 1113 1717 1182 corruptioni
1752 1113 1852 1168 ob-

284 1205 499 1263 noxius.
544 1203 778 1261 Verbum
813 1214 992 1264 autem
1025 1205 1118 1261 Dei
1169 1206 1349 1259 vivum
1387 1214 1492 1265 est.
1529 1212 1584 1259 ει
1616 1218 1684 1259 ex
1731 1204 1853 1260 vivo

283 1296 606 1365 procedens,
654 1306 773 1351 erat
818 1303 873 1351 et
914 1303 997 1352 εει
1033 1310 1267 1367 semper.
1311 1294 1496 1366 Neque
1535 1295 1678 1351 enim
1713 1293 1853 1349 Dens

284 1401 519 1456 unquam
569 1395 830 1453 emerat,
881 1396 974 1442 aut
1025 1387 1129 1442 erit
1170 1386 1374 1457 absque
1403 1384 1601 1441 Verbo.
1648 1383 1852 1440 Idcirco

286 1476 484 1533 Paulus
514 1478 580 1533 de
616 1478 733 1549 ipso
763 1478 972 1547 inquit:
997 1497 1016 1530 ι
1050 1478 1244 1536 Vivum
1274 1487 1357 1534 εει
1392 1476 1625 1534 Verbum
1660 1476 1750 1530 θεῖ
1778 1485 1855 1529 at·

283 1580 391 1637 que
432 1564 619 1623 efficax
644 1566 710 1622 ⁸⁸.
743 1586 762 1620 ι
799 1566 1028 1623 Creator
1067 1568 1250 1638 itaque
1291 1577 1397 1632 εει,
1444 1574 1500 1622 ει
1542 1566 1722 1622 omnia
1756 1580 1853 1635 per

1953 500 2051 553 μεν
2070 501 2083 514 ·
2116 482 2203 537 ἀεὶ
2228 476 2373 552 δὲῆν
2397 482 2490 533 καὶ
2517 479 2669 533 ἔσται
2699 479 2852 544 Θεός.
2870 478 3078 541 Ὀποῐος
3105 476 3150 530 δ’
3181 476 3247 530 ἂν
3275 478 3303 528 ό
3329 475 3531 530 τίκτων

1951 575 2192 646 ὑπάρχῃ,
2221 571 2459 627 τοιοῦτον
2492 567 2628 625 εἶναι
2658 571 2766 644 χρὴ
2794 570 2890 625 καὶ
2923 571 3014 625 τὸν
3046 568 3106 633 ἐξ
3152 567 3320 623 αὐτοῦ
3351 566 3533 621 τικτό-

1954 682 2132 738 μενον.
2150 665 2343 729 Ἀῒδιος
2383 664 2439 717 δὲ
2469 664 2497 717 ὁ
2526 664 2659 727 Θεὸς
2702 663 2795 718 καὶ
2823 663 3035 735 Πατὴρ,
3074 662 3245 716 ἀΐδιον
3287 660 3398 732 ἄρα
3440 661 3535 714 καὶ

1950 756 2011 810 τὸ
2036 756 2095 820 ἐξ
2124 754 2290 810 αὑτοῦ
2321 754 2435 824 φῶς
2467 751 2534 826 ἦν
2561 755 2654 809 καὶ
2676 752 2811 809 ἔστι.
2844 755 3016 825 Συνῆν
3042 752 3150 823 ἄρα
3188 750 3266 822 τῷ
3300 752 3442 820 φωτὶ
3473 752 3536 805 τὸ

1953 845 2309 916 ἀπαύγασμα.
2341 846 2451 898 Καὶ
2497 848 2525 898 ό
2576 846 2674 916 μὲν
2716 846 2775 911 ἐξ
2819 843 3105 915 ἀνθρώπου
3131 842 3536 913 προερχόμενος

1953 936 2130 1004 λόγος,
2161 937 2240 999 εἰς
2262 936 2324 989 τὸ
2362 934 2436 1007 μὴ
2479 933 2541 988 ὃν
2586 934 2897 993 ἀναλύεται.
2930 933 3024 986 καὶ
3051 930 3173 986 οὔτε
3206 931 3316 996 ζῶν
3358 935 3528 999 ἐστιν,

1952 1023 2077 1079 οὔτε
2106 1024 2356 1095 ἐνεργὴς.
2378 1022 2490 1078 Καὶ
2514 1021 2627 1092 γὰρ
2651 1021 2746 1073 καὶ
2771 1020 2799 1073 ὁ
2821 1019 3007 1073 τοῦτον
3035 1018 3301 1089 γεννήσας
3322 1018 3528 1091 ἅνθρω-

1954 1133 2073 1181 πος,
2105 1117 2168 1169 ὲκ
2194 1114 2286 1169 τοῦ
2318 1114 2393 1186 μὴ
2415 1111 2568 1177 δντος
2598 1112 2713 1166 ἐστὶ
2734 1112 2829 1165 καὶ
2864 1110 3144 1165 ὑπόκειται
3177 1110 3375 1182 φθορᾷ.
3394 1111 3455 1165 '0
3478 1113 3535 1165 δὲ

1952 1205 2047 1261 τοῦ
2070 1205 2207 1260 Θεοῦ
2236 1206 2408 1275 Λόγος
2444 1204 2553 1268 ζῶν
2589 1206 2704 1257 ἐστι
2725 1218 2740 1234 ·
2772 1202 2864 1255 καὶ
2894 1204 2959 1255 ὲκ
2988 1200 3189 1265 ζῶντος
3228 1201 3535 1273 προελθὼν,

1951 1293 2020 1369 ἦν
2058 1297 2144 1351 ἀεὶ
2170 1296 2265 1350 καὶ
2296 1294 2464 1349 ἔστιν.
2490 1294 2563 1347 Οὐ
2592 1293 2699 1364 γὰρ
2724 1287 2814 1363 ἦν,
2847 1292 2966 1345 οὐδὲ
2997 1292 3147 1345 ἔσται
3180 1292 3331 1358 ποτὲ,
3362 1296 3535 1365 χωρὶς

1954 1389 2126 1456 Λόγου
2143 1388 2294 1451 Θεός.
2324 1386 2435 1444 Καὶ
2462 1385 2592 1455 γοῦν
2616 1387 2644 1439 ὁ
2672 1383 2885 1449 Παῦλός
2913 1401 3046 1455 φησι
3077 1384 3205 1456 περὶ
3227 1384 3423 1450 αὐτοῦ,
3450 1385 3534 1439 ὅτι

1959 1498 1977 1531 t
2006 1479 2121 1532 Ζῶν
2155 1480 2185 1531 ό
2217 1476 2387 1547 Λόγος
2414 1477 2506 1530 τοῦ
2535 1474 2670 1529 Θεοῦ
2721 1476 2817 1529 καὶ
2854 1476 3102 1545 ἐνεργὴς.
3139 1493 3157 1526 ι
3193 1476 3536 1547 Δημιουργδς

1952 1564 2083 1633 γοῦν
2110 1566 2247 1626 ἐστι,
2275 1563 2369 1618 καὶ
2398 1563 2573 1617 πάντα
2600 1551 2791 1632 γέγονε
2817 1563 2885 1616 δι’
2908 1562 3096 1630 αύτοῦ,
3128 1564 3222 1617 καὶ
3241 1564 3414 1636 χωρὶς
3439 1564 3538 1620 αύ-

286 1657 458 1728 ipsum
487 1657 628 1716 faeta
668 1668 815 1725 sunt,
847 1667 902 1714 et
928 1658 1046 1716 sine
1078 1658 1196 1729 ipso
1225 1658 1426 1715 sactum
1457 1666 1540 1714 est
1571 1657 1704 1712 nihii
1728 1658 1790 1711 ¹⁸.
1825 1675 1844 1709 ι
1951 1654 2044 1708 τοῦ
2074 1653 2291 1722 ἐγένετο
2311 1652 2437 1707 οὐδὲ
2462 1653 2540 1707 ἕν.

946 1770 1181 1829 ALttJtt.

656 1885 740 1939 Ex
777 1885 1061 1955 obiectione
1086 1887 1477 1941 haereticorum.

357 2013 471 2069 Non
494 2022 601 2079 εει,
641 2013 916 2084 inquiunt,
956 2013 1211 2071 Christus
1253 2016 1435 2071 innata
1460 2025 1622 2087 atque
1654 2017 1852 2073 tnexsi-

280 2108 434 2159 atens
455 2101 562 2159 Deo
589 2102 828 2173 potentia
853 2119 918 2161 ac
939 2105 1228 2175 sapientia,
1260 2108 1354 2162 sed
1383 2106 1600 2164 diversa
1629 2109 1848 2180 quidem

281 2199 370 2250 εει
412 2191 526 2259 ilia,
565 2193 632 2249 de
677 2208 780 2265 qua
831 2194 1032 2252 Paulus
1062 2195 1238 2265 inquit
1259 2198 1323 2265 ¹⁸,
1355 2197 1579 2255 AEterna
1605 2204 1724 2268 eJus
1751 2215 1849 2269 po-

285 2284 454 2339 tentia
496 2291 551 2339 et
594 2283 771 2341 deitas
804 2305 817 2341 :
849 2286 992 2342 alius
1035 2301 1166 2342 vero
1198 2287 1267 2342 ab
1301 2288 1402 2343 bac
1449 2298 1534 2344 εει
1577 2288 1847 2358 Christus,

279 2373 510 2445 aiiaeque
559 2373 741 2431 multae
785 2389 907 2431 cum
962 2375 1081 2446 ipso
1132 2384 1426 2447 potestates
1471 2387 1526 2434 et
1573 2379 1852 2449 sapientias

283 2463 590 2535 appellatae.
625 2464 787 2536 Atqui
837 2466 1020 2522 innata
1066 2482 1132 2525 ac
1167 2484 1298 2524 vera
1343 2469 1437 2526 Dei
1489 2474 1727 2540 potentia
1765 2482 1850 2529 εει

282 2555 520 2611 creatrix
552 2558 968 2622 universorum:
1004 2560 1084 2616 bae
1116 2576 1243 2617 vero
1277 2562 1348 2617 ab
1373 2563 1484 2634 ipsa
1514 2564 1673 2621 sactoe
1697 2578 1844 2633 sunt,

283 2646 498 2701 tametsi
548 2647 746 2701 eximia
798 2648 1047 2717 quaedam
1092 2650 1186 2706 θεῖ
1231 2654 1469 2721 potentia
1519 2669 1682 2726 supra
1717 2656 1848 2713 reli-

287 2750 422 2806 quas
453 2737 524 2794 sit
559 2736 833 2806 Christus,
867 2739 1071 2796 idcirco
1103 2740 1242 2797 sacta
1271 2752 1330 2796 ut
1357 2744 1611 2800 virtutem
1654 2761 1719 2803 ac
1751 2763 1849 2820 po·

277 2824 505 2880 tentiam
539 2826 739 2882 tribuat
766 2828 833 2884 iis
862 2829 952 2899 qui
983 2843 1044 2885 ea
1076 2841 1237 2901 egent
1270 2850 1284 2885 ε
1316 2842 1370 2888 ει
1398 2835 1718 2905 sapientiam
1753 2841 1843 2897 det

274 2928 343 2971 ea
386 2917 687 2987 egentibus,
730 2927 898 2989 utque
935 2919 1083 2991 justa
1131 2921 1327 2978 efficiat
1360 2939 1478 2995 quae
1504 2926 1845 2994 iustitia-ca-

277 3011 424 3059 oent.
462 3004 556 3060 Est
593 3006 796 3077 itaque,
827 3008 1000 3076 aiunt,
1034 3010 1217 3067 innata
1251 3013 1344 3070 Dei
1372 3016 1606 3086 potentia
1639 3018 1844 3088 princi·

278 3093 368 3162 pio
391 3108 583 3152 carens
615 3106 670 3152 ει
695 3113 801 3154 non
832 3098 997 3167 facta,
1025 3102 1094 3157 ab
1115 3113 1320 3161 aeterno
1353 3107 1406 3161 in
1433 3105 1616 3165 Patre.
1646 3109 1846 3170 Factus

276 3192 363 3238 εει
396 3193 571 3240 autem
606 3187 857 3246 Christus
902 3192 1059 3249 dictis
1092 3195 1158 3249 de
1200 3197 1397 3252 causis.
1448 3198 1504 3254 Si
1541 3215 1672 3256 vero
1705 3215 1844 3256 non·

281 3273 412 3326 nulii
446 3275 763 3331 existimant
796 3277 1070 3335 Christum
1104 3282 1278 3351 ipsum
1310 3300 1433 3342 esse
1473 3288 1718 3345 innatam
1749 3292 1842 3347 Dei

280 3364 600 3432 potentiam,
632 3368 756 3436 qnia
783 3367 982 3426 Pautus
1006 3373 1199 3428 scribit
1229 3389 1244 3429 t
1277 3393 1298 3428 ι
1327 3375 1577 3436 cbristus
1602 3383 1842 3451 potentia

278 3450 397 3517 Dei,
440 3462 494 3508 et
548 3454 815 3524 sapientia
854 3458 950 3514 θεῖ
974 3461 1018 3493 ¹⁷
1050 3478 1065 3517 ι
1098 3480 1121 3513 s
1153 3462 1281 3532 quid
1336 3465 1518 3522 dicent
1561 3469 1845 3528 audientes

276 3539 446 3597 Deum
501 3542 766 3600 dicentem
819 3547 886 3604 de
931 3564 1095 3606 eruca
1136 3569 1151 3606 ι
1192 3570 1213 3605 ι
1243 3552 1490 3612 Potentia
1525 3559 1688 3630 178
1726 3576 1844 3616 ntea

274 3644 469 3702 magna
496 3631 581 3686 ¹⁰?
611 3650 630 3684 ι
663 3633 770 3689 Λιιι
799 3638 929 3708 quid
958 3639 1182 3708 sacient,
1224 3658 1346 3698 eum
1375 3645 1660 3702 Psalmista
1709 3651 1845 3704 mui-

276 3727 364 3778 ιεε
399 3719 498 3780 θεῖ
533 3723 760 3782 virtutes
792 3742 856 3784 ae
882 3733 1150 3799 potentias
1178 3742 1403 3800 statuat,
1432 3736 1620 3792 dicens
1646 3753 1660 3791 :
1694 3758 1715 3793 ι
1745 3739 1843 3796 Βε-

274 3811 509 3870 nedictte
541 3815 730 3883 Deum,
768 3832 958 3875 omnes
991 3823 1244 3890 potentiae
1276 3820 1390 3890 ejus
1414 3825 1457 3856 ¹⁰
1482 3824 1506 3877 *ἓ
1535 3842 1554 3875 ι

781 4017 987 4077 Salutio
1008 4021 1331 4092 objectionis.

343 4128 405 4187 si
449 4129 651 4188 ideirco
696 4131 874 4190 factus
921 4143 1006 4192 est
1036 4134 1308 4202 cbristus,
1340 4145 1398 4190 ut
1422 4135 1715 4207 justitiam,
1752 4155 1842 4196 sa·

273 4222 556 4294 pientiam,
596 4223 848 4279 virtutem
886 4226 1003 4281 sive
1032 4226 1327 4297 potentiam
1360 4226 1626 4299 largiatur
1652 4229 1719 4285 iis
1744 4231 1839 4301 qui

274 4313 557 4385 indigent:
588 4326 686 4367 nos
720 4327 849 4384 ergo
911 4329 1076 4372 causa
1147 4331 1337 4373 sumus
1378 4332 1474 4373 cur
1519 4318 1633 4385 ipse
1664 4318 1841 4377 factus

2642 1768 2846 1823 ΛΛΛΟ.

2188 1877 2288 1943 Ὧς
2321 1875 2395 1942 ἐξ
2431 1876 2789 1946 ἀντιθέσεως
2826 1878 2945 1934 τῶν
2979 1881 3305 1953 αἰρετικῶν.

2027 2006 2141 2061 Οὐκ
2171 2006 2307 2072 ἔστι,
2337 2008 2527 2079 φασιν,
2553 2011 2581 2063 ὁ
2606 2010 2842 2081 Χριστὸς
2879 2012 2912 2083 ὴ
2965 2011 3206 2083 ἔμφυτος
3238 2014 3338 2068 καὶ
3364 2014 3536 2070 ὲνυπο

1957 2098 2199 2169 άρχουσα
2231 2099 2309 2169 τῷ
2333 2097 2453 2170 Θεῷ
2477 2099 2709 2171 δύναμις
2753 2101 2848 2155 καῖ
2885 2101 3065 2171 σοφία,
3097 2102 3213 2156 ἀλλ’
3235 2104 3402 2174 ἑτέρα
3435 2105 3537 2176 μὲν

1957 2188 2137 2259 ἐκείνη
2170 2189 2298 2258 περὶ
2320 2184 2391 2261 ἦς
2416 2191 2511 2243 καὶ
2534 2191 2562 2243 ό
2580 2189 2793 2255 Παῦλός
2822 2208 3008 2262 φησιν,
3027 2192 3062 2263 ἥ
3085 2209 3147 2246 τε
3176 2193 3347 2259 ἀΐδιος
3365 2194 3535 2250 αὐτοῦ

1956 2277 2184 2350 δύναμις
2218 2279 2313 2335 καὶ
2344 2279 2535 2353 θεότης
2554 2297 2569 2313 ·
2607 2281 2795 2354 ἕτερος
2831 2283 2889 2338 δὲ
2936 2286 3067 2354 παρ’
3097 2284 3316 2358 ἐκείνην
3342 2287 3372 2339 ό
3396 2288 3537 2359 Χρι-

1957 2369 2109 2432 στὸς,
2146 2370 2244 2423 καὶ
2284 2370 2470 2442 ἕτεραι
2506 2371 2699 2426 πολλαὶ
2734 2373 2832 2428 σὺν
2876 2374 3026 2445 αὐτῷ
3055 2375 3316 2446 δυνάμεις
3345 2394 3408 2431 τε
3440 2378 3536 2434 καὶ

1959 2460 2141 2530 σοφίαι
2182 2460 2533 2533 καλούμεναι.
2580 2463 2692 2536 Καὶ
2732 2465 2767 2533 ἡ
2805 2464 2905 2535 μὲν
2951 2465 3191 2535 ἔμφυτος
3230 2467 3401 2534 ὅντως
3440 2469 3534 2525 καὶ

1956 2550 2161 2622 ἀληθὴς
2183 2548 2277 2604 τοῦ
2305 2550 2442 2606 Θεοῦ
2475 2553 2730 2625 δύναμις,
2755 2554 3015 2628 ποιητικὴ
3048 2558 3156 2612 τῶν
3187 2558 3327 2613 ὅλων
3354 2561 3533 2615 ἐστίν·

1957 2640 2014 2694 αἱ
2051 2639 2109 2693 δὲ
2149 2640 2407 2709 γεγόνασι
2439 2644 2572 2713 παρ’
2595 2644 2788 2716 αὐτῆς,
2814 2647 2862 2699 εί
2893 2646 2987 2700 και·
3013 2662 3100 2710 τις
3135 2646 3417 2720 ἐξαίρετος
3444 2650 3537 2706 τοῦ

1955 2729 2090 2785 Θεοῦ
2114 2730 2344 2802 δύναμις
2369 2733 2525 2803 παρὰ
2572 2734 2672 2800 τὰς
2712 2736 2876 2803 ἄλλας
2903 2738 3137 2811 ὑπάρχει
3172 2741 3430 2812 Χριστὸς,
3458 2744 3542 2806 είς

1954 2820 2113 2901 τοῦτο
2127 2822 2417 2895 γενομένη,
2438 2824 2525 2878 ἵνα
2544 2824 2835 2899 δυναμώσῃ
2855 2830 2926 2884 τὰ
2938 2830 3221 2902 δυνάμεως
3237 2832 3539 2904 χρῄζοντα·

1954 2911 2041 2965 ἵνα
2086 2912 2305 2984 σοφώσῃ
2340 2914 2414 2998 τα
2434 2916 2664 2987 δεόμενα
2713 2921 3007 2992 σοφισμοῦ,
3036 2923 3123 2978 ίνα
3163 2924 3432 2999 δικαιώσῃ
3470 2927 3544 2982 τὰ

1952 3001 2297 3075 δικαιοσύνην
2336 3005 2436 3063 οὐκ
2489 3006 2700 3080 ἔχοντα.
2723 3011 2914 3068 Ἔστιν
2937 3008 3065 3087 οῦν,
3117 3018 3305 3086 φησιν,
3349 3019 3382 3090 ἠ
3438 3020 3540 3091 μὲν

1950 3090 2194 3162 ἔμφυτος
2217 3092 2312 3148 τοῦ
2342 3095 2479 3150 Θεοῦ
2510 3098 2740 3169 δύναμις
2769 3099 3005 3176 ἄναρχος
3026 3121 3086 3158 τε
3117 3106 3212 3159 καὶ
3243 3106 3535 3178 ἀγένητος,

1947 3180 2129 3244 ἁῖδίως
2157 3182 2217 3234 ὲν
2244 3184 2442 3256 Πατρί.
2478 3186 2675 3256 Γέγονε
2702 3189 2760 3243 δὲ
2789 3192 2824 3244 ό
2851 3191 3087 3265 Χριστὸς
3115 3195 3208 3248 ἐπὶ
3235 3199 3354 3260 ταῖς
3379 3198 3539 3269 είρη-

1950 3268 2139 3339 μέναις
2164 3270 2388 3334 αἰτίαις.
2414 3271 2481 3329 Εί
2509 3274 2567 3328 δὲ
2591 3275 2876 3347 νομίζουσί
2912 3296 3057 3344 τινες
3084 3282 3248 3336 αὐτόν
3272 3278 3413 3338 εἶναι
3442 3287 3539 3341 τὸν

1945 3359 2179 3431 Χριστὸν
2209 3359 2307 3430 τὴν
2340 3360 2584 3432 ἔμφυτον
2627 3366 2724 3420 τοῦ
2772 3367 2907 3421 Θεοῦ
2939 3369 3173 3438 δύναμιν
3210 3372 3299 3426 διὰ
3329 3374 3391 3426 τὸ
3434 3391 3533 3443 γε-

1944 3451 2189 3522 γράφθαι
2225 3453 2377 3523 παρὰ
2408 3454 2642 3524 Παύλῳ·
2677 3475 2699 3508 c
2723 3456 2956 3527 Χριστὸς
2987 3457 3134 3511 ,Θεοῦ
3173 3461 3405 3530 δύναμις
3427 3468 3528 3520 καὶ

1946 3538 2079 3594 Θεοῦ
2123 3542 2303 3611 σοφία,
2333 3559 2352 3592 ι
2396 3543 2451 3594 τί
2498 3542 2602 3612 ἄρα
2645 3542 2863 3612 ἐροῦσιν
2908 3541 3200 3610 ἀκούοντες
3236 3544 3332 3600 τοῦ
3379 3548 3519 3604 Θεοῦ

1935 3630 2199 3701 ὶέγοντος
2233 3632 2362 3704 περὶ
2390 3632 2490 3704 τῆς
2524 3632 2751 3704 κὰμπης
2775 3649 2787 3663 ·
2834 3653 2853 3686 ι
2876 3635 2941 3688 Ἠ
2974 3635 3200 3706 δύναμίς
3237 3656 3335 3709 μου
3361 3641 3395 3711 ἡ
3422 3659 3519 3711 με-

1942 3711 2121 3793 γάλῃ
2153 3742 2171 3775 ι
2207 3724 2274 3777 Τί
2317 3723 2375 3777 δὲ
2416 3725 2699 3796 ποιήσουσι
2732 3727 2937 3793 πολλὰς
2962 3729 3096 3784 Θεοῦ
3128 3730 3382 3802 δυνάμεις
3422 3750 3522 3804 ση-

1946 3812 2231 3882 μαίνοντος
2259 3815 2354 3868 τοῦ
2393 3814 2723 3886 Ψαλμῳδοῦ,
2762 3817 2829 3870 δι’
2854 3811 2931 3873 ὧν
2959 3836 3123 3891 φησιν
3141 3836 3157 3853 ·
3190 3841 3210 3874 ι
3238 3822 3523 3892 Εὐλογεῖτε

1941 3903 2033 3958 τὸν
2062 3906 2286 3978 Κύριον,
2313 3909 2485 3963 πᾶσαι
2516 3910 2571 3962 ai
2596 3908 2855 3981 δυνάμεις
2881 3912 3078 3979 αὑτοῦ;
3111 3933 3129 3965 ι

2432 4020 2583 4088 Πρὸς
2622 4020 2810 4075 ταῦτα
2845 4025 3049 4092 λύσις.

2012 4131 2075 4185 Et
2114 4130 2204 4184 διὰ
2248 4129 2407 4185 τοῦτο
2450 4130 2675 4199 γέγονεν
2706 4133 2735 4185 ό
2759 4133 3015 4204 Χριστὸς,
3048 4135 3136 4189 ἵνα
3164 4136 3429 4211 δικαιώσῃ
3456 4142 3527 4194 τὰ

1941 4221 2288 4293 δικαιοσύνης
2329 4221 2580 4292 δεόμενα,
2608 4222 2696 4276 ἵνα
2734 4223 2957 4298 σοφώσῃ
2989 4225 3056 4280 τὰ
3099 4228 3329 4298 δεόμενα
3371 4249 3526 4303 σοφι-

1943 4313 2103 4385 σμοῦ,
2142 4314 2230 4368 ἵνα
2272 4310 2568 4384 δυναμώσῃ
2609 4311 2678 4365 τὰ
2716 4311 3000 4384 δυνάμεως
3042 4315 3332 4387 χρῄζοντα,
3359 4322 3525 4391 ἡμεῖς

272 4403 379 4470 εὶις
427 4417 600 4473 neque
634 4400 810 4460 sactus
845 4402 1036 4462 fuisset
1091 4407 1259 4462 nostri
1304 4407 1517 4474 similis,
1555 4407 1658 4464 nisi
1695 4407 1837 4464 Dens
1867 4406 1911 4460 D
1940 4407 2048 4477 ἄρα
2099 4403 2248 4475 αὐτῷ
2291 4403 2598 4473 γεγόναμεν
2637 4403 2732 4457 τοῦ
2768 4400 2909 4458 εἷναι
2952 4405 3139 4470 αἴτιοι,
3180 4408 3273 4462 καὶ
3315 4412 3427 4464 οὐδ’
3455 4413 3524 4466 ἂν

272 4494 509 4563 primum
536 4489 605 4548 de
644 4492 1005 4564 producendis
1033 4496 1301 4551 creaturis
1333 4497 1646 4567 cogitasset.
1679 4495 1745 4552 Et
1789 4499 1834 4553 si

273 4587 386 4642 baec
409 4585 523 4656 ipsa
563 4595 649 4642 est
679 4585 851 4642 nostri
874 4601 1006 4643 usus
1030 4601 1218 4655 causa,
1250 4602 1378 4660 ergo
1414 4589 1836 4645 instrumentum

267 4687 354 4733 est
383 4684 581 4733 nostrae
609 4677 924 4743 creationis,
950 4694 1058 4736 non
1090 4694 1157 4735 ει
1186 4680 1370 4750 seipso
1393 4679 1515 4736 tatis
1542 4681 1834 4747 exsistens,

267 4766 365 4823 sed
408 4767 478 4820 ita
508 4765 683 4822 faetus
721 4776 944 4839 propter
989 4786 1112 4828 nos.
1164 4769 1634 4837 Quemadmodum
1677 4772 1840 4839 igitur

267 4865 493 4913 vocatur
515 4857 779 4928 potentia,
811 4868 1032 4931 propter
1066 4875 1131 4916 ea
1156 4860 1354 4931 quibus
1379 4861 1622 4928 potentia
1650 4860 1831 4927 datur,

266 4955 325 5004 et
369 4947 655 5017 sapientia,
703 4958 926 5019 propter
969 4964 1031 5006 ea
1071 4951 1268 5020 quibus
1299 4950 1568 5021 sapientia
1615 4949 1835 5005 conser-

267 5048 356 5094 tor
399 5054 416 5094 ι
455 5037 531 5093 ῖιιι
581 5037 742 5093 etiam
793 5039 935 5096 fliius
980 5043 1294 5110 vocabitur,
1333 5051 1553 5114 propter
1592 5056 1688 5097 eos
1740 5042 1833 5111 qui

267 5128 405 5184 liunt
432 5127 524 5184 ιῖΙῖῖ
554 5148 567 5186 :
613 5130 856 5201 nihilque
885 5132 991 5189 erit
1037 5136 1255 5204 proprie
1284 5150 1382 5207 per
1411 5151 1492 5204 se,
1524 5135 1623 5190 sed
1651 5133 1832 5188 omnia

267 5219 382 5274 boee
422 5228 641 5290 propter
671 5235 792 5278 nos.
836 5220 955 5288 Quo
986 5232 1145 5293 pacto
1179 5225 1343 5296 igitur
1388 5225 1659 5282 constabit
1702 5223 1831 5280 iliud

265 5311 409 5379 quod
450 5311 503 5366 in
547 5312 776 5370 Psalmis
818 5314 1052 5380 canitur,
1097 5332 1117 5365 ι
1147 5315 1265 5386 lpse
1307 5318 1436 5375 fecit
1469 5331 1589 5383 nos,
1633 5324 1690 5371 et
1722 5329 1828 5370 non

267 5397 369 5468 ipsi
411 5402 576 5457 nov*
629 5419 650 5456 ι
690 5404 736 5460 si
781 5419 879 5462 nos
918 5403 995 5459 ῖΙΙῖ
1044 5417 1234 5462 ειιιιιιιε
1282 5417 1534 5463 auctores
1571 5415 1628 5462 et
1664 5419 1829 5462 causa

336 5569 558 5630 ¹‘Heba
590 5591 660 5644 tv,
697 5579 780 5637 ¹2.
863 5578 908 5613 ¹⁸
933 5574 1096 5632 Joan.
1130 5593 1169 5645 t,
1198 5580 1254 5637 3.
1332 5576 1376 5608 ¹⁸
1409 5575 1425 5630 Ι
1453 5577 1578 5633 Cor.
1608 5593 1648 5647 t,
1674 5577 1766 5635 at.
1853 5576 1898 5611 ¹¹
1926 5575 2060 5633 ibid.

259 5652 405 5706 acts,
436 5639 487 5695 3.

1938 4497 2155 4566 ἐγένετο
2180 4494 2300 4548 καθ’
2323 4494 2492 4564 ἡμᾶς,
2520 4495 2571 4547 εί
2608 4493 2685 4566 μὴ
2711 4493 2845 4558 Θεὸς
2865 4496 3225 4551 ἐδουλεύσατε
3256 4500 3521 4572 δημιουρ·

1935 4588 2102 4658 γῆσαι
2152 4584 2223 4638 τὰ
2267 4584 2491 4654 γενητὰ.
2522 4584 2631 4636 Καὶ
2680 4585 2729 4637 εί
2763 4586 2863 4654 τῆς
2915 4587 3074 4657 ἡμῶν
3115 4589 3277 4643 ἕνεκα
3326 4593 3522 4662 χρείας

1934 4677 2112 4732 ταῦτα
2157 4679 2343 4740 ἐστιν,
2384 4675 2616 4745 ὄργανον
2656 4676 2763 4747 ἄρα
2802 4678 2903 4748 τῆς
2949 4678 3107 4749 ἡμῶν
3150 4681 3523 4754 δημιουργίας

1935 4767 2106 4832 ἐστὶν,
2138 4766 2240 4818 οὐκ
2284 4763 2344 4828 ἐξ
2380 4764 2574 4818 ἑαυτοῦ
2618 4766 2859 4830 τοιοῦτος
2902 4768 3185 4840 ὑπάρχων,
3225 4771 3345 4825 ἀλλ’
3372 4773 3520 4829 οῦτοι

1940 4854 2180 4928 γεγονὼς
2226 4853 2295 4906 δι’
2322 4850 2620 4924 ἡμᾶς.’Λρ”
2651 4852 2744 4909 οὖν
2785 4857 2976 4929 ὥσπερ
3002 4859 3245 4914 καλεῖται
3284 4862 3520 4934 δύναμις

1938 4948 2028 5004 διὰ
2070 4948 2139 5001 τὰ
2167 4945 2566 5017 δυναμούμενα,
2593 4947 2689 5000 καὶ
2736 4949 2899 5017 σοφία
2940 4950 3030 5004 διὰ
3066 4952 3135 5004 τὰ
3176 4953 3517 5024 σοφούμενα,

1936 5040 2081 5095 οὕτω
2107 5038 2203 5092 καὶ
2237 5040 2268 5092 ό
2298 5037 2423 5101 Υἱὸς
2447 5037 2536 5091 διὰ
2563 5037 2632 5092 τὰ
2656 5039 3062 5112 υἱοποιούμενα,
3090 5044 3184 5096 καὶ
3206 5045 3362 5099 οὐδέν
3396 5048 3516 5101 ἔστι

1936 5132 2140 5203 κυρίως
2168 5130 2237 5183 δι’
2265 5129 2477 5192 ἑαυτὸν,
2505 5129 2680 5184 πάντα
2706 5131 2762 5184 δὲ
2786 5132 2957 5184 ταῦτα
2982 5132 3048 5187 δι’
3069 5137 3236 5203 ἡμᾶς.
3271 5137 3401 5202 Πῶς
3420 5135 3520 5193 οὗν

1938 5223 2245 5293 σωθήσεται
2269 5221 2331 5275 τὸ
2370 5224 2428 5276 ὲν
2453 5222 2703 5292 1Ψαλμοῖς
2723 5223 2981 5293 ᾀδόμενον
3001 5240 3016 5254 ·
3046 5242 3064 5275 ι
3092 5227 3267 5291 Αὐτὸς
3286 5230 3520 5300 ἐποίησε

1934 5313 2105 5382 ἡμᾶς,
2138 5312 2231 5365 καὶ
2253 5311 2352 5380 οὐχ
2377 5313 2557 5382 ἡμεῖς,
2587 5330 2606 5363 ι
2634 5311 2793 5382 εἰπερ
2828 5314 2993 5381 ἡμεῖς
3024 5314 3173 5384 αὐτῷ
3196 5315 3519 5389 δεδώκαμεν

1932 5400 2029 5455 τοῦ
2061 5398 2203 5456 εἶναι
2231 5400 2330 5465 τὰς
2358 5401 2569 5468 αίτίας;
2594 5402 2655 5454 Et
2687 5401 2795 5472 γὰρ
2820 5403 2914 5456 καὶ
2943 5403 3108 5467 αιίτδς
3141 5408 3392 5474 φαίνοιτο
3418 5410 3520 5482 τῆς

2162 5574 2206 5608 ¹⁸
2231 5573 2347 5632 Joei
2369 5590 2432 5642 ιι,
2456 5573 2547 5633 23.
2631 5576 2675 5609 ¹⁹
2705 5573 2849 5632 Psal.
2872 5591 3094 5645 ειιινιιι,
3138 5579 3197 5632 2.
3284 5582 3332 5616 ⁸·
3360 5581 3514 5641 Psal.
