3809 6125
262 318 405 376 ¹595

1280 318 1341 375 S.
1380 316 1658 374 ci'sstLLt
1699 311 2164 370 ALtsxANnmNt
2203 311 2518 366 anctum).

264 431 572 502 perhiberet
604 429 670 485 de
697 429 958 486 homine:
1002 431 1116 501 ipse
1153 431 1295 486 enim
1329 430 1533 486 sciebat
1556 430 1685 499 quid
1715 439 1833 485 erat
1859 433 1909 491 Α
1934 442 2055 482 esse
2106 425 2252 490 talia,
2289 425 2341 478 in
2398 426 2588 492 (nribus
2659 423 2923 478 habitavit
2970 420 3113 476 Dens
3161 423 3532 492 omnipotens.

265 524 319 578 in
351 522 568 577 homine
606 522 698 577 w.
733 540 753 574 ι
776 522 833 578 Si
877 524 1040 577 bomo
1067 533 1213 585 esset
1253 524 1529 595 θεοφόρος,
1574 524 1840 593 quomodo

264 628 372 669 non
399 611 609 681 decepti
641 621 767 667 sunt
804 611 979 678 multi,
1014 613 1103 681 qni
1142 613 1532 686 Hierosolymis
1560 615 1613 668 in
1646 629 1838 668 nomen

264 706 384 775 elus
421 704 807 761 crediderunt?
879 703 972 758 Vel
1012 721 1180 775 quare
1226 706 1372 761 solus
1411 705 1681 775 cognoscit
1725 717 1844 772 quae

265 801 394 847 sunt
428 794 480 848 in
518 793 765 858 homine,
798 808 919 847 cum
966 794 1266 864 proesertim
1303 808 1462 849 nemo
1495 795 1633 849 alius
1671 794 1846 848 sciat!

265 881 519 938 Finxisse
538 882 681 936 enim
704 881 906 937 dicitur
929 883 1069 936 Deus
1092 883 1253 938 corda
1278 892 1459 937 nostra
1481 881 1754 952 sigillatim
1773 882 1840 935 ⁹⁰.

271 971 367 1026 Vel
396 986 564 1041 quare
591 971 738 1027 solus
774 972 1004 1027 remittit
1038 983 1257 1043 peecata
1276 974 1302 1028 2
1322 972 1414 1027 Ait
1439 973 1582 1029 enim
1609 988 1625 1027 ε
1660 992 1679 1026 ι
1708 971 1844 1040 Quia

267 1071 586 1133 potestatem
604 1062 769 1118 babet
785 1061 954 1118 Filius
975 1064 1028 1117 in
1047 1071 1193 1118 terra
1213 1066 1486 1120 remittere
1504 1075 1724 1134 peccata
1739 1064 1806 1119 ⁰¹.
1820 1084 1840 1118 ι

269 1156 451 1222 Quare
489 1154 637 1210 solus
668 1164 865 1224 praeter
890 1154 1029 1210 alios
1071 1170 1319 1211 assessor
1346 1158 1499 1212 sedet
1533 1157 1629 1212 Dei
1651 1166 1707 1211 et
1738 1155 1844 1211 Pa·

271 1246 419 1300 tris?
449 1245 628 1314 Quare
661 1246 760 1302 soli
782 1247 1159 1317 obsequuntur
1191 1247 1407 1315 angeli?
1435 1248 1546 1303 Cur
1589 1263 1688 1303 nos
1726 1249 1850 1316 qut-

271 1336 393 1392 dem
439 1336 623 1391 docuit
663 1351 1006 1392 communem
1037 1345 1231 1407 putare
1261 1338 1502 1402 Patrem,
1545 1339 1635 1407 qui
1666 1348 1753 1393 est
1787 1339 1844 1394 in

273 1428 461 1494 eoelis;
488 1429 592 1485 sibi
626 1438 803 1484 antem
833 1443 955 1484 eum
986 1428 1294 1499 specialiter
1323 1429 1638 1485 scribebat?

344 1518 450 1574 Sed
483 1518 621 1573 sorte
646 1518 797 1573 dices
821 1517 966 1587 quod
994 1517 1300 1586 hujusmodi
1328 1534 1492 1575 voces
1528 1519 1849 1574 inhabitanti

273 1608 452 1663 Verbo
483 1607 802 1676 deputandae
824 1607 953 1664 sint.
981 1605 1173 1663 Nonne
1195 1607 1362 1679 igitur
1394 1623 1516 1664 eum
1545 1611 1847 1678 oportebat,

265 1697 420 1765 juxta
447 1697 726 1768 prophetis
748 1698 1156 1754 convenientem
1180 1700 1699 1768 mensnram,ipsum
1717 1712 1849 1767 quo-

2013 519 2242 588 Scripsit
2269 526 2451 571 autem
2483 514 2675 570 alieubi
2695 516 2856 569 etiam
2884 512 3104 568 divinus
3132 510 3334 569 Paulus
3361 532 3378 569 z
3412 536 3433 568 ι
3459 515 3534 572 lr-

1944 611 2101 666 ritam
2150 611 2356 664 iaciens
2388 608 2511 678 quis
2545 605 2715 675 legem
2748 605 2971 674 Moysis,
2994 604 3117 660 sine
3144 604 3257 660 utta
3302 608 3535 663 misera-

1943 702 2091 757 tione
2135 701 2344 757 duobus
2392 710 2485 754 aut
2524 699 2697 755 tribus
2732 697 2960 753 testibus
3010 698 3265 765 moritur,
3329 708 3537 767 quante

1945 795 2117 863 magis
2148 793 2350 864 putatis
2368 792 2641 847 deteriora
2673 790 2868 845 mereri
2888 788 3174 857 supplicia,
3207 791 3303 858 qui
3335 790 3535 849 Filium

1946 871 2044 941 oei
2069 884 2498 947 conculcaverit,
2526 890 2581 936 et
2600 880 2915 950 sanguinem
2940 883 3253 936 testamenti
3273 883 3535 951 pollutum

1945 977 2159 1037 duxerit
2184 976 2274 1032 ⁹⁶?
2302 996 2321 1029 ι
2345 975 2509 1044 Atqui
2535 973 2712 1028 divina
2736 980 2857 1027 erat
2877 971 2985 1039 lex,
3016 981 3074 1028 et
3101 974 3366 1029 mandata
3397 978 3536 1031 dicta

1943 1086 2043 1141 per
2074 1068 2319 1138 angelos.
2367 1064 2649 1134 Quomodo
2682 1064 2843 1135 igitur
2870 1064 3066 1134 digmus
3088 1066 3221 1125 ‚erit
3263 1066 3538 1125 deteriore

1946 1157 2235 1227 supplicio,
2274 1155 2367 1225 qui
2389 1154 2649 1225 pollutum
2676 1153 2892 1208 duxerit
2925 1154 3251 1224 sanguinem
3291 1156 3541 1213 Christi?

1948 1249 2042 1304 Vel
2067 1248 2337 1318 quomodo
2358 1245 2534 1315 potior
2554 1253 2638 1300 est
2668 1244 2950 1314 religione,
2981 1259 3102 1314 quae
3124 1254 3214 1302 est
3242 1251 3538 1306 secutnlum

1946 1340 2140 1408 legem,
2166 1337 2301 1392 tides
2322 1336 2374 1390 iu
2402 1333 2721 1390 Christum?
2744 1333 2877 1399 Sed,
2906 1340 2965 1388 ul
2984 1335 3097 1402 Jam
3125 1345 3260 1390 aitte
3285 1337 3539 1406 diximus,

1947 1430 2195 1487 Christus
2217 1443 2323 1484 non
2360 1428 2554 1483 similis
2585 1428 2816 1482 aliorum
2853 1436 3199 1496 sanctorum,
3230 1431 3403 1486 homo
3435 1432 3541 1487 θεο·

1950 1521 2136 1593 φόρος,
2161 1520 2255 1575 sed
2296 1518 2440 1573 Deus
2464 1517 2636 1588 magis
2659 1532 2808 1584 vere,
2838 1526 2894 1572 et
2921 1520 3069 1573 omni
3109 1521 3325 1576 nutndo
3357 1523 3542 1577 celsio-

1950 1628 2067 1668 rem
2095 1610 2335 1681 possidet
2354 1608 2603 1677 gloriam,
2634 1609 2775 1678 quod
2799 1622 2921 1665 cum
2950 1608 3096 1664 Deus
3122 1609 3203 1665 sit
3232 1619 3430 1667 natura
3458 1612 3544 1667 Dei

1957 1701 2222 1765 Verbum,
2265 1700 2441 1756 l’actus
2482 1708 2571 1754 est
2615 1714 2765 1763 caro,
2828 1700 2943 1755 sive
2994 1701 3169 1756 homo
3217 1701 3495 1770 perfectus
3530 1722 3544 1759 z

273 1804 379 1859 que
408 1788 628 1845 dicere:
665 1807 685 1840 ι
717 1788 841 1843 ttaec
866 1788 998 1843 dicit
1020 1788 1315 1856 Dominus?
1346 1809 1365 1842 ι
1407 1787 1602 1844 Verum
1637 1803 1757 1841 cnm
1788 1802 1849 1842 ea
1887 1776 1929 1831 Β
1959 1783 2256 1849 animatum
2287 1793 2433 1846 enim
2456 1801 2513 1846 et
2544 1792 2866 1847 rationabile
2893 1804 3040 1858 esse,
3071 1790 3233 1861 quod
3259 1793 3545 1849 adunatum

275 1895 394 1949 qua!
409 1895 569 1949 supra
589 1880 760 1951 legem
782 1880 997 1935 sancire
1014 1880 1196 1944 velli-t,
1222 1895 1505 1935 assumens
1529 1881 1631 1935 sibi
1653 1894 1852 1935 conve-

276 1972 511 2027 nientem
535 1970 829 2042 legislatori
858 1974 1260 2038 auctoritatem,
1285 1972 1465 2026 aiebat
1500 1990 1515 2027 t
1552 1990 1572 2023 ι
1598 1972 1710 2041 Ego
1733 1972 1854 2025 dico

280 2063 432 2120 vobis
457 2064 506 2097 ’⁸
530 2064 629 2134 (l).
672 2081 693 2116 ι

347 2152 628 2217 Quomodo
657 2151 890 2207 liberum
924 2168 984 2206 se
1017 2153 1113 2213 ait,
1145 2161 1199 2205 et
1232 2166 1336 2205 non
1376 2151 1665 2205 obnoxium
1705 2151 1855 2205 Deo?

276 2242 401 2298 ldeo
422 2244 546 2313 quia
578 2252 662 2299 est
708 2244 874 2299 Filius
904 2245 958 2299 in
1008 2244 1282 2300 veritate?
1317 2244 1383 2297 Et
1429 2244 1473 2297 si
1508 2253 1653 2298 esst-t
1695 2245 1855 2298 bomo

277 2331 553 2405 θεοφόρος,
587 2342 804 2389 essetne
849 2335 1014 2389 etiam
1056 2334 1193 2392 liber
1219 2334 1515 2388 secundum
1564 2329 1852 2388 naturam?

281 2425 450 2495 liujus
491 2425 632 2479 enim
667 2423 808 2480 Deus
855 2424 1009 2489 liber,
1056 2435 1219 2494 atque
1258 2424 1471 2479 solutus
1513 2433 1598 2477 est
1645 2442 1659 2479 :
1707 2424 1853 2481 solus

278 2517 420 2571 onim
442 2517 594 2585 quasi
632 2514 830 2569 tributa
854 2517 1094 2570 omnium
1117 2515 1317 2585 exigit;
1349 2523 1405 2570 et
1449 2530 1712 2583 tauquam
1736 2516 1856 2571 loco

277 2610 579 2666 debitorum
596 2610 665 2664 ab
682 2608 935 2663 omnibus
956 2607 1149 2676 recipit
1174 2606 1507 2675 religionem.
1545 2607 1650 2661 Etsi
1680 2607 1856 2661 exitus

280 2700 413 2770 legis
443 2711 496 2753 et
523 2701 906 2767 [it-ophetarum
941 2697 1189 2753 Christus
1222 2706 1328 2763 est,
1359 2706 1448 2752 est
1481 2711 1660 2753 autem
1695 2698 1856 2753 bomo

281 2789 574 2860 Εεοφόροςς
600 2804 778 2844 nonne
804 2789 990 2847 dicere.
1031 2790 1213 2853 liceat,
1247 2789 1391 2859 quod
1418 2792 1854 2860 propheticarum

279 2884 717 2952 pr.x,-dication1nn
744 2885 924 2939 exitus
955 2882 1435 2956 ἀνθρωπολατρίας
1465 2884 1620 2940 nobis
1648 2884 1854 2940 crimen

281 2974 549 3030 induxerit
568 2975 593 3030 i

352 3066 558 3119 Deinde
587 3064 919 3141 lexquidem
941 3067 1269 3133 pra-dicabat
1291 3087 1304 3122 :
1330 3086 1349 3120 ι
1375 3069 1657 3121 Dominum
1686 3068 1852 3122 Deum

284 3164 433 3211 tuum
458 3156 731 3218 adorabis,
763 3165 820 3211 et
847 3156 919 3210 illi
947 3157 1044 3211 soli
1074 3159 1278 3214 servies
1303 3159 1370 3211 ⁹⁸.
1401 3178 1420 3210 ι
1454 3157 1568 3226 Qua
1597 3174 1695 3213 nos
1731 3174 1858 3213 eru-

282 3243 486 3298 ditione
517 3245 764 3313 perduxit
792 3247 862 3298 ad
906 3246 1206 3313 Christum,
1241 3248 1390 3315 qnasi
1425 3249 1489 3302 ad
1531 3249 1857 3319 agnitionem

286 3332 391 3387 illis
436 3335 524 3402 qni
555 3335 610 3388 in
640 3336 848 3390 umbris
869 3336 1084 3391 fuerant
1139 3339 1400 3407 potiorem
1429 3358 1444 3393 ε
1475 3349 1859 3407 spernentesne

286 3425 448 3496 igitur
473 3428 635 3480 Deum
668 3428 803 3497 tegis
831 3436 886 3481 et
917 3429 1298 3497 prophetarum
1330 3432 1575 3492 adorare,
1607 3431 1858 3483 adorabi-

287 3532 405 3570 mus
437 3517 709 3572 bominem
758 3517 1040 3572 habentem
1087 3521 1251 3574 Deum
1282 3521 1710 3575 inhabitantem?
1757 3520 1856 3576 Ubi

283 3607 426 3660 enim
460 3606 816 3672 praestabilius
845 3618 961 3661 erat
1003 3609 1168 3663 Deum
1207 3610 1474 3678 intelligi?
1510 3609 1565 3662 ln
1596 3608 1755 3669 coelo,
1789 3625 1857 3662 an

286 3695 340 3750 in
370 3706 510 3750 terra
525 3696 553 3751 ·?
575 3697 626 3750 ln
660 3697 967 3766 Seraphim,
997 3715 1063 3753 an
1098 3702 1148 3753 in
1181 3709 1400 3755 terreno
1424 3703 1697 3768 corpore?

359 3787 414 3842 Si
443 3799 564 3841 erat
601 3789 764 3843 honio
802 3790 1078 3861 θεοφόρος,
1116 3791 1387 3859 qttomodo
1421 3811 1440 3843 t
1473 3797 1858 3861 propemodum

288 3893 353 3932 ae
394 3894 490 3932 nos
533 3880 872 3949 participavit
899 3882 1048 3934 carni
1092 3895 1154 3935 ac
1182 3883 1431 3950 sanguini
1462 3883 1553 3935 ⁹⁸?
1591 3904 1610 3936 ι
1652 3884 1782 3939 Nam
1812 3887 1858 3940 si

285 3969 414 4034 quia
448 3969 587 4024 Deus
618 3969 959 4036 inhabitavit,
994 3972 1094 4025 boc
1120 3971 1168 4026 ei
1199 3973 1413 4037 sullicit,
1445 3983 1503 4027 ut
1526 3974 1777 4030 similiter
1799 3992 1862 4032 ac

288 4073 394 4115 nos
410 4060 760 4131 participaret
795 4062 945 4116 carni
982 4073 1036 4118 et
1071 4064 1358 4131 sanguini;
1399 4075 1451 4120 et
1480 4066 1551 4119 ita
1583 4067 1666 4120 bis
1694 4069 1863 4135 parti-

287 4151 471 4219 cipare
495 4153 545 4206 id
579 4154 756 4222 ipsum
783 4155 1046 4221 est,quod
1078 4155 1350 4210 bominem
1386 4155 1861 4213 l'actuntessezin-

289 4244 552 4299 habitavit
589 4254 768 4299 autem
802 4255 855 4300 et
900 4245 952 4298 in
994 4245 1174 4300 multis
1219 4249 1456 4312 sanctis;
1498 4248 1659 4302 homo
1698 4249 1863 4319 igitur

292 4350 400 4390 non
449 4335 638 4403 semel,
673 4337 768 4392 sed
812 4335 1110 4405 saepissime
1152 4337 1327 4393 laetus
1361 4347 1466 4393 est.
1515 4339 1694 4406 Quare
1735 4355 1863 4411 ergo

1958 1893 2042 1940 est
2068 1884 2141 1947 ei,
2182 1880 2349 1955 ’194
2378 1882 2649 1939 credimus
2681 1896 2900 1953 corpus,
2942 1892 3000 1938 ct
3046 1896 3187 1939 vera
3217 1883 3445 1940 enuniuo
3478 1894 3549 1941 est

1958 1972 2233 2026 adunano.

2569 2150 2721 2207 GAP.
2757 2147 2925 2205 XXV.

1963 2266 2234 2333 Quomodo
2263 2274 2500 2335 oporteat
2526 2266 2854 2333 inlelliqere:
2878 2283 2897 2317 ι
2925 2262 3180 2319 Verbum
3208 2282 3339 2322 earo
3369 2268 3551 2339 [ectu-

2030 2347 2127 2401 εει,
2158 2348 2205 2389 ει
2238 2336 2494 2390 habitavit
2532 2336 2587 2390 ιἰι
2616 2336 2803 2403 ηοὸὶις
2838 2352 2859 2387 ι
2892 2346 2943 2389 ει
2976 2340 3268 2406 quomodo
3296 2342 3548 2407 proprin-

2031 2406 2195 2476 ἱρείας
2223 2408 2437 2460 dicatur
2458 2422 2666 2474 corym-

2034 2517 2231 2573 Semen
2263 2516 2496 2573 Abrabae
2528 2515 2952 2586 apprehendisse
2984 2513 3539 2589 VerbumDeiunigt*

1963 2609 2157 2672 nitum,
2205 2608 2397 2664 beatus
2462 2607 2660 2662 Paulus
2708 2616 3117 2662 commemorat
3172 2608 3267 2675 ”;
3321 2623 3409 2663 nee
3446 2621 3528 2661 nn

1962 2702 2148 2766 etiam,
2178 2702 2321 2770 quod
2358 2699 2744 2769 propemodum
2780 2714 2843 2753 ae
2873 2713 2976 2754 nos
3014 2702 3372 2769 participarit
3399 2699 3520 2754 cami

1963 2801 2019 2844 et
2061 2791 2310 2861 sanguini
2340 2792 2411 2845 ⁰⁸.
2457 2791 2724 2846 Mentores
2754 2800 2936 2844 antem
2971 2806 3184 2847 sumus
3211 2795 3366 2849 etiam
3390 2789 3527 2846 ioan-

1965 2879 2081 2945 nis;
2116 2881 2192 2936 ait
2218 2882 2362 2937 enim
2390 2898 2405 2935 z
2440 2898 2459 2931 ι
2496 2881 2730 2934 Verbum
2758 2896 2888 2934 caro
2916 2879 3137 2936 sactum
3175 2895 3290 2950 est,
3329 2893 3383 2940 ει
3411 2880 3540 2937 babi-

1965 2970 2093 3022 tavit
2124 2969 2176 3021 in
2212 2968 2368 3023 nobis
2386 2967 2455 3024 ⁹⁹.
2490 2988 2508 3020 ι
2541 2969 2671 3026 ld'ne
2698 2968 2863 3040 igitur
2898 2969 3004 3025 init
3048 2976 3408 3043 propositum
3435 2972 3544 3026 viris

1961 3057 2319 3128 spiritalibus,
2352 3059 2569 3124 docere,
2607 3060 2749 3129 quod
2780 3060 2874 3117 Dei
2904 3057 3165 3119 Verbum
3197 3064 3549 3121 conversionis

1960 3149 2031 3204 sit
2065 3150 2317 3217 patiens3
2347 3159 2440 3204 ant
2469 3151 2609 3221 quod
2641 3153 2814 3222 ipsum
2841 3151 2924 3208 l‘as
2952 3154 3025 3210 sit
3047 3158 3548 3216 commutationem.

1958 3257 2081 3311 quae
2120 3243 2292 3310 magis
2326 3256 2590 3298 creaturae
2621 3244 2925 3310 conveniat,
2964 3247 3260 3304 sustinere
3288 3267 3304 3303 ε
3351 3247 3479 3304 adeo
3505 3254 3554 3300 nl·

1962 3332 2012 3385 id
2045 3330 2187 3400 qnod
2242 3347 2348 3386 non
2384 3341 2521 3396 erat,
2568 3331 2792 3386 forsitan
2829 3333 2883 3386 in
2931 3334 2985 3386 id
3029 3349 3137 3388 sua
3179 3346 3383 3405 sponte
3406 3335 3551 3388 deve·

1961 3423 2104 3487 niat3
2156 3429 2253 3476 aut
2294 3423 2433 3476 alius
2465 3433 2653 3477 contra
2698 3423 2865 3490 ipsius
2900 3423 3259 3479 voluntatem
3297 3427 3367 3480 ad
3406 3422 3547 3478 aliam

1962 3525 2208 3569 naturam
2254 3515 2596 3584 impellatur?
2638 3514 2801 3572 absit.
2831 3515 3013 3571 Manet
3053 3530 3313 3587 namque
3336 3518 3490 3581 idem,
3517 3528 3544 3566 a

1962 3623 2057 3662 sua
2091 3617 2280 3662 natura
2306 3610 2786 3664 commutationem
2815 3623 3029 3663 omnem
3056 3609 3393 3673 excludens,
3424 3622 3544 3663 con-

1965 3701 2228 3755 versionis
2251 3702 2496 3755 nmbram
2527 3702 2774 3755 nesciens
2796 3703 2903 3770 pati
2931 3722 2944 3755 :
2978 3701 3086 3757 lixa
3118 3713 3210 3758 est
3243 3703 3389 3757 enim
3411 3715 3542 3756 sem·

1961 3804 2056 3859 per
2083 3791 2136 3842 in
2161 3791 2275 3844 suis
2305 3805 2537 3859 superna
2570 3788 2656 3844 illa
2686 3789 3033 3859 coelestisque
3066 3801 3291 3847 natura.

2031 3881 2311 3946 Quomodo
2361 3882 2524 3949 igitur
2562 3881 2797 3937 Verbum
2826 3897 2955 3936 caro
3002 3881 3216 3938 factum
3244 3881 3339 3949 sit,
3366 3881 3542 3935 videre

1962 3986 2183 4027 necesse
2205 3981 2307 4028 est.
2332 3969 2569 4027 Primum
2590 3974 2804 4042 quidem
2824 3973 2999 4027 divina
3017 3971 3321 4041 Scriptura
3335 3986 3539 4028 carnem

1963 4062 2279 4134 plerumque
2302 4064 2543 4117 nominat
2569 4063 2862 4130 hominem,
2889 4071 2947 4117 et
2976 4064 3131 4134 quasi
3153 4078 3226 4121 ex
3263 4075 3418 4135 parte
3438 4063 3541 4118 ani·

1964 4155 2121 4210 malis
2153 4157 2320 4211 totins
2350 4157 2798 4226 signini-ationem
2837 4156 2988 4221 lacit,
3030 4172 3136 4212 nee
3177 4173 3295 4212 non
3326 4160 3487 4213 etiam
3511 4170 3538 4208 a

1964 4249 2076 4303 sola
2106 4250 2283 4302 anima
2307 4250 2575 4304 interdum
2617 4251 2952 4303 tantumdem
2988 4251 3132 4318 agit:
3163 4253 3435 4321 seriptum
3463 4258 3541 4304 est

1964 4338 2108 4393 enim
2132 4340 2273 4406 quod
2304 4356 2323 4388 t
2360 4339 2571 4394 Videbit
2606 4340 2788 4395 omnis
2813 4354 2943 4394 caro
2969 4341 3219 4395 salutare
3246 4333 3409 4398 Dei&
3441 4360 3461 4393 ι
3482 4341 3542 4395 Et

298 4444 317 4478 ι
350 4427 552 4482 semel
539 4444 589 4481 m
622 4429 1085 4484 consummatione
1110 4429 1450 4495 saeculorum,
1475 4430 1524 4485 in
1551 4432 1865 4487 destructio·
1895 4465 1939 4519 D
1968 4432 2084 4501 ipse
2111 4432 2322 4484 divinus
2360 4429 2598 4486 Paulus·
2641 4450 2660 4484 ι
2697 4430 2811 4486 Non
2840 4433 3112 4496 consensi,
3154 4433 3357 4503 inquit,
3400 4431 3538 4487 carui

295 4530 416 4571 nem
434 4519 662 4586 peccati,
678 4533 773 4589 per
791 4518 1019 4574 bostiam
1042 4534 1193 4574 suam
1213 4520 1410 4575 dicitur
1424 4521 1735 4590 apparuisse
1757 4523 1858 4577 ⁹⁸2»

294 4608 573 4673 Quotnodo
612 4620 791 4664 antem
823 4625 986 4664 unum
1023 4611 1176 4665 nobis
1215 4612 1378 4666 Verbi
1412 4614 1698 4668 adventum
1727 4630 1860 4682 prae-

292 4699 478 4755 dicant
499 4701 693 4757 divinae
726 4701 1039 4771 Scripturae,
1067 4703 1110 4756 si
1142 4702 1398 4775 θεοφόρος
1433 4714 1549 4759 erat
1576 4707 1776 4762 borno?
1800 4706 1855 4762 Si

295 4792 547 4861 templum
577 4802 631 4847 et
657 4794 771 4862 ipse
796 4792 969 4847 lactus
994 4804 1077 4848 est
1101 4793 1215 4859 Dei,
1258 4795 1524 4863 quomodo
1546 4809 1598 4851 et
1627 4798 1677 4851 iu
1708 4800 1858 4853 nobis

293 4883 455 4937 etiam
504 4882 752 4939 Christus
784 4885 910 4939 est?
957 4884 1177 4941 Sicutne
1223 4887 1476 4954 templum
1521 4888 1573 4942 in
1613 4891 1861 4958 templis?

294 4977 375 5028 An
405 4982 462 5028 ut
490 4972 633 5027 Deus
662 4976 832 5045 magis
855 4975 908 5030 in
935 4976 1147 5046 templis
1173 4992 1269 5046 per
1298 4976 1603 5047 Spiritum?
1641 4980 1696 5034 Si
1737 4981 1856 5034 Θεο-

296 5063 459 5136 φόρος
497 5071 615 5117 erat
645 5065 823 5132 bomo,
856 5079 953 5119 cur
994 5075 1077 5120 est
1102 5066 1269 5121 solius
1308 5068 1474 5137 ipsius
1498 5083 1694 5138 corpus
1725 5070 1859 5124 vivi·

301 5154 504 5210 llcnm‘l
559 5151 880 5224 Oportuerat
949 5157 1093 5211 enim
1143 5158 1373 5213 aliorum
1429 5161 1591 5215 etiam
1635 5176 1858 5233 corpora

1970 4532 2025 4578 et
2046 4522 2294 4593 sanguini
2319 4524 2339 4554 ⁹
2348 4542 2407 4578 ,ι
2447 4523 2725 4578 ΑΙΙοειιιιιε
2748 4532 2831 4578 est
2857 4533 3039 4578 autem
3064 4539 3160 4582 eos
3198 4528 3294 4595 qui
3323 4533 3450 4579 sunt
3478 4537 3541 4576 ex

1971 4614 2133 4669 lsrael
2160 4615 2398 4682 pontifex
2426 4616 2633 4686 Moyses
2665 4635 2678 4671 :
2716 4636 2736 4669 ι
2766 4615 2825 4671 ln
2852 4617 3194 4686 septuaginta
3222 4627 3281 4672 et
3311 4618 3541 4689 quinque

1964 4708 2244 4761 animabus
2273 4709 2661 4763 descenderunt
2702 4720 2880 4779 patres
2914 4709 2988 4764 tni
3032 4710 3087 4762 in
3121 4707 3424 4782 AEgyptum
3446 4709 3486 4764 ⁸.
3519 4728 3535 4760 ι

1967 4796 2070 4852 Sed
2102 4814 2207 4852 non
2232 4799 2433 4853 ideirco
2457 4799 2678 4867 dixeriS,
2706 4803 2850 4872 quod
2879 4800 3035 4855 nudae
3058 4810 3114 4855 et
3139 4802 3264 4856 sine
3292 4803 3541 4857 carnibus

1967 4889 2159 4944 animae
2207 4891 2256 4944 in
2313 4891 2599 4962 AEgyptnm
2639 4893 3043 4959 descenderint;
3082 4904 3183 4948 nec
3215 4908 3382 4964 porro
3407 4891 3541 4963 quod

1965 4982 2214 5036 inanimis
2268 4984 2607 5050 corporibus,
2668 4993 2723 5038 et
2780 4983 2911 5039 solis
2965 4983 3260 5050 carnibus,
3313 4986 3542 5039 salutare

1965 5086 2118 5127 suum
2156 5074 2294 5128 Deus
2328 5073 2630 5132 indulserit.
2668 5073 2890 5142 Quoties
2927 5075 3090 5146 igitur
3122 5077 3384 5133 audimus
3424 5091 3539 5131 car·

1967 5180 2088 5219 nem
2119 5165 2316 5220 sactum
2347 5181 2466 5221 ese
2497 5166 2756 5234 Verbum,
2793 5167 3063 5222 bominem
3094 5167 3453 5241 intelligimus
3476 5182 3541 5222 ex

369 5310 440 5341 '⁸'
472 5311 631 5368 Joan.
659 5309 718 5371 n,
749 5307 843 5363 23.
902 5308 1112 5363 ⁰⁰Psal.
1139 5322 1314 5370 xxxii,
1346 5310 1429 5365 15.
1503 5311 1767 5367 ’¹Mattb.
1797 5329 1873 5378 tx,
1899 5315 1952 5370 6.
2026 5317 2074 5348 ”
2101 5316 2289 5372 Manli.
2315 5334 2366 5384 v,
2388 5318 2477 5372 32.
2552 5322 2600 5353 ’⁸
2636 5321 2789 5375 Dent.
2817 5335 2890 5381 vt,
2918 5320 3003 5374 13.
3085 5323 3136 5354 ’⁸
3167 5319 3341 5378 Βοῦν.
3366 5341 3430 5386 ιι,
3458 5324 3534 5378 u.

300 5379 344 5409 '⁸
380 5378 540 5435 liebr.
582 5395 659 5444 ιι,
694 5349 784 5435 26.
891 5379 938 5411 ’⁸
974 5378 1135 5434 llebr.
1193 5395 1248 5443 x,
1286 5381 1378 5446 28,
1419 5382 1511 5439 29.

302 5450 322 5479 ’
362 5446 534 5504 Galat.
577 5465 618 5516 ι,
660 5450 744 5503 16.
820 5448 842 5480 ⁸
877 5448 1029 5505 Dent.
1074 5466 1129 5515 x,
1165 5448 1259 5505 22.

1617 5384 1663 5416 '⁷
1706 5383 1869 5443 llebr.
1930 5402 1989 5450 ιι,
2031 5388 2118 5443 16.
2191 5389 2236 5420 ⁹⁸
2272 5389 2407 5445 ibid.
2467 5391 2552 5446 14.
2627 5393 2671 5425 ”
2694 5389 2859 5448 Joan.
2897 5405 2940 5456 Ι.
2984 5388 3069 5445 tt.
3147 5392 3165 5424 ⁸
3200 5391 3532 5461 [mattuli-

374 5628 452 5712 (1)
488 5629 717 5688 Videtur
739 5632 939 5705 aliquid
974 5633 1061 5690 bic
1085 5631 1300 5702 deessc;
1334 5634 1410 5698 id.
1454 5629 1667 5704 opinor,
1716 5631 1857 5702 quod
1895 5634 2210 5691 Anastasius
2278 5636 2483 5742 Sinaita
2511 5649 2775 5695 memorat
2801 5643 2869 5699 de
2906 5650 3109 5699 statere
3172 5644 3233 5703 iu
3282 5648 3531 5706 tributu·

301 5711 586 5773 pensitato.
