3809 6125
285 260 302 314 l
315 259 419 314 033

1344 268 1431 322 ΒΕ
1473 268 1573 325 SS.
1618 268 1994 326 TtuNtTATE
2038 268 2381 327 DlALOGUS
2425 268 2515 326 Vl.

3405 266 3543 323 1055

352 380 416 434 A.
462 374 616 433 Εἶναι
675 380 740 454 δὴ
782 376 875 438 οὗν
925 384 1138 456 ἀνάγκη
1194 387 1364 450 νοεῖν,
1421 387 1528 457 πρὸ
1573 388 1673 459 τῆς
1725 388 1862 461 πρὸς
1892 393 1941 450 A
2036 390 2102 445 Α.
2145 387 2554 459 Intelligendum
2596 394 2678 441 est
2726 383 2892 455 igitur
2941 392 3068 439 ante
3112 381 3544 439 incarnationem

276 469 460 541 σάρκα
490 470 815 545 συνδρομῆς,
857 473 958 529 οὐκ
989 477 1048 529 ὲν
1091 478 1157 549 τῇ
1192 477 1288 531 τοῦ
1332 476 1522 533 δούλου
1551 481 1734 551 μορφῇ
1770 480 1860 534 τὸν

273 563 342 616 ὲκ
365 559 500 616 Θεοῦ
536 565 812 637 πεφηνότα
850 567 1045 638 Λόγον,
1069 567 1188 625 ἀλλ’
1217 572 1277 624 ὲν
1312 572 1599 644 κυριότητι
1627 575 1859 645 φυσικῇ,

273 656 373 708 καὶ
402 656 462 711 ὲν
504 655 659 722 ίδίοις
695 655 1005 731 ὑψώμασιν,
1050 654 1133 729 οἷς
1173 663 1406 736 ἐπείπερ
1458 665 1861 738 ὲμφιλοχωρεῖν

269 746 362 801 δέἆ
393 747 494 820 τὴν
523 749 604 812 εἰς
633 750 780 821 ἡμᾶς
819 752 1102 826 ἀγάπησιν
1134 755 1198 809 οὐ
1244 755 1367 811 λίαν
1408 756 1608 823 ἐδόκει,
1654 774 1858 829 κεχρη-

272 837 478 909 μάτικε
508 836 715 902 δοῦλος,
748 839 814 893 ἶν’
846 836 1037 913 ὥσπερ
1071 841 1237 908 αὐτὸς
1262 844 1321 897 ὲν
1346 845 1459 906 τοῖς
1505 842 1658 914 παρὰ
1696 842 1858 912 φύσιν

269 924 558 1000 ἐθελοντὴς
588 929 656 983 δι’
694 928 864 1000 ἦμᾶς,
907 930 1083 997 οὕτως
1129 933 1223 988 καὶ
1265 931 1426 1005 ἡμεῖς
1471 934 1531 988 ὲν
1573 936 1685 997 τοῖς
1717 930 1859 1003 ὑπὲρ

271 1020 437 1092 φύσιν
470 1020 742 1093 πρόθυμοι
775 1021 845 1075 δι’
883 1023 1079 1077 αὐτόν·
1130 1022 1391 1078 καθίκετο
1431 1022 1543 1095 γάρ
1573 1022 1654 1086 εἰς
1690 1020 1862 1076 κένω·

270 1128 383 1178 σιν,
416 1109 536 1182 οὒχὶ
564 1113 630 1183 τῇ
659 1110 888 1165 κενώσει
917 1112 1093 1177 διδοὺς
1123 1113 1188 1166 τὸ
1214 1112 1411 1185 χρῆναι
1449 1114 1606 1181 νικᾷν
1636 1110 1735 1181 τὴν
1761 1109 1860 1180 ἐμ-

266 1200 444 1274 φυτόν
479 1219 540 1257 τε
584 1202 750 1258 αὐτοῦ
793 1204 887 1258 καὶ
933 1204 1350 1275 άπαραποίητον
1391 1203 1568 1272 δόξαν,
1616 1205 1732 1259 ἀλλ’
1774 1205 1860 1258 ἵνα

266 1295 338 1351 τὸ
369 1298 427 1349 ἐν
475 1293 664 1364 ὑφέσει
715 1296 808 1349 καὶ
858 1295 1029 1360 κάτω,
1058 1295 1337 1349 τουτέστιν
1385 1296 1569 1368 ἡμεῖς,
1607 1294 1860 1366 ἀναθρώ-

271 1400 433 1442 σκειν
459 1384 594 1457 ὑψοῦ
618 1385 686 1439 δι’
707 1386 870 1441 αὐτὸν
903 1387 1226 1459 ίσχῦσωμεν.
1257 1385 1332 1440 Ob
1362 1387 1554 1459 γάρτοι
1587 1386 1648 1442 τὸ
1679 1390 1860 1461 χεῖρον

266 1480 595 1535 ἐκδιάσεταί
623 1496 752 1533 ποτε
776 1478 836 1532 τὸ
866 1478 1221 1553 ὑπερτεροῦν,
1252 1479 1443 1551 ἕψεται
1475 1478 1761 1552 δὲμᾶλλον
1781 1481 1861 1553 τῷ

262 1570 496 1629 νικῶντι
539 1569 634 1625 καὶ
687 1568 976 1643 προῦχοντι
1018 1572 1079 1626 τὸ
1127 1572 1473 1643 άσυγκρίτως
1527 1557 1857 1643 ἡττώμενον.

278 1664 526 1735 ’Δμαθὲς
559 1659 652 1717 οὖν
691 1663 811 1719 λίαν
838 1665 900 1717 τὸ
927 1663 1135 1718 οἴεσθαι
1167 1664 1279 1718 δεῖν
1311 1664 1473 1718 αὐτὸν
1505 1651 1860 1720 ὲκδεδιάσθαι

1968 494 2072 535 non
2106 479 2159 535 in
2195 477 2370 535 forma
2406 475 2545 533 servi
2573 490 2695 532 csse
2730 474 2966 532 Verbum
3000 473 3144 543 qnod
3170 486 3234 527 cx
3270 471 3380 527 Deo
3416 486 3548 559 [ποῖ

1966 571 2083 638 diit,
2116 571 2212 627 sed
2245 572 2298 626 in
2340 568 2713 626 dominatione
2741 565 2975 623 naturali
3010 575 3065 622 et
3094 564 3387 621 eminentia
3421 579 3549 634 pro-

1964 664 2104 734 pria,
2146 664 2346 733 qulbus
2391 671 2613 733 propter
2647 658 2795 713 illam
2830 657 2884 713 in
2934 671 3032 712 nos
3067 655 3386 711 charitatem
3420 654 3547 710 reli·

1963 755 2086 821 ctiS,
2136 769 2327 812 servus
2379 754 2570 820 audiit,
2625 759 2686 807 ut
2737 747 3194 820 quemadmodum
3244 746 3359 816 ipse
3401 745 3546 801 ultro

1964 854 2183 917 propter
2210 860 2309 902 nos
2334 860 2396 901 ea
2421 844 2588 900 subiit
2608 856 2728 913 quae
2752 848 2880 897 sunt
2911 847 3110 910 praeter
3139 848 3411 901 naturam,
3464 836 3545 891 sic

1961 937 2126 991 etiam
2163 950 2263 991 nos
2302 935 2357 990 in
2400 935 2468 989 iis
2509 949 2631 1005 quae
2663 946 2824 1003 supra
2859 939 3105 985 naturam
3139 936 3288 995 sunt,
3316 928 3544 985 libenter

1962 1041 2204 1082 essemus
2249 1035 2469 1097 propter
2522 1026 2721 1095 ipsum.
2769 1021 2853 1078 Ad
2898 1021 3250 1078 inanitionem
3297 1020 3442 1075 enim
3486 1032 3547 1075 se

1963 1118 2204 1184 demisit,
2234 1133 2340 1173 non
2385 1118 2522 1173 dans
2553 1116 2839 1172 inanitioni
2869 1123 2929 1170 ut
2960 1114 3179 1170 insitam
3210 1120 3265 1168 et
3290 1112 3546 1167 immuta·

1962 1207 2122 1264 bilem
2167 1208 2393 1279 gloriam
2428 1215 2731 1279 superaret,
2773 1205 2869 1264 sed
2912 1216 2967 1261 nt
2995 1204 3139 1277 quod
3183 1204 3425 1260 intimum
3478 1217 3545 1260 ac

1963 1301 2277 1371 depressum
2320 1308 2424 1365 est,
2473 1314 2572 1355 nos
2605 1299 2771 1371 606
2815 1298 3092 1364 nimirum,
3135 1312 3232 1367 per
3278 1296 3453 1366 ipsum
3487 1296 3542 1351 in

1963 1395 2130 1447 altum
2174 1405 2457 1461 possemus
2505 1391 2894 1446 conscendere.
2938 1388 3095 1455 Quod
3122 1389 3265 1443 enim
3318 1387 3544 1444 inferius

1964 1493 2068 1551 est,
2102 1497 2442 1553 nequaquam
2475 1482 2582 1537 vim
2614 1480 2884 1551 superiori
2912 1472 3093 1546 saciet,
3139 1480 3247 1536 imo
3279 1489 3543 1549 praestan-

1968 1576 2089 1630 tiori
2120 1584 2173 1631 et
2201 1573 2573 1629 excellentiori
2599 1572 2751 1628 cedet
2782 1572 2833 1627 id
2861 1572 3003 1641 qnod
3034 1571 3541 1639 incomparabiliter

1968 1666 2146 1721 minus
2177 1674 2280 1721 est.
2327 1662 2790 1720 Absurdissimum
2832 1672 2916 1719 est
2943 1661 3106 1732 igitur
3143 1670 3335 1733 putare
3367 1662 3542 1733 ipsum

265 1757 391 1821 τοῖς
437 1757 557 1810 καθ’
596 1757 763 1828 ἡμᾶς,
821 1756 896 1822 ὼς
949 1756 1045 1810 σὺν
1087 1759 1220 1829 ἡμῖν
1268 1757 1336 1811 δι’
1371 1758 1520 1828 ἡμᾶς
1566 1758 1861 1829 ἀπομεῖηαι
1897 1726 1940 1785 Β
1969 1776 2001 1813 ιι
2032 1757 2189 1812 nobis
2213 1765 2460 1813 coactum
2481 1763 2540 1811 ut
2558 1756 2841 1811 nobiscum
2892 1765 3111 1825 propter
3130 1769 3232 1810 nos
3263 1754 3402 1810 inira
3427 1770 3543 1809 ma-

262 1849 463 1904 ἰιάτω·
514 1846 677 1917 σοφὸν
707 1847 766 1901 δὲ
809 1848 902 1901 καὶ
936 1849 1156 1920 ἀληθὲς,
1190 1849 1251 1903 τὸ
1281 1850 1612 1907 διανοεῖσθαι
1640 1851 1735 1905 καὶ
1776 1852 1862 1905 λέ-

267 1952 418 2011 γειν,
450 1938 587 2012 πρὸς
612 1938 674 1993 τδ
702 1938 842 1993 θεῖον
876 1940 1039 1994 αὑτοῦ
1064 1941 1156 1994 καὶ
1179 1941 1491 2014 ἀπόρρητον
1520 1937 1713 2016 κάλλος
1734 1942 1862 1997 ἁνα-

269 2031 534 2106 ‹ponz-,eat
566 2031 628 2084 τδ
657 2032 930 2099 ταπεινὸν,
957 2034 1025 2102 τῇ
1061 2033 1338 2105 ὑπερτάτη
1374 2033 1502 2107 δόξῃ
1539 2033 1860 2107 νικώμενον.

266 2123 491 2197 Ὄνπερ
534 2123 642 2197 γὰρ
692 2126 892 2197 τρόπον
943 2125 1136 2179 παθεῖν
1173 2126 1272 2196 μὲν
1321 2125 1472 2198 αὐτῷ
1528 2127 1727 2200 συνέὸη
1771 2128 1862 2182 τὸν

267 2216 422 2276 κατὰ
462 2216 640 2288 σάρκα
688 2216 914 2271 θάνατον
972 2216 1059 2272 διὰ
1112 2218 1210 2289 τὴν
1244 2216 1322 2290 τῷ
1371 2218 1589 2291 θανάτῳ
1635 2221 1863 2293 κάτοχον

276 2309 481 2384 σάρκα,
514 2301 626 2380 ζωὴ
674 2307 731 2361 δὲ
781 2306 856 2361 ὣν
890 2308 1030 2361 κατὰ
1065 2307 1249 2377 φύσιν,
1296 2308 1591 2381 ἀνεκόμισε
1631 2308 1771 2382 πρὸς
1802 2309 1864 2364 τὸ

279 2396 480 2455 οὶκεῗον
513 2397 704 2470 αὐτὴν,
734 2398 887 2452 οὐδὲν
923 2401 1004 2462 εἰς
1039 2396 1177 2453 ἱδέαν
1216 2399 1516 2472 ὑπομείνας
1545 2399 1728 2472 φύσιν,
1765 2420 1865 2457 κα-

274 2490 538 2553 τασείσας
569 2488 626 2543 δὲ
677 2488 880 2560 μᾶλλον
927 2489 1023 2544 τοῦ
1070 2489 1303 2546 θανάτου
1347 2492 1410 2545 τὸ
1451 2492 1687 2565 κράτος·
1717 2492 1866 2550 οὕτω

272 2573 482 2654 ῲαμὲν,
521 2581 602 2634 ὅτι
628 2580 827 2634 παθεῖν
855 2578 955 2651 μὲν
989 2580 1138 2653 αὐτῷ
1168 2581 1268 2654 τὴν
1304 2580 1550 2637 δουλείαν
1585 2583 1864 2656 συμδέὃη-

272 2691 377 2731 κεν
425 2674 801 2745 οἰκονομικῶς.
849 2673 1068 2746 Ἐπειδὴ
1098 2674 1153 2728 δὲ
1194 2674 1335 2728 κατὰ
1376 2675 1539 2745 φύσιν
1583 2677 1700 2731 ἐστὶ
1730 2671 1905 2741 Θεοί

208 2793 220 2802 ·
271 2768 376 2825 καὶ
418 2766 642 2839 Κύριος,
698 2769 1021 2840 παραχωρεῖ
1073 2765 1133 2821 τὸ
1171 2765 1398 2833 λυποῦν,
1457 2768 1553 2823 καὶ
1600 2767 1722 2835 ταῖς
1763 2769 1866 2839 τῆς

258 2859 438 2933 ,δόξης
468 2858 792 2931 ὐπερδολαῖς
821 2859 1130 2931 ἡττώμενον
1158 2860 1219 2914 τὸ
1244 2862 1308 2916 ὲκ
1331 2860 1432 2929 τῆς
1458 2859 1703 2928 δουλείας
1731 2878 1867 2916 κατ·

275 2951 576 3023 Ιηεράνισται.
627 2946 902 3010 δυσκλεές.
949 2947 1179 3014 Οὐκοῦν,
1234 2951 1283 3003 εί
1331 2950 1645 3026 μεμένηκεν
1676 2950 1740 3004 ὲν
1778 2968 1866 3005 νε-

275 3044 458 3115 κροῖς,
488 3037 631 3092 κατά
662 3052 747 3104 γε,
781 3034 943 3107 φημὶ,
977 3038 1077 3108 τὴν
1103 3040 1301 3111 σάρκα,
1348 3040 1500 3113 μένει
1545 3043 1604 3098 ὲν
1632 3035 1862 3108 δούλοις.

277 3133 351 3187 Et
384 3132 442 3183 δὲ
469 3124 691 3197 ἀνέθορέ
719 3141 777 3177 τε
810 3123 905 3176 καὶ
940 3125 1105 3200 άνέὅη
1135 3128 1273 3201 πρὸς
1296 3128 1357 3181 τὺ
1389 3132 1447 3183 ὲν
1475 3131 1547 3203 άρ
1616 3133 1689 3200 ῖς,

178 3207 211 3263 ir
281 3222 356 3290 δη
384 3219 447 3271 τὸ
481 3216 598 3288 ζῇν,
637 3214 990 3287 οἰκονομικῶς
1034 3217 1114 3288 τῷ
1153 3219 1370 3292 θανάτῳ
1411 3222 1474 3274 τὸ
1521 3223 1550 3276 δ
1607 3241 1665 3277 αι
1710 3227 1866 3298 νικᾷν

287 3314 386 3365 ἐπι
371 3310 525 3373 ·δοὺς,
570 3308 918 3378 άνοιχήσεται
964 3307 1208 3380 δηλονότι
1248 3311 1343 3368 καὶ
1387 3312 1563 3386 πρὸς
1546 3313 1628 3387 ξτδ
1659 3315 1864 3389 ἕτερον,

178 3456 183 3461 ,
281 3419 416 3457 τουτ
419 3401 552 3462 ’σι.τ
586 3399 644 3453 τὸ
677 3401 736 3453 ὲν
768 3398 1052 3472 κυριότητι
1076 3402 1287 3491 ,φυσικῇ
1320 3380 1598 3476 διαφανὶς,
1626 3410 1693 3480 τῇ
1728 3411 1866 3480 μετὰ

281 3495 488 3568 σαρκὸς
519 3493 801 3565 οἰκονομίᾳ
831 3494 895 3547 τὸ
924 3494 985 3546 ἐν
1024 3488 1204 3566 ’καιρῳ
1244 3493 1369 3560 δοὺς
1404 3497 1619 3570 ίσχῦσαι
1653 3501 1867 3574 βραχεῖ,

278 3589 427 3645 κατά
458 3604 521 3656 γε
552 3584 652 3657 τῆς
683 3584 829 3639 δουλε
808 3585 924 3649 είας
949 3584 1039 3639 τὸν
1068 3586 1286 3658 τρόπον.
1319 3590 1587 3665 Ταυτῃτοι
1629 3595 1725 3647 καὶ
1755 3597 1868 3649 ισο-

314 3679 448 3752 λεὴς
487 3681 581 3733 καὶ
631 3678 924 3750 ὀμόθρονος
963 3677 1040 3732 ὢν
1086 3679 1159 3744 ὡς
1206 3681 1334 3746 Υἱὸς
1364 3684 1560 3757 Πατρι,
1595 3686 1691 3741 καὶ
1736 3687 1869 3752 Θεὸς

278 3773 424 3845 Θεῷ,
463 3773 747 3846 μονονουχὶ
772 3773 864 3824 καὶ
904 3772 984 3836 εἰς
1016 3772 1191 3844 ἀρχὰς
1227 3774 1328 3845 τῆς
1364 3774 1506 3830 οὕτω
1535 3781 1870 3850 περιφανοῦς

204 3916 231 3935 ,,
282 3863 384 3919 καὶ
416 3864 786 3937 ὑπερκοσμίου
808 3861 966 3932 δόξης
987 3862 1411 3928 άναὸιὸάζεσθαι
1434 3867 1601 3935 δοκεῖ,
1631 3871 1870 3938 φάσκον-

282 3971 382 4020 τος
425 3957 562 4027 πρὸς
606 3954 769 4008 αὑτὸν
798 3954 890 4008 τοῦ
918 3955 1053 4008 Θεοῦ
1103 3954 1197 4009 καῖΙ
1239 3957 1489 4030 Πατρός·
1520 3977 1539 4011 ι
1578 3960 1763 4015 Κάθου
1805 3965 1871 4018 ὲκ

283 4044 476 4115 δεξιῶν
524 4065 647 4118 μου,
692 4046 797 4111 ἕως
838 4042 903 4100 ἂν
937 4045 1015 4099 θῶ
1029 4047 1154 4111 τοὺς
1192 4048 1421 4121 ἐχθρούς
1453 4066 1545 4104 σου
1579 4051 1870 4108 ὑποπόδιον

178 3984 227 4041 ις-

178 4054 199 4093 ff

280 4136 399 4195 τῶν
431 4138 607 4193 ποδῶν
637 4157 751 4194 σου.
790 4157 811 4191 ι
856 4141 922 4194 Ὃ
959 4142 1066 4214 γὰρ
1103 4141 1168 4195 ἂν
1201 4143 1553 4214 ὑποστορέσει
1604 4145 1663 4198 ὲν
1700 4146 1869 4219 ἑαυτῇ

178 4224 221 4353 s
282 4231 696 4298 κατευνάζουσα
723 4229 859 4302 πρὸς
894 4231 956 4284 τὸ
998 4232 1249 4298 εὐπειθὲς
1280 4234 1313 4305 ὴ
1348 4233 1469 4290 θεία
1497 4252 1557 4289 τε
1587 4238 1681 4291 καὶ
1707 4238 1873 4303 άπόῤ·

178 4356 185 4379 ,.
285 4324 455 4396 ρητος
485 4321 666 4391 φύσις,
685 4321 836 4375 τουτὶ
854 4320 919 4392 δὴ
950 4321 1167 4386 πάντως
1183 4326 1298 4388 τοῖς
1320 4324 1415 4380 τοῦ
1438 4326 1690 4400 Σωτῆρος
1713 4329 1745 4399 ὴ
1753 4329 1871 4400 μῶν

1722 3134 1866 3205 φημὶ
1893 3099 1939 3158 ⁰

1966 1859 2149 1916 neret,
2176 1848 2270 1905 sed
2292 1848 2568 1920 sapienter
2590 1862 2653 1902 ae
2674 1861 2803 1903 vere
2823 1847 3179 1918 cogitabimus
3196 1862 3259 1902 ao
3283 1847 3542 1912 dicemus,

1967 1943 2035 1996 ad
2068 1941 2311 1996 divinam
2349 1940 2467 2011 ejus
2510 1950 2567 1997 et
2604 1938 2929 1995 ineffabilem
2967 1938 3417 2008 pulchritudinem
3454 1953 3543 1994 re·-

1968 2032 2133 2089 diisse
2167 2030 2551 2096 bumilitatem,
2591 2045 2844 2099 suprema
2887 2030 3055 2102 gloria
3083 2030 3303 2086 victam.
3346 2030 3543 2097 Quem·

1967 2122 2255 2179 admodum
2302 2123 2446 2180 enim
2489 2122 2666 2192 ipsum
2711 2132 2941 2178 mortem
2987 2123 3281 2179 secundum
3322 2138 3542 2179 carnem

1968 2217 2111 2274 serre
2156 2217 2406 2287 contigit,
2452 2224 2676 2287 propter
2721 2228 2942 2270 carnem
2992 2214 3154 2269 morti
3200 2215 3487 2271 obnoxiam
3526 2231 3539 2267 ι

1966 2324 2090 2367 cum
2126 2320 2303 2365 autem
2350 2308 2461 2363 vita
2495 2308 2568 2364 sit
2600 2305 2898 2363 secundum
2942 2316 3215 2374 naturam,
3251 2306 3420 2375 ipsam
3472 2307 3539 2359 ad

1966 2401 2023 2458 id
2048 2400 2188 2471 quod
2213 2401 2264 2457 ei
2309 2399 2638 2456 conveniens
2663 2407 2746 2454 est
2791 2398 2996 2465 retulit,
3044 2398 3178 2454 nillil
3218 2398 3273 2452 in
3321 2399 3537 2468 propria

1970 2503 2164 2551 natura
2203 2507 2413 2564 passus,
2458 2493 2551 2549 sed
2600 2492 2859 2549 convulso
2906 2491 3099 2548 mortis
3144 2489 3374 2559 imperio
3420 2508 3435 2544 τ
3473 2489 3544 2544 ita

1970 2585 2202 2643 dicimus
2230 2586 2279 2640 ei
2311 2584 2606 2656 contigisse
2638 2594 2697 2639 ut
2725 2586 3042 2640 servitutem
3070 2583 3293 2646 subiret,
3340 2582 3545 2637 ratione

1971 2676 2384 2734 incarnationis.
2443 2676 2575 2731 Cum
2613 2686 2791 2731 autem
2838 2674 3134 2731 secundum
3182 2684 3427 2728 naturam
3472 2673 3547 2730 sit

1969 2768 2113 2825 Deus
2134 2783 2200 2825 ac
2215 2769 2497 2834 DominuS,
2518 2768 2661 2838 quod
2688 2778 2772 2824 est
2802 2766 3014 2823 molesti
3040 2766 3264 2833 recedit,
3287 2774 3342 2821 et
3361 2766 3545 2836 gloriae

1969 2862 2267 2918 eminentia
2323 2868 2579 2931 superata
2634 2858 2917 2916 servitutis
2968 2858 3281 2929 ignobilitas
3313 2859 3541 2913 deletur.

1969 2953 2157 3024 ltaque
2190 2954 2234 3010 si
2273 2953 2477 3010 mansit
2512 2953 2658 3007 inter
2695 2961 2962 3016 mortuos,
2996 2949 3293 3005 secundum
3324 2964 3543 3004 earnem

1972 3041 2247 3109 nimirum,
2280 3049 2462 3097 manet
2485 3040 2648 3098 etiam
2682 3039 2824 3096 inter
2856 3052 3065 3095 servos.
3103 3037 3199 3095 Sin
3238 3050 3416 3095 autem
3453 3056 3547 3096 ex-

1970 3135 2171 3190 citatus
2220 3139 2323 3200 est,
2366 3147 2431 3190 ac
2479 3134 2533 3189 in
2583 3131 2872 3204 pristinum
2914 3139 3135 3200 statum,
3183 3132 3286 3187 boo
3329 3140 3433 3198 est,
3478 3135 3546 3186 ad

1971 3229 2160 3292 vitam,
2204 3227 2387 3294 rediit,
2427 3227 2640 3284 ratione
2675 3225 3065 3282 incarnationis
3112 3225 3272 3281 morti
3319 3227 3544 3281 victoria

1969 3336 2252 3386 concessa,
2287 3320 2486 3377 redibit
2514 3319 2701 3389 utique
2724 3320 2888 3375 etiam
2912 3318 2979 3373 ad
3008 3315 3175 3384 aliud,
3212 3319 3316 3373 boc
3344 3326 3446 3382 est,
3476 3318 3545 3374 ad

1972 3412 2360 3469 dominationis
2398 3410 2664 3467 naturalis
2691 3409 3061 3479 splendorem,
3094 3409 3452 3463 incarnationi
3480 3409 3546 3464 ad

1970 3506 2136 3560 breve
2178 3512 2390 3574 tempus
2429 3502 2723 3558 secundum
2756 3501 3022 3556 rationem
3064 3500 3342 3557 servitutis
3371 3500 3547 3570 palma

1974 3598 2194 3652 tributa.
2231 3594 2571 3665 Proindeque
2591 3609 2713 3649 cum
2738 3593 2933 3663 aeqnali
2965 3593 3133 3660 gloria
3164 3593 3422 3662 praeditns
3454 3593 3547 3656 sit,

1972 3687 2273 3757 eodemque
2306 3687 2361 3742 in
2394 3685 2530 3742 solio
2555 3687 2744 3741 sedeat
2770 3700 2891 3740 cum
2928 3683 3087 3738 Patre
3128 3682 3319 3739 Filius.
3348 3693 3548 3739 etcum

1975 3779 2087 3838 Deo
2128 3778 2293 3846 Deus,
2346 3787 2523 3833 tamen
2564 3777 2631 3832 ad
2687 3775 3011 3847 principium
3064 3786 3172 3830 tarn
3220 3774 3444 3830 illustris
3487 3791 3550 3831 ac

1972 3888 2131 3944 supra
2141 3871 2423 3927 mundante
2442 3868 2630 3942 glorioe
2646 3867 3034 3938 propemodum
3052 3866 3265 3921 videtur
3281 3879 3471 3921 revoca
3479 3869 3547 3932 ri,

1974 3967 2187 4021 dicente
2227 3963 2277 4019 ei
2331 3961 2442 4017 Deo
2486 3975 2551 4016 ac
2594 3959 2801 4014 Patrez
2836 3976 2855 4010 ι
2887 3958 3030 4015 Sede
3070 3973 3101 4013 a
3138 3953 3345 4013 dextris
3392 3958 3548 4024 meis,

1973 4057 2149 4114 donec
2174 4069 2369 4127 ponam
2399 4052 2651 4108 inimicos
2679 4061 2800 4106 tuos
2841 4049 3161 4106 scabellum⁴
3187 4049 3382 4122 pedum
3425 4057 3551 4104 tuo·

1975 4164 2093 4207 rum
2135 4148 2204 4203 ²¹.
2236 4165 2256 4201 ι
2310 4144 2683 4215 Quodcunque
2729 4142 2873 4200 enim
2932 4142 3034 4197 sibi
3086 4140 3445 4197 substraverit
3488 4158 3553 4196 ae

1973 4238 2265 4309 subjecerit
2312 4238 2367 4294 in
2416 4251 2476 4293 se
2518 4236 2909 4307 conquiescens
2950 4232 3132 4289 divina
3182 4241 3237 4291 et
3266 4231 3554 4288 ineffabilis

1974 4340 2189 4397 natura,
2228 4329 2331 4387 boc
2363 4330 2551 4400 utique
2586 4325 2885 4383 Salvatoris
2921 4325 3090 4381 nostri
3126 4323 3415 4393 subjicitur
3456 4339 3553 4391 pe-

283 4413 625 4484 §metet-‚tat
679 4413 874 4478 ποσὶν,
925 4415 1027 4467 023²ss
1076 4415 1430 4486 ἀνθρωπίνως
1479 4419 1866 4491 ὲνηργηκότος,
1896 4424 2168 4497 ndlbus,
2213 4437 2320 4479 non
2366 4421 2510 4493 quod
2563 4419 2877 4475 humanitus
2929 4425 3184 4484 operatus
3228 4424 3332 4483 est,
3376 4429 3553 4485 neque

281 4500 411 4560 οὐδὲ
461 4504 664 4560 ὲπείτοι
715 4505 907 4574 γέγονε
955 4506 1113 4577 σὰρξ,
1163 4506 1252 4560 διὰ
1281 4507 1439 4562 τοῦτο
1487 4514 1709 4581 κρατεῖν
1761 4511 1871 4567 τῶν

280 4595 667 4669 ὴπειθηκότων
703 4597 999 4668 ἰσχύοντος,
1046 4598 1161 4652 ἀλλ’
1187 4599 1269 4653 ὅτι
1314 4599 1416 4670 τῆς
1455 4601 1872 4675 άνθρωπότητος

281 4686 353 4744 τὸ
384 4689 800 4760 σμικροπρεπὲς
825 4689 905 4754 είς
932 4691 993 4743 τὸ
1019 4690 1118 4761 τῆς
1147 4692 1407 4746 ἀνωτάτω
1437 4693 1527 4748 καὶ
1561 4694 1872 4768 ὑπερτάτης

284 4779 507 4855 φύσεως
531 4781 751 4845 ἀναθεὶς
781 4781 1015 4854 ἀξίωμα,
1059 4784 1154 4838 καὶ
1193 4786 1305 4850 τοῖς
1334 4785 1435 4857 τῆς
1479 4785 1731 4859 θεότητος
1768 4789 1873 4843 θώ-

283 4890 409 4939 κοις
422 4873 600 4946 ὲνιδρύ
609 4891 704 4937 σας
723 4875 933 4940 ἑαυτὸν,
947 4876 1041 4929 καὶ
1059 4875 1198 4946 μετὰ
1217 4877 1415 4949 σαρκὸς
1430 4881 1457 4932 ό
1471 4879 1762 4953 μονογενὴς
1776 4881 1868 4936 τοῦ

282 4963 429 5022 Θεοῦ
459 4966 629 5035 Λόγος
665 4968 1084 5036 κατακυριεύσει
1107 4969 1217 5023 τῶν
1245 4970 1380 5024 ὅλων
1408 4971 1468 5024 οὐ
1492 4972 1613 5043 δίχα
1636 4975 1866 5045 Πατρός.

288 5058 362 5112 Ὀ
413 5055 525 5127 γάρ
574 5055 640 5109 ἂν
681 5055 852 5129 δρῷτο
891 5057 1039 5130 παρὰ
1083 5059 1315 5131 Πατρδς,
1347 5060 1505 5114 τοῦτο
1546 5061 1609 5135 δὴ
1650 5062 1868 5127 πάντως

285 5148 442 5204 ὶστὶν
473 5146 749 5219 ἐνέργημα
773 5147 869 5200 τοῦ
899 5146 1033 5202 rto-3
1055 5165 1070 5181 ·
1104 5150 1198 5204 καὶ
1228 5150 1365 5222 ὅπερ
1391 5150 1458 5204 ἂν
1501 5150 1710 5220 λέγοιτο
1754 5151 1870 5207 δια-

288 5239 644 5312 περαίνεσθαι
677 5239 744 5293 δι’
779 5236 931 5304 Υίοῦ,
979 5239 1137 5295 τοῦτο
1163 5241 1228 5313 δὴ
1266 5242 1482 5307 πάντως
1513 5241 1631 5298 ἐστὶ
1677 5243 1873 5315 κατόρ-

178 5398 185 5413 ,
287 5331 454 5402 θωμα
489 5329 585 5384 τοῦ
625 5329 858 5402 Πατρός.
913 5330 1098 5384 Πάντα
1145 5330 1253 5404 γὰρ
1298 5331 1364 5387 δι’
1401 5333 1602 5405 ἀμφοῖν
1645 5335 1706 5390 ἐν
1750 5335 1871 5408 ἴσῳ.

289 5421 643 5492 ἐνεργοῦντος
671 5423 770 5493 μὲν
794 5422 888 5477 τοῦ
916 5423 1151 5496 Πατρὸς,
1180 5423 1396 5496 ἔχοντος
1426 5426 1484 5481 δὲ
1511 5426 1578 5482 δι’
1608 5427 1742 5482 Υίοῦ
1778 5430 1874 5482 καὶ

212 5517 234 5531 ’
288 5517 393 5572 σὺν
417 5513 567 5586 αὐτῷ
604 5516 662 5568 ὲν
693 5515 971 5587 Πνεῦμα-τι
1021 5515 1119 5588 τὴν
1152 5518 1238 5586 ἐφ’
1267 5518 1373 5589 ὅτῳ
1397 5514 1490 5575 οὗν
1512 5519 1621 5575 τῶν
1659 5519 1875 5593 δρωμέ-

291 5620 401 5661 νων
432 5605 707 5680 ἐνέργειάν
736 5624 795 5659 τε
828 5609 922 5660 καὶ
953 5607 1195 5679 θέλησιν.

362 5723 405 5754 ⁸¹
441 5720 582 5776 Psal.
609 5739 719 5783 cu.
755 5723 803 5785 l,
828 5724 883 5778 9..

547 5816 816 5878 Ριτιιοι.
864 5817 982 5877 Ga.
1025 5815 1272 5881 Lxxt'.

1974 4525 2257 4587 propterea
2289 4512 2438 4582 quod
2480 4525 2613 4566 coro
2646 4510 2821 4566 sactus
2857 4518 2964 4574 est,
3007 4509 3213 4566 idcireo
3245 4510 3552 4566 incredulos

1973 4609 2194 4663 vincere
2232 4605 2434 4680 possit.
2462 4605 2557 4659 sed
2588 4601 2843 4672 quoniam
2895 4603 3251 4658 humanitatis
3287 4603 3551 4661 vilitatem

1976 4695 2041 4750 ad
2085 4708 2351 4766 supremae
2393 4701 2450 4749 et
2492 4691 2770 4748 altissimae
2803 4698 3009 4748 natura}
3052 4692 3369 4762 dignitatem
3409 4695 3553 4750 rese·

1976 4802 2124 4853 rens,
2169 4794 2225 4841 et
2263 4783 2319 4840 in
2354 4784 2572 4856 deitatis
2604 4783 2742 4838 solio
2782 4784 3018 4853 seipsum
3049 4784 3344 4853 collocans,
3389 4786 3551 4842 etiam

1976 4893 2098 4935 etun
2142 4891 2306 4933 carne
2355 4875 2689 4947 unigenitum
2745 4877 2843 4931 Dei
2896 4875 3130 4931 Verbum
3185 4877 3411 4948 imperio
3456 4894 3555 4934 suo

1978 4979 2171 5027 cuncta
2218 4969 2561 5036 subjecturus
2596 4966 2667 5022 sit
2710 4981 2815 5022 non
2854 4967 2973 5023 sine
3012 4965 3195 5024 Patre.
3232 4969 3384 5038 Quod
3408 4957 3574 5026 eniin‘

1978 5060 2038 5116 sst
2058 5077 2087 5115 a
2113 5059 2295 5124 Patre,
2324 5060 2426 5113 lioc
2450 5058 2635 5128 utique
2663 5065 2747 5112 est
2767 5071 2901 5126 opus
2927 5058 3081 5127 Filii;
3106 5069 3163 5115 et
3191 5063 3334 5133 quod
3366 5059 3553 5132 perlici

1975 5152 2174 5206 dieitur
2205 5166 2303 5222 per
2350 5148 2569 5214 Filium,
2618 5148 2722 5203 ltoc
2763 5149 2921 5217 plane
2973 5159 3055 5207 est
3104 5151 3282 5208 Patris
3326 5152 3550 5208 sactum.

1980 5243 2173 5300 Oinuia
2202 5243 2345 5299 enim
2380 5257 2477 5313 per
2501 5249 2791 5309 utrumque
2814 5241 3095 5311 aequaliter
3121 5244 3273 5310 lium,
3296 5254 3552 5313 operante

1977 5337 2197 5406 quidem
2228 5333 2412 5398 Patre,
2446 5333 2539 5389 sed
2570 5330 2803 5387 habente
2823 5344 2921 5401 per
2947 5330 3163 5395 Filium,
3194 5341 3249 5387 et
3275 5347 3399 5388 cnm
3438 5334 3553 5404 ipso

1977 5429 2031 5485 in
2076 5427 2241 5500 607
2277 5424 2504 5497 Spiritu,
2554 5423 2605 5480 in
2648 5436 2971 5496 unoquoque
3006 5435 3196 5479 eortnn
3231 5439 3351 5496 quae
3396 5425 3547 5497 llnnt,

1975 5522 2345 5594 operationem
2373 5529 2427 5576 et
2458 5517 2807 5574 voluntatem.

3086 5815 3179 5877 ‘KQ
