3809 6125
278 266 384 323 72¹

1351 269 1440 325 DE
1481 270 1582 327 SS.
1626 271 2003 331 TRlNl'l'ATE
2045 276 2481 336 mALOGUStt.

3436 284 3541 340 7⁶22

270 377 381 433 τοῦ
411 373 665 438 τεκόντος
702 373 888 443 φύσιν.
949 376 1271 448 Αγέννητον
1308 381 1407 452 μὲν
1446 385 1554 456 γὰρ
1591 386 1864 457 οὐδαμῶς,
1895 397 1942 452 Α
1969 390 2250 445 discernit.
2303 391 2579 462 Nusquam
2625 392 2768 448 enim
2815 393 3137 465 ingenitum,
3186 395 3278 450 sed
3326 395 3441 451 Pat!
3429 415 3537 453 rem

272 468 505 540 Πατέρα
533 464 592 517 δὲ
638 466 773 535 ἡμῖν
803 462 1091 535 ὠνόμαζεν
1120 469 1302 522 αὐτόν.
1390 510 1405 523 .

349 561 415 615 Β.
461 577 482 611 ι
509 556 753 627 ’Δμελγε
784 554 949 624 γάλα,
991 559 1088 613 καὶ
1121 558 1274 613 ἔσται
1324 562 1603 637 βούτυρον,
1636 584 1655 617 ι
1701 568 1728 619 ό
1775 568 1868 621 τοῦ

273 649 597 722 Σολομῶνος
634 649 768 719 ἡμῖν
805 647 987 719 ὲξᾴδει
1023 648 1205 719 λόγος,
1238 655 1331 707 καὶ
1356 655 1549 724 σοφὸν,
1580 656 1654 720 ὥς
1678 658 1742 726 γέ
1782 677 1871 730 μοι

271 746 453 806 δοκεῖ,
477 742 541 796 τὸ
587 739 999 813 χρησμῴδημα.
1031 741 1108 795 Τὸ
1143 746 1334 817 γάρτοι
1377 750 1746 820 κατερεθίζειν
1779 752 1871 805 ἐπὶ

270 835 342 888 τὸ
369 831 571 904 χρῆναί
604 848 658 885 τι
688 830 798 883 τῶν
827 832 1145 900 ἀναγκαίων
1181 837 1393 902 εἰπεῖν,
1417 837 1505 890 τὸν
1538 842 1872 912 ἀπορρήτοις

273 925 520 987 ἐννοίαις
545 921 815 994 μεθύοντα
828 921 956 981 νοῦν
996 923 1090 976 καὶ
1117 924 1403 997 μαθήμασι
1441 932 1552 993 τοίς
1581 929 1744 994 θείοις
1778 949 1872 1002 με·

279 1014 658 1087 μεστωμένον,
692 1013 781 1085 εἴη
830 1013 920 1079 ἂν,
973 1015 1115 1069 κατά
1136 1033 1199 1085 γε
1248 1017 1313 1074 τὸ
1347 1020 1498 1092 αὐτῷ
1540 1039 1629 1092 μοι
1660 1022 1869 1087 δοκοῦν,

276 1109 477 1178 ἓτερον
504 1107 682 1172 οὐδὲν,
716 1106 751 1176 ἢ
778 1107 955 1160 ὲκείνο
978 1106 1132 1179 δρᾷν,
1158 1114 1265 1163 τῶν
1293 1111 1374 1175 εἷς
1397 1113 1681 1169 εύσέὸειαν
1711 1117 1872 1186 ἠκόν-

276 1217 398 1260 των
421 1194 514 1253 οἷά
549 1216 694 1263 τινος
741 1198 1010 1267 γάλακτος
1043 1202 1400 1272 ἐμφορεῖσθαι
1438 1204 1635 1274 λόγων,
1670 1208 1731 1260 οὐ
1774 1225 1870 1278 με-

275 1292 454 1366 τρίως
509 1293 663 1364 ὲρᾷν.
711 1292 943 1356 Οὐκοῦν,
996 1292 1064 1364 ἢν
1123 1294 1317 1365 ὲφίης,
1371 1294 1567 1367 ἔσομαι
1610 1298 1869 1364 τοιοῦτος,

277 1384 629 1457 πρόσκλησιν
662 1383 856 1455 ὥσπερ
885 1383 1008 1437 τινὰ
1037 1389 1154 1449 ταῖς
1184 1388 1262 1450 εἰς
1289 1387 1350 1440 τὸ
1376 1387 1516 1443 νοεῖν
1539 1388 1872 1460 προθυμίαις

277 1478 345 1531 τὸ
376 1474 769 1546 ἀντιφέρεσθαι
795 1475 1004 1542 δοκοῦν,
1042 1476 1127 1529 ἀεί
1161 1494 1278 1541 πως
1308 1478 1673 1550 παρεντιθείς.
1717 1481 1873 1533 Ἀπό-

279 1586 476 1641 κριναι
503 1567 568 1639 δὴ
595 1563 691 1621 οὖν
734 1567 981 1638 ἐρομένῳ
1022 1553 1116 1622 καὶ
1144 1568 1280 1623 τόδε.
1311 1566 1439 1642 Ἀρ·
1483 1569 1585 1626 οὐκ
1614 1567 1741 1638 οἵδε,
1770 1591 1872 1644 φη-

281 1662 396 1725 σὶν,
419 1660 718 1731 ἀγέννητον
757 1658 889 1713 ὄντα
913 1661 942 1711 ὁ
964 1660 1088 1723 Υἱὸς
1110 1660 1200 1713 τὸν
1230 1662 1448 1734 Πατέρα
1475 1680 1488 1727 ;

1975 481 2130 538 nobis
2162 484 2333 552 ipsunt
2371 485 2687 541 nominavit.

2047 573 2108 627 B.
2158 593 2176 626 ι
2210 575 2384 643 Mnlge
2418 577 2521 641 lac,
2560 588 2615 632 et
2645 579 2748 632 erit
2776 578 3026 646 butyrum
3052 580 3119 647 ⁸⁸,
3155 598 3173 630 »
3205 581 3404 634 occinit
3443 596 3543 633 un-

1972 664 2056 720 bis
2087 664 2457 735 Proverbinm,
2495 678 2549 725 et
2594 670 2827 739 sapiens,
2875 681 2932 724 ιιι
2973 672 3224 739 equidem
3262 673 3538 735 existimo,

1976 753 2280 813 Salomonis
2330 759 2628 815 oraculum.
2680 761 2911 816 lucitare
2964 762 3166 832 qnippe
3215 776 3339 816 eum
3387 762 3543 829 cujus

1972 848 2184 902 animus
2215 851 2427 905 arcanis
2451 852 2735 906 sententiis
2766 853 2949 908 ebrius
3010 853 3314 924 divinisque
3347 853 3546 907 doctri·

1976 938 2059 992 nis
2095 938 2327 994 refertus
2363 942 2435 995 sit
2470 951 2530 996 ut
2559 942 2763 1011 aliquid
2811 942 2942 996 utile
2974 944 3229 1012 proferat,
3270 941 3432 1014 422
3463 944 3546 998 ni-

1972 1026 2049 1082 bil
2089 1028 2232 1083 aliud
2267 1027 2449 1091 luerit,
2482 1029 2845 1099 meoJ'ndicio‚
2894 1046 3053 1097 quam
3092 1032 3434 1086 sermonibus
3476 1032 3542 1084 all

1975 1120 2228 1188 pictatem
2257 1120 2653 1188 pertinentibus
2681 1135 2779 1175 ceu
2814 1120 2953 1174 lacte
2976 1123 3164 1175 satiari
3197 1123 3545 1178 veliementer

1975 1211 2130 1266 velle.
2166 1210 2417 1276 Proinde,
2450 1214 2493 1266 si
2539 1227 2633 1281 per
2668 1221 2721 1266 te
2759 1212 2904 1275 licet,
2950 1211 3110 1265 talem
3144 1227 3229 1265 me
3256 1213 3543 1282 praestabo,

1976 1311 2134 1371 teque
2161 1303 2506 1371 saepinseule,
2537 1303 2660 1357 duni
2692 1303 2821 1371 quid
2850 1303 3228 1371 opponendum
3258 1306 3329 1357 sit
3356 1304 3545 1359 adver-

1973 1394 2133 1448 sariis
2172 1395 2314 1449 scire
2350 1403 2472 1446 avet
2519 1394 2754 1457 animus,
2804 1392 3181 1461 interpellabo,
3233 1403 3290 1447 et
3322 1394 3542 1463 urgebo.

1973 1482 2259 1547 Responde
2300 1498 2430 1554 ergo
2472 1484 2635 1538 etiam
2671 1484 2811 1538 istud
2852 1483 3151 1538 sciscitanti
3187 1482 3341 1537 mini.
3366 1482 3545 1537 Num-

1974 1578 2100 1645 quid
2152 1578 2318 1632 Filius
2371 1577 2552 1642 novit,
2609 1577 2890 1647 inquiunt,
2934 1577 3229 1646 ingenitum
3273 1591 3395 1632 esse
3446 1577 3549 1632 Pa-

1977 1666 2156 1720 trem?

356 1756 425 1809 A.
465 1754 596 1818 Ναὶ,
625 1754 1043 1824 καταρνήσομαι
1077 1752 1184 1824 γὰρ
1215 1756 1491 1825 οὐδαμῶς,
1527 1757 1642 1814 ἀλλ’
1671 1758 1777 1810 οὐδ’
1806 1760 1871 1813 ἂν
1907 1740 1947 1796 Β
2049 1757 2112 1812 Α.
2166 1755 2324 1811 Novit
2353 1774 2368 1810 ι
2403 1772 2579 1827 neque
2616 1758 2760 1812 enim
2810 1756 3020 1812 inficias
3068 1758 3192 1824 ibo;
3239 1757 3332 1812 sed
3377 1772 3549 1825 neque

285 1846 483 1915 ἁλοίην
513 1843 732 1898 πώποτε
757 1848 870 1907 τοῖς
899 1845 1152 1916 ἐναργέσι
1180 1847 1496 1914 φιλονεικῶν
1521 1865 1534 1879 ·
1577 1849 1714 1921 πλὴν
1733 1845 1874 1903 οἶδεν

288 1938 428 1998 &wa
475 1935 804 2006 ἀγέννητον,
851 1936 927 2000 ὡς
973 1937 1275 2007 ἄφθαρτον,
1311 1941 1406 1993 καὶ
1449 1940 1745 2005 ἀθάνατον,
1782 1943 1876 1996 καὶ

280 2026 554 2110 ἀόρατον·
590 2026 706 2082 ἀλλ’
735 2026 1015 2098 ἐμέμνητο
1059 2029 1156 2096 μὲν
1192 2029 1300 2081 τῶν
1339 2029 1595 2083 τοιούτων
1636 2031 1872 2096 οὐδενὸς,

281 2118 653 2189 κατωνόμαζε
679 2118 737 2173 δὲ
773 2118 1014 2189 Πατέρα,
1050 2118 1258 2187 λέγων·
1289 2138 1307 2171 ι
1339 2122 1520 2192 Πάτερ
1543 2121 1688 2190 ἅγιε,
1713 2125 1876 2194 τήρη-

286 2222 390 2263 σον
419 2207 623 2271 αὐτοὺς
654 2209 712 2261 ὲν
747 2210 812 2279 τῇ
852 2207 1083 2279 ἀληθείᾳ
1123 2225 1238 2265 σου.
1275 2227 1292 2258 ι
1325 2209 1435 2263 Καὶ
1458 2204 1525 2263 αὗ
1547 2226 1562 2240 ·
1600 2229 1618 2262 ι
1656 2210 1876 2281 Ἐξομο-

291 2297 580 2368 λιιγοῦμαί
610 2314 710 2360 σοι,
738 2299 932 2370 Πάτερ,
985 2302 1159 2370 Κύριε
1208 2299 1304 2353 τοῦ
1347 2302 1579 2373 οὐρανοῦ
1635 2303 1730 2358 καὶ
1775 2304 1875 2374 τῆς

304 2388 442 2458 γῆς.
478 2406 499 2441 a
526 2387 635 2448 Καὶ
674 2386 772 2459 μὴν
795 2388 916 2442 καί·
951 2408 968 2440 t
1007 2390 1148 2459 Ἐγὼ
1178 2393 1240 2444 ἐκ
1265 2392 1360 2445 τοῦ
1402 2395 1617 2465 Πατρός
1654 2394 1876 2467 ἐξῆλθον

311 2477 415 2538 καὶ
440 2475 577 2547 ἥκω.
604 2493 625 2527 ι
650 2475 709 2530 Τί
737 2476 821 2542 δές
853 2479 988 2549 Οὐχὶ
1019 2479 1226 2534 καὶτὸν
1264 2482 1358 2536 ἐπὶ
1389 2482 1468 2555 τῷ
1505 2482 1647 2555 ἁγίῳ
1680 2483 1876 2557 βαπτί-

307 2582 495 2637 σματι
527 2565 921 2641 θεσμοθετήσας
972 2571 1118 2641 ὅρον,
1160 2572 1385 2643 καὶτῆς
1436 2575 1743 2648 ἀμωμήτου
1787 2576 1878 2629 πί-

297 2673 478 2721 στεως
500 2657 597 2730 τὴν
622 2659 681 2712 ἐν
723 2659 921 2731 ἀρχαῖς
955 2660 1272 2733 ύποὸάθραν
1301 2666 1414 2729 τοῖς
1447 2666 1549 2719 ἀνὰ
1576 2666 1757 2721 πᾶσαν
1778 2668 1876 2737 τὴν

287 2746 388 2819 ἀφ’
414 2748 571 2821 ἥλιον
609 2751 946 2817 κατατιθεὶς,
971 2755 1033 2807 οὐ
1074 2755 1270 2826 παρεὶς
1317 2758 1520 2821 ἐκεῖνα,
1546 2758 1641 2813 καὶ
1672 2776 1877 2830 παριπ-

284 2838 528 2904 πεύσας,
556 2838 620 2894 τό
650 2857 709 2895 τε
744 2842 1020 2914 ᾶφθαρτόν
1054 2861 1198 2915 φημι
1229 2846 1324 2900 καὶ
1350 2846 1408 2899 τὸ
1441 2847 1753 2919 ἀγέννητον,
1784 2850 1877 2903 καὶ

282 2933 566 3000 τάλοιπὰ,
602 2933 888 3005 βαπτίζειν
916 2935 1203 2991 ἐκέλευσεν
1238 2940 1316 3001 εἰς
1347 2938 1407 2992 τὸ
1444 2938 1615 3011 ὄνομα
1637 2939 1733 2993 τοῦ
1765 2940 1875 2995 Πα·

1979 1848 2137 1903 rebus
2162 1849 2462 1905 manifestis
2488 1865 2729 1920 pugnare
2756 1850 3131 1918 deprehendar
3153 1866 3425 1919 unquam;
3458 1864 3551 1906 ve-

1978 1949 2283 1996 rumtamen
2317 1939 2467 1997 novit
2504 1956 2623 1997 csse
2669 1941 2987 2011 ingenitum,
3026 1942 3185 1997 sicuti
3222 1942 3551 2010 incorrupti-

1976 2029 2163 2095 bilem,
2212 2039 2267 2086 et
2299 2031 2687 2099 immortalem,
2733 2048 2798 2087 ac
2838 2031 3164 2087 invisibilem
3198 2050 3213 2086 ι
3250 2031 3399 2100 atqui
3433 2030 3551 2085 nul·

1977 2120 2081 2177 lius
2106 2124 2296 2178 borum
2330 2123 2657 2179 mentionem
2686 2124 2836 2186 fecit,
2873 2125 2966 2178 sed
2997 2123 3212 2177 Patrem
3252 2123 3554 2177 nominavit

1978 2212 2198 2268 dicens:
2224 2230 2246 2264 t
2267 2211 2427 2266 Pater
2450 2223 2657 2276 sancte.
2687 2226 2845 2267 serva
2872 2211 3039 2267 cosin
3069 2210 3296 2265 veritate
3327 2220 3413 2265 tua
3434 2208 3499 2262 ⁸⁸.
3525 2227 3548 2260 ι

1976 2303 2107 2358 item
2154 2322 2188 2367 ι,
2215 2321 2235 2355 ι
2268 2303 2541 2359 Conliteor
2600 2304 2734 2368 tibi,
2790 2302 2980 2369 Pater,
3036 2302 3259 2356 Domine
3304 2300 3428 2356 coeli
3490 2314 3554 2353 ac

1979 2406 2135 2450 terrae
2158 2395 2227 2450 ⁸⁸.
2261 2414 2279 2446 »
2340 2395 2648 2461 Quinetiam
2698 2412 2712 2449 ι
2769 2413 2788 2446 ι
2814 2395 2928 2466 Ego
2982 2409 3011 2448 a
3076 2393 3237 2448 Patre
3306 2392 3448 2445 exivi
3500 2399 3557 2444 et

1978 2490 2098 2543 veni
2124 2489 2191 2541 ⁸⁸.
2222 2506 2243 2540 ι
2277 2487 2415 2554 οιιίιΙ
2450 2487 2617 2541 vero?
2644 2486 2779 2541 Cum
2811 2486 2878 2541 de
2904 2494 3094 2541 sancto
3118 2484 3444 2553 baptismate
3480 2479 3557 2534 le-

1978 2593 2097 2649 gem
2129 2579 2329 2647 posuit,
2374 2584 2428 2636 et
2458 2576 2749 2647 inculpatae
2792 2576 2913 2632 ndei
2949 2577 3181 2644 primum
3234 2574 3551 2626 sinulamen·

1980 2677 2089 2722 tum
2115 2668 2382 2723 universis
2409 2676 2566 2722 terrac
2588 2668 2837 2737 gentibus
2860 2666 3069 2731 statuit,
3110 2679 3312 2728 annon,
3331 2664 3397 2717 iis
3422 2675 3557 2729 prae-

1981 2760 2265 2825 termissis,
2286 2760 2679 2828 incorruptibili
2709 2759 2988 2820 nimirum,
3011 2766 3064 2811 et
3086 2756 3348 2826 ingenito,
3370 2761 3422 2807 et
3453 2768 3559 2805 cm·

1982 2853 2140 2916 teris,
2171 2853 2450 2920 baptizare
2484 2852 2647 2920 jussit
2679 2851 2733 2906 in
2766 2850 2984 2905 nomine
3016 2850 3215 2910 Patris,
3248 2857 3300 2901 et
3332 2845 3473 2910 Filii,
3503 2854 3557 2898 et

1981 2944 2215 3014 Spiritus
2238 2944 2411 2998 saneti
2438 2944 2505 3010 ⁸⁷,
2530 2959 2593 2997 ea
2620 2957 2739 2997 meo
2762 2940 2967 3009 judicio
2994 2939 3394 2995 consultissime
3416 2950 3558 3004 prm·

194 3019 210 3115 ’,
283 3027 442 3100 τρὸΐ,
477 3027 575 3082 καὶ
602 3025 699 3081 ⁴²⁰5
734 3026 888 3093 Υἷῡῦι
929 3029 1022 3083 καῖ
1056 3028 1149 3083 τοῦ
1200 3030 1354 3097 ἁγίου
1391 3031 1743 3103 Πνεῦματος;
1786 3032 1875 3100 τὰ,
1909 3075 1953 3132 C
1985 3037 2209 3102 tet-iens,
2251 3052 2348 3108 per
2376 3052 2496 3107 quze
2539 3036 2695 3090 nobis
2730 3045 2974 3090 sanctam
3007 3032 3329 3088 Trinitatem
3378 3028 3561 3084 decla-

210 3162 219 3181 .
282 3115 562 3191 οἷμαι,δι’
588 3112 666 3174 ὧν
684 3119 785 3190 μὲν
807 3120 985 3190 ἥκιστ’
1013 3119 1181 3192 ἐχρῆν
1206 3120 1303 3192 τὴν
1334 3122 1494 3189 ἀγίαν
1520 3124 1650 3193 ἡμῖν
1677 3124 1882 3196 Τριόιδα

286 3209 654 3283 καταδηλοῦν,
707 3211 1136 3284 προμηθέστατα
1187 3211 1645 3283 παρωθούμενος,
1687 3216 1910 3270 ἀπολε-.

292 3298 535 3374 ἥμενος
553 3300 615 3355 δὲ
656 3302 752 3356 καὶ
791 3301 1010 3372 προθεὶς
1038 3302 1148 3355 τῶν
1167 3301 1342 3356 ἄλλων
1374 3300 1442 3367 τᾲ
1474 3300 1584 3365 τῷν
1607 3303 1885 3374 ὀνομάτων

290 3388 731 3483 εῦῦιρινξστάτην
794 3397 959 3471 ημῖν,-
990 3393 1329 3458 καθιστάντα
1362 3393 1459 3465 τὴν
1503 3395 1737 3449 ἑκάστου
1777 3397 1909 3449 τῶν.

294 3482 726 3560 σημαίνομένων
778 3484 919 3549 ἰδίαν
954 3484 1215 3559 ὕπαρξιν.
1241 3488 1412 3540 Κοινὰ
1446 3489 1576 3558 γὰρ,
1622 3488 1687 3539 ἵν’
1717 3484 1889 3549 οὕτως

294 3581 475 3646 εἴπω,
488 3580 592 3650 τῆς
618 3579 748 3650 ὅλης
778 3578 1031 3650 θεότητος
1080 3579 1275 3648 λέγοιτ’
1314 3579 1402 3643 ἂν,
1433 3580 1501 3631 τὰ
1529 3581 1595 3648 τῇ
1628 3577 1786 3649 οὐσίᾳ
1820 3578 1888 3646 τῇ

298 3672 573 3742 ἀνωτάτω
605 3672 1054 3743 προσπεφυκότα,
1090 3672 1182 3724 καὶ
1232 3672 1330 3741 τὴν
1383 3670 1533 3723 θείαν
1568 3669 1665 3738 μέν
1706 3685 1791 3732 τις
1843 3668 1891 3720 εἰ

304 3763 687 3832 κατονομάσαι
735 3761 918 3830 φύσιν,
950 3761 1240 3832 ὁλόκληρον
1291 3764 1425 3834 ἡμῖν
1471 3761 1544 3824 ὡς
1580 3762 1635 3812 ἐν
1697 3759 1778 3811 ἐνὶ
1817 3757 1893 3830 τῷ

306 3857 705 3929 σημαινομένω
747 3855 1063 3927 παρέδειξεν
1105 3855 1267 3918 εὐθὺς
1318 3853 1417 3925 τὴν
1456 3852 1616 3921 ἀγίαν
1665 3853 1891 3923 Τριάδα,

306 3949 412 4020 τὴν
442 3950 500 4002 ὲν
532 3949 634 4019 μιᾶἰ
683 3947 900 4020 θεότητι
941 3947 1262 4018 νοουμένην,
1308 3946 1448 4016 πλὴν
1473 3945 1626 3999 οὔπω
1654 3945 1896 3998 διεσταλ-

314 4041 500 4122 μένως
530 4040 593 4094 τὸ
643 4041 759 4104 ἑνὸς
812 4039 1102 4110 πρόσωπον
1158 4038 1360 4102 ἰδικῷς.
1409 4037 1627 4109 Πατέρα
1674 4037 1730 4091 δὲ
1756 4077 1769 4100 ,
1804 4037 1899 4090 καὶ

311 4134 473 4199 Υὶὸν,
503 4133 599 4187 καὶ
649 4131 875 4204 Πνεῦμα
921 4149 1076 4200 αγιον
1115 4131 1323 4200 λέγων,
1370 4131 1471 4183 οὐκ
1517 4131 1609 4198 ἀφ
1639 4121 1712 4182 ὧν
1751 4129 1898 4181 ἐστιν

317 4224 654 4297 ἀδιακρίτως
675 4225 709 4295 ὴ
730 4225 882 4278 πάσα
909 4222 1010 4293 τῆς
1037 4222 1226 4293 oeci-cr,-
1209 4239 1289 4286 ος
1320 4222 1506 4291 φύσις,
1537 4223 1770 4274 ποιεῖται
1802 4220 1926 4291 τὴν

316 4319 578 4393 δήλωσιν,
612 4317 724 4372 ἀλλ
756 4309 881 4382 ἐξ
847 4333 922 4369 ων
958 4316 1019 4369 τὸ
1057 4316 1154 4387 τῆς
1202 4314 1360 4383 ἁγίας
1394 4313 1619 4387 Τριάδος
1652 4309 1902 4380 διαγινώ-

1989 3124 2096 3188 rari
2128 3139 2233 3179 non
2265 3125 2574 3193 oportebat,
2610 3139 2834 3179 ea-vero
2864 3124 3080 3178 nomina
3119 3122 3373 3190 seligens,
3414 3118 3561 3172 aliis·

1987 3231 2094 3287 que
2122 3226 2461 3286 anteponens
2484 3254 2500 3279 ,
2529 3230 2649 3285 qnae
2678 3214 3140 3270 distinctissimam
3181 3212 3341 3267 nobis
3372 3210 3563 3264 tmius·

1989 3305 2252 3376 cujusque
2279 3305 2354 3360 rei
2369 3305 2693 3374 signiticatae
2710 3304 2984 3372 propriam
3002 3301 3370 3357 exsistentiam
3383 3307 3564 3353 osten-

1990 3398 2199 3455 derent.
2226 3395 2552 3451 Communia
2576 3393 2744 3456 euim,
2762 3401 2819 3447 ut
2847 3392 2917 3446 ita
2942 3390 3145 3452 dicam,
3178 3389 3273 3443 toti
3296 3387 3565 3442 divinitati

1991 3488 2243 3541 «licuntur
2277 3501 2341 3540 ea
2372 3499 2492 3555 quae
2518 3497 2786 3554 supremae
2815 3480 3130 3536 substantiae
3159 3478 3365 3546 insunt,
3405 3486 3460 3533 et
3486 3478 3567 3532 di-

1993 3581 2172 3633 vinam
2220 3578 2439 3647 quidem
2475 3584 2725 3630 naturam
2758 3574 2802 3630 si
2844 3574 2965 3644 quis
3008 3570 3393 3637 nominaverit,
3426 3570 3600 3623 inte··

1994 3688 2143 3743 gram
2168 3671 2324 3728 nobis
2350 3671 2501 3725 velut
2522 3683 2629 3723 uno
2652 3667 2705 3722 in
2730 3667 3035 3739 significato
3060 3663 3240 3719 statim
3264 3661 3567 3717 ostenderit

1995 3771 2237 3819 sanctam
2283 3760 2630 3826 Trinitatem,
2664 3774 2788 3828 quae
2823 3759 2875 3813 in
2920 3771 3024 3812 una
3071 3755 3273 3810 deitate
3314 3752 3571 3823 intelligi-

1999 3866 2107 3921 tur,
2135 3863 2508 3910 verumtamen
2544 3852 2781 3905 nondum
2814 3848 3070 3904 distincte
3090 3846 3250 3901 unius
3281 3857 3569 3913 personam

2000 3946 2346 4017 peculiariter
2378 3958 2443 4001 ac
2488 3941 2740 3998 seorsim.
2776 3940 2987 3995 Patrem
3009 3948 3190 3993 autem
3225 3935 3472 3997 dicendo,
3515 3942 3573 3988 et

2001 4040 2220 4104 Filium,
2250 4047 2307 4094 et
2351 4019 2616 4107 Spiritum
2662 4041 2934 4096 sanctum,
2986 4045 3091 4085 non
3130 4029 3296 4084 exiis
3326 4041 3449 4097 quae
3487 4034 3571 4080 est

2004 4129 2316 4185 indistincte
2366 4136 2476 4181 tota
2521 4125 2978 4180 deitatisnatura
3024 4120 3349 4191 explicatur,
3382 4116 3474 4172 sed
3504 4130 3571 4169 ex

2003 4221 2071 4277 iis
2111 4221 2307 4290 quibus
2359 4227 2563 4274 sanctae
2598 4215 2885 4270 Trinitatis
2936 4212 3276 4284 dignoscitur
3321 4209 3575 4265 identitas

2004 4313 2179 4382 quoad
2218 4312 2509 4368 essentiam
2541 4310 2593 4365 in
2636 4309 2867 4379 propriis
2892 4306 3293 4378 hypostasibus,
3327 4316 3578 4358 sermone

320 4426 520 4468 ext-tm
551 4409 744 4472 ταυτὸν
794 4410 873 4473 εἰς
919 4406 1109 4461 οὐσίαν
1161 4407 1219 4459 ὲν
1271 4405 1543 4459 ύποστάσε
1519 4422 1632 4458 εσιν
1681 4403 1898 4468 ίδικαῖς,
1933 4407 1974 4460 D
2006 4405 2298 4474 unicuique
2344 4406 2420 4458 rei
2485 4409 2753 4472 perceptae
2806 4413 3101 4469 congruum
3156 4409 3347 4450 nomen
3394 4390 3578 4447 distri·

320 4502 545 4582 Mem)
586 4501 695 4556 τῶν
726 4499 1033 4571 νοουμένων
1075 4498 1461 4570 ἀποκρίνοντος
1503 4496 1595 4551 τοῦ
1630 4495 1812 4564 λόγου,
1841 4493 1903 4547 τὸ

321 4595 480 4669 αὐτῷ
509 4596 788 4668 προσῆκον
834 4594 1025 4664 δν,ομα
1054 4593 1150 4647 καὶ
1188 4594 1245 4644 ἐν
1277 4590 1470 4653 ἰδικαῖς
1496 4590 1734 4653 τιθέντος
1768 4589 1902 4642 ὑπο-

325 4689 550 4744 στάσεσι
593 4686 663 4741 τά
698 4683 974 4747 ούσιωδῶς
1001 4682 1277 4753 ἡνωμένα.
1321 4681 1431 4752 Τὴν
1473 4680 1572 4751 μὲν
1612 4679 1719 4750 γὰρ
1765 4680 1904 4732 ἀνω-

319 4779 476 4842 τάτω
499 4775 677 4850 ῥίζαν,
706 4771 775 4848 ἧς
796 4776 1052 4830 ἐπέκεινα
1082 4773 1144 4827 τὸ
1175 4771 1394 4842 σύμπαν
1427 4771 1597 4835 οὐδὲν,
1632 4770 1907 4840 ἐννοήσεις

319 4870 417 4927 τὸν
443 4870 688 4942 Πατέρα,
740 4870 832 4923 τὸν
862 4868 919 4921 δέ
959 4878 1023 4936 γε
1066 4865 1165 4936 τῆς
1195 4865 1452 4920 ἀνωτάτω
1478 4863 1633 4935 ῥίζης
1666 4864 1907 4931 ἐκπεφυ-

322 4962 464 5017 ιὰτα
489 4963 586 5017 καὶ
614 4978 746 5029 γεγε
721 4959 1036 5032 ε’,ννημένοι
1071 4956 1352 5029 παραδέξῃ
1385 4954 1475 5008 τὸν
1524 4954 1670 5018 Υίὸν,
1702 4953 1807 5006 οὐκ
1851 4953 1911 5004 ὲν

332 5054 421 5131 ἴσῃ
447 5050 605 5117 τάξει
653 5053 766 5114 τοῖς
797 5048 1183 5120 πεποιημένοις
1222 5065 1319 5117 την
1357 5047 1414 5099 ὲν
1455 5044 1632 5114 χρόνῳ
1678 5042 1912 5112 λαχόντα

324 5143 514 5215 γένεσι
516 5161 572 5210 ν
605 5141 729 5196 οὔτε
765 5141 922 5270 μὴν
898 5142 955 5194 ὲν
988 5139 1265 5193 ἐλάττοσιν
1292 5137 1375 5208 ἢ*
1355 5154 1412 5188 ν
1440 5129 1520 5198 οἷς
1551 5136 1579 5186 ὁ
1611 5135 1723 5186 Πατ
1694 5133 1821 5237 κὴρ,
1852 5131 1913 5185 τὸ

1548 5223 1650 5244 ·““’

329 5326 429 5380 καὶ
458 5339 526 5378 συ
530 5323 756 5387 ιαῖοιον
777 5324 868 5375 καὶ
893 5270 1072 5377 κατὰ.
1052 5321 1158 5374 πᾶν
1179 5316 1354 5372 ὁτιοῦν
1380 5319 1531 5387 ἰσομε
1519 5316 1676 5386 ’τρως
1698 5314 1911 5385 ἐ,χοντα

332 5413 460 5487 δίχα
489 5412 778 5485 pemmo&
812 5415 992 5466 τεκεῖν
1018 5429 1030 5441 ·
1066 5411 1331 5482 προσήκοι
1360 5408 1467 5479 γὰρ
1492 5407 1557 5461 ἂν
1583 5408 1740 5460 τοῦτο
1772 5406 1917 5477 μόνῳ

338 5503 416 5574 τῷ
446 5501 572 5573 θεῷ
609 5501 701 5554 καὶ
746 5502 936 5560 Πατρί.
964 5503 1156 5568 ’Ἃγιον
1196 5500 1252 5552 δὲ
1287 5500 1510 5568 Πνεῦμα
1538 5498 1828 5569 προσερεῖς
1859 5496 1920 5548 τὸ

416 5683 463 5714 ⁸³
508 5683 664 5737 l‘rov.
697 5694 824 5744 xxx,
861 5678 950 5732 53.
1031 5676 1073 5705 θ’·
1115 5672 1268 5726 Ιυιιιι.
1316 5671 1562 5736 xvn,11.

1643 5671 1683 5700 ⁸⁸
1713 5667 1898 5723 Mattlt.
1947 5684 2022 5734 xi,
2063 5667 2149 5723 ⁹25.

2008 4499 2231 4559 buente.
2262 4503 2317 4550 et
2348 4497 2399 4547 in
2435 4493 2798 4562 peculiaribus
2830 4508 2893 4545 ac
2935 4489 3168 4561 propriis
3198 4484 3579 4558 hypostasibus

2006 4602 2070 4641 ea
2120 4585 2441 4647 collocante,
2472 4596 2592 4650 quae
2632 4591 2759 4636 sunt
2808 4578 3237 4635 substantialiter
3265 4575 3437 4630 unita.
3466 4572 3575 4628 Sn-

2010 4692 2250 4749 premam
2285 4675 2485 4730 etenim
2532 4673 2765 4727 radicem
2799 4673 2935 4726 ultra
2970 4686 3146 4740 qnam·
3180 4668 3403 4723 omnino
3441 4665 3573 4720 niltil

2010 4778 2114 4836 est,
2150 4768 2362 4823 Patrem
2394 4782 2518 4823 esse
2553 4765 2822 4829 censebis,
2867 4778 2989 4818 eum
3031 4769 3211 4817 autem
3246 4759 3340 4829 qni
3371 4773 3437 4814 ex
3486 4775 3575 4813 sn-

2010 4877 2214 4934 prema-
2244 4860 2424 4918 radice
2455 4859 2656 4929 prodiit
2691 4874 2758 4914 ac
2804 4857 3018 4928 genitus
3062 4863 3167 4921 est,
3214 4852 3409 4907 Filium
3457 4864 3578 4906 esse

2016 4954 2294 5016 fateberis,
2345 4968 2449 5006 non
2485 4950 2706 5020 perinde
2753 4963 2818 5002 ac
2862 4962 2948 5002 res
2984 4955 3197 5002 creatas
3245 4945 3297 4998 in
3339 4952 3580 5010 tempore

2014 5047 2331 5115 productum
2361 5062 2374 5098 :
2404 5057 2578 5112 neque
2609 5054 2769 5111 porro
2811 5037 2987 5095 mimis
3031 5054 3192 5108 quam
3222 5022 3383 5108 '423
3409 5031 3583 5087 Patris

2018 5144 2208 5188 natura
2260 5148 2371 5188 suae
2415 5142 2624 5185 naturae
2665 5130 2829 5184 decus
2870 5137 3239 5190 exserentem,
3280 5126 3373 5180 sed
3421 5123 3582 5177 simut

2017 5236 2374 5288 coaeternum,
2413 5231 2465 5276 et
2498 5221 2549 5275 in
2578 5219 2831 5275 omnibus
2856 5219 2999 5274 Patri
3030 5217 3316 5288 aeqttaletn,
3356 5223 3583 5282 excepto

2019 5317 2121 5372 boc
2151 5329 2282 5378 uno,
2311 5312 2452 5383 quod
2478 5310 2700 5380 genuit:
2734 5308 2838 5366 boc
2879 5309 3023 5364 enim
3056 5307 3156 5362 soli
3191 5305 3298 5360 Deo
3342 5320 3404 5358 ac
3434 5303 3581 5357 Patri

2017 5404 2289 5460 convenit.
2318 5401 2577 5458 Sanctum
2601 5412 2767 5468 porro
2792 5398 3053 5468 Spiritum
3081 5396 3228 5452 «lices
3251 5408 3373 5448 enm
3404 5395 3493 5462 qni
3516 5409 3581 5447 ex

2021 5497 2131 5552 Deo
2162 5496 2322 5551 Patre
2357 5509 2453 5562 per
2479 5490 2675 5547 Filium
2706 5497 2988 5561 promanat
3017 5486 3358 5548 naturaliter,
3391 5498 3465 5550 ct,
3501 5486 3588 5537 in-

2230 5668 2272 5697 ⁶⁶
2310 5663 2462 5721 Joan.
2510 5679 2621 5733 nt,
2654 5662 2749 5717 28.
2830 5657 2873 5689 ⁸⁷
2901 5659 3094 5717 Mattb.
3137 5673 3328 5722 xxvtn,
3359 5658 3431 5716 ttt
