3809 6125
287 320 398 381 065

1360 330 1446 385 DE
1487 332 1587 389 SS.
1630 331 2005 389 'smmum
2045 334 2395 395 nlALocus·
2428 336 2468 393 t.

3446 333 3560 393 666

283 438 380 492 ἐπὶ
405 435 470 492 τὸ
499 435 652 507 σφίσι
681 436 893 506 δοκοῦν,
920 441 1014 495 καὶ
1047 444 1270 515 σφηκῶν
1300 447 1508 519 ἀγρίων
1538 449 1875 521 διιπτάμενοι
1905 460 1953 517 Α
1980 466 2094 510 star
2127 472 2412 528 vesparum
2449 455 2732 522 ferocium,
2760 455 3008 526 regiones
3042 463 3095 511 et
3124 452 3317 524 oppida
3353 467 3549 521 pervo-

281 529 462 600 δίκην,
495 528 682 593 πόλεις
711 546 770 583 τε
798 530 936 601 ὁμοῦ
958 534 1054 587 καὶ
1096 534 1281 608 χώρας
1325 539 1732 610 καταῦομόοῦσι
1761 541 1874 595 δει-

1979 548 2216 611 litantes,
2255 547 2580 617 importunis
2630 546 2845 602 bombis
2882 547 3220 615 obstrepunt,
3267 543 3570 615 loquentes

281 622 412 689 νῶς,
445 621 516 677 τὰ
550 620 662 676 ἀπὸ
690 622 918 694 καρδίας
945 624 1127 682 αὐτῶν
1159 627 1466 698 λαλοῦντες,
1499 631 1603 704 καὶ,
1628 634 1729 688 οὐκ
1765 634 1875 689 ἀπὸ
1975 653 2096 707 quoe
2135 640 2202 693 de
2243 639 2406 693 corde
2447 654 2544 695 suo
2579 648 2729 707 sunt,
2757 653 2862 692 nott
2894 638 2961 693 de
3007 652 3102 693 ore
3134 634 3372 698 Domini,
3407 635 3550 688 sit-ut

284 715 558 786 στόματος
594 713 824 785 Κυρίου,
854 716 995 769 κατὰ
1020 720 1082 773 τὸ
1111 722 1516 793 γεγραμμένον.
1578 735 1581 736 ’

352 810 421 864 A.
461 807 549 873 Ὦς
597 806 811 878 ἄςαμαί
867 823 927 861 σε
970 809 1068 881 τῆς
1101 812 1431 886 ἀσυγκρίτου
1491 817 1785 886 φιλοθεῖας,
1826 811 1872 872 ὦ

1974 732 2234 801 scriptum
2262 732 2427 789 cst⁸⁸.

2044 823 2109 878 A.
2160 824 2223 880 Ut
2260 833 2310 877 te
2343 825 2602 890 admiror,
2643 840 2675 880 o
2719 823 2878 890 bone,
2926 831 3150 895 propter
3198 822 3542 889 incompara-

277 902 405 964 τᾶν,
430 899 527 954 καί
548 914 644 953 σου
674 899 889 970 δέομαι,
916 899 992 971 μὴ
1013 899 1312 973 καταλῆξαι
1336 905 1554 961 πώποτε
1579 907 1677 977 τῆς
1698 907 1874 972 οὕτως
1974 912 2081 970 bile
2113 913 2241 968 illud
2277 915 2550 984 religionis
2590 915 2851 978 studium,
2882 928 2948 968 ac
2973 927 3168 983 precor
3215 920 3268 967 te
3309 922 3364 965 nt
3400 927 3542 964 rinu-

277 992 451 1064 ὀρθῆς
472 992 567 1048 καὶ
589 991 1117 1065 ἀξιεπαινετωτάτης
1139 994 1384 1072 γνώμης.
1403 998 1570 1071 Πλὴν,
1595 996 1640 1055 ὧ
1665 1001 1869 1072 ἑταῖρε,

277 1085 438 1156 πάρα
470 1101 554 1138 σοι
597 1082 847 1155 μετέχειν
875 1084 969 1138 καὶ
998 1083 1119 1139 λίαν
1147 1087 1388 1159 ἀμογητὶ
1416 1091 1510 1145 καὶ
1539 1091 1869 1160 ἀμφιλαφῶς

275 1170 357 1232 ὧν
384 1179 538 1251 ἐρᾷς,
570 1177 666 1232 καὶ
692 1175 754 1230 οὗ
787 1176 841 1230 τί
866 1173 969 1230 πού
1005 1195 1148 1249 φημι
1175 1183 1267 1235 τὸν
1294 1182 1486 1252 νοητὸν
1509 1182 1866 1237 ὲκόασανίσαι

275 1271 461 1341 λόγον,
499 1270 576 1334 ὡς
617 1269 681 1343 δη
722 1286 778 1324 τι
813 1268 922 1323 τῶν
969 1270 1075 1341 πρὸ
1119 1270 1279 1341 ἡμῶν
1312 1271 1535 1342 ἄμεινον
1580 1275 1725 1342 ἐρεῖν
1772 1276 1867 1329 καὶ

276 1362 618 1418 ἐκδιδάσκειν
646 1360 1097 1432 ὑπισχνούμενος.
1133 1362 1289 1425 *Λλις
1325 1361 1471 1435 γὰρ,“
1496 1360 1617 1427 ἃλις
1662 1365 1720 1419 αῖ
1755 1364 1865 1420 τῶν

278 1456 452 1526 ἁγίων
485 1454 747 1527 Πατέρων
775 1456 856 1518 εἰς
890 1452 1050 1508 τοῦτο
1096 1456 1432 1526 συγγραφαὶ,
1465 1452 1555 1521 αἶς
1584 1457 1742 1528 εἴπερ
1778 1474 1866 1523 τις

276 1549 456 1603 ῐλοιτο
486 1544 758 1617 νουνεχῶς
792 1543 1004 1616 ὁμιλεῖν
1052 1546 1146 1599 καὶ
1191 1547 1572 1619 ἐγρηγορότως
1619 1550 1864 1621 προσφέ-

278 1641 493 1715 ρεσθαι,
520 1638 698 1710 φωτὸς
724 1637 793 1692 ἃν
820 1636 918 1691 τοῦ
952 1636 1098 1691 θείου
1126 1638 1215 1692 τὸν
1243 1641 1444 1693 οἰκεῖον
1471 1639 1634 1705 εὐθὺς
1661 1642 1866 1714 ἀναμε-

276 1731 508 1787 στὼσειε
546 1730 694 1785 νοῦν.
722 1725 906 1784 Ἦσαν
956 1729 1067 1801 γὰρ
1114 1730 1216 1783 οὐκ
1268 1731 1423 1785 αὐτοὶ
1469 1731 1755 1798 λαλοῦντες
1800 1736 1860 1790 ἐν

1971 1020 2133 1074 quarn
2168 1022 2198 1060 a
2247 1017 2391 1059 recta
2437 1015 2492 1060 et
2532 1005 2788 1059 laudabill
2840 1005 3105 1060 sententia
3147 1003 3397 1059 desistas.
3440 1000 3542 1054 Ve-

1973 1104 2296 1162 rumtamen,
2325 1096 2519 1164 amice,
2561 1095 2690 1151 licet
2716 1095 2815 1151 tibi
2846 1110 2908 1150 ca
2943 1110 3062 1163 quae
3097 1094 3248 1164 cupis
3279 1092 3436 1147 valde
3465 1090 3549 1145 la-

1968 1186 2073 1242 cile
2100 1196 2153 1242 et
2187 1187 2399 1243 abunde
2429 1187 2711 1257 consequi,
2763 1201 2869 1242 non
2921 1185 3043 1239 dico
3071 1184 3372 1254 spiritalem
3414 1197 3544 1238 sen-

1968 1290 2089 1331 sum
2120 1291 2331 1343 eruere,
2364 1279 2516 1348 quasi
2549 1277 2741 1333 melius
2769 1275 3024 1347 quiddam
3057 1288 3218 1344 qnam
3262 1289 3382 1345 quae
3415 1284 3544 1328 ante

1969 1385 2068 1424 nos
2102 1368 2244 1423 dicta
2276 1378 2403 1425 suut
2438 1367 2632 1424 afferre
2676 1376 2733 1423 et
2770 1367 3068 1437 explanare
3095 1367 3427 1436 promittam.
3461 1364 3541 1420 Ad

1969 1462 2070 1516 boc
2102 1462 2250 1516 euim
2289 1460 2561 1517 sufficiunt
2603 1468 2920 1516 sanctorum
2953 1457 3175 1513 Patrnrn
3208 1456 3543 1511 lucubratio-

1966 1567 2082 1617 nes,
2119 1552 2172 1606 in
2206 1552 2405 1622 quibus
2432 1551 2476 1607 si
2504 1552 2627 1621 quis
2654 1562 2911 1607 accurate
2940 1549 3148 1605 versari
3179 1563 3245 1604 ac
3268 1548 3336 1603 iis
3362 1557 3542 1603 atten-

1964 1646 2093 1701 dere
2124 1645 2275 1710 velit,
2311 1645 2491 1699 divina
2538 1644 2657 1699 luce
2712 1641 3253 1711 illico-pertundetur
3300 1640 3536 1694 animus.

1963 1737 2079 1792 Non
2137 1738 2281 1792 enim
2326 1747 2486 1793 erant
2520 1737 2617 1806 ipsi
2671 1735 2763 1807 qui
2817 1734 3178 1807 loquebamur
3226 1733 3280 1788 in
3334 1741 3539 1788 semet·

272 1826 501 1889 αὑτοῖς·
547 1843 567 1877 ⁸
593 1824 752 1877 Πᾶσα
790 1822 849 1877 δὲ
886 1822 1078 1894 Γραφὴ
1120 1822 1473 1889 θεόπνευστος
1519 1826 1613 1884 καὶ
1653 1827 1854 1897 ὡφὲλι·
1887 1824 1934 1883 Β
1963 1830 2095 1900 ipsis
2113 1830 2181 1884 ⁸⁹.
2228 1848 2248 1882 ι
2281 1826 2472 1885 Omnis
2510 1839 2693 1883 autent
2736 1827 3020 1896 Scriptura
3070 1825 3332 1883 divinitus
3368 1824 3539 1893 inspi-

275 1934 398 1989 μκ-
425 1935 448 1970 ·
479 1913 555 1971 Ἥ
582 1914 730 1988 thaz

341 2010 410 2066 B.
447 2008 588 2074 Nat,
630 2008 725 2063 καὶ
761 2006 921 2063 τοῦτο
971 2007 1208 2078 ἀληθές·
1253 2009 1369 2063 ἀλλ’
1411 2010 1459 2063 εί
1508 2012 1858 2083 κατοκνήσεις

271 2102 466 2166 αὐτὸς,
493 2101 593 2156 καὶ
630 2100 939 2173 συνεργάσῃ
982 2101 1080 2172 μὲν
1113 2100 1175 2156 τδ
1217 2101 1480 2174 παράπαν
1519 2101 1695 2167 οὐδὲν,
1729 2120 1862 2157 κατ-

275 2194 578 2265 ακλείσας
624 2192 684 2246 at
733 2191 915 2263 ὥσπερ
973 2192 1202 2247 ὀδόντων
1252 2192 1384 2248 εἴσω
1435 2192 1536 2266 τὴν
1584 2193 1857 2263 γλῶτταν,

284 2285 601 2359 ἀπρακτεῖν
623 2282 941 2347 ἀναπείσεις,
968 2282 1028 2336 τὸ
1067 2281 1309 2355 διαρκῶς
1338 2300 1398 2338 τε
1440 2284 1534 2337 καὶ
1577 2284 1860 2354 ἀποχρών-

291 2394 408 2442 τως
448 2375 579 2448 περὶ
621 2376 726 2431 τῶν
749 2374 1002 2430 τοιούτων
1049 2378 1181 2447 ἡμῖν
1206 2377 1335 2440 τοὺς
1368 2376 1620 2448 Πατέρας
1656 2378 1856 2440 εἰπεῖν,

291 2470 372 2536 ὡς
406 2468 822 2541 δυσανάτρεπτύν
849 2487 910 2524 τε
943 2471 1038 2524 καὶ
1083 2468 1594 2538 δυσκαταγώνιστον
1633 2470 1855 2540 σκῆψιν,

283 2565 402 2626 τοῖς
435 2560 546 2616 τῶν
568 2560 823 2616 τοιούτων
871 2561 1308 2633 φιλακροάμοσιν
1340 2558 1692 2633 ἐπιτειχίζειν
1734 2563 1855 2615 ἑπι-

270 2652 500 2725 χσιρῶν,
545 2651 656 2708 οὔτ’
702 2653 772 2709 ἃν
801 2653 1154 2724 ἐπαινέσαιμι
1198 2652 1360 2707 τοῦτο
1391 2652 1525 2724 δρᾷν
1555 2653 1856 2725 ᾑρημένον,

267 2743 518 2816 &pomp
544 2760 605 2799 τε
632 2746 810 2800 εἰπεῖν
839 2746 1016 2798 ὲκεῖνο
1043 2743 1203 2809 ἀξιῶ.

341 2838 414 2894 Δ.
447 2836 516 2892 Τί
547 2837 659 2911 γὰρ
694 2836 763 2892 ἄν
807 2854 909 2909 μου
938 2837 1248 2902 διαπύθοιος
1273 2837 1366 2908 Μὴ
1403 2837 1512 2909 γὰρ
1537 2836 1603 2909 δὴ
1634 2837 1834 2892 κατάθε
1811 2854 1859 2891 ι

263 2925 364 2983 τοῦ
394 2928 618 3001 μετρίου
641 2930 1014 3002 φρονήματος,
1039 2922 1084 2981 ὧ
1109 2931 1349 2997 γενναῖε

338 3018 405 3075 Β.
436 3018 714 3074 Καταθεῖν
759 3018 862 3091 μὲν
901 3018 964 3073 οὗ
1001 3018 1202 3082 σκοπὸς
1247 3018 1392 3088 ἐμοὶ,
1429 3014 1624 3072 πολλοῦ
1665 3031 1729 3088 γε
1763 3014 1860 3071 καὶ

1964 1929 2080 1972 rata
2112 1927 2197 1973 est
2220 1919 2384 1973 etiam
2422 1918 2572 1973 utilis
2591 1917 2657 1973 ⁹⁰.
2695 1935 2714 1970 ι
2746 1915 2976 1973 Nonne?

2036 2009 2095 2063 B.
2145 2009 2340 2075 Etiam,
2372 2026 2558 2066 verum
2604 2010 2748 2066 istud
2779 2023 3011 2079 quoque.
3053 2010 3159 2065 Sed
3189 2009 3233 2065 si
3261 2008 3536 2079 pigriteris

1962 2102 2097 2171 ipse,
2138 2117 2203 2158 ac
2250 2103 2382 2157 nillil
2434 2118 2533 2157 nos
2581 2118 2803 2173 prorsus
2832 2102 3074 2174 jttveris3
3114 2116 3300 2156 verum
3352 2100 3534 2171 lingua

1962 2193 2104 2249 intra
2164 2196 2354 2249 dentes
2409 2196 2809 2264 quodammodo
2852 2195 3124 2261 coercita,
3190 2194 3323 2249 nibil
3375 2208 3538 2262 agere

1961 2286 2317 2356 persuaseris,
2353 2286 2678 2342 cessationis
2709 2300 2929 2341 causam
2964 2284 3177 2339 lit-marn
3211 2294 3266 2339 et
3305 2285 3537 2353 inexpu-

1961 2377 2229 2449 gnabilem
2272 2378 2672 2446 quodammodo
2706 2386 2922 2433 struens
2954 2391 3141 2433 earum
3193 2393 3370 2431 rerum
3421 2388 3539 2431 stu-

1962 2468 2163 2533 diosis,
2206 2470 2347 2537 quod
2399 2470 2466 2524 tle
2500 2470 2566 2525 iis
2604 2470 2817 2526 abunde
2862 2484 2926 2525 ae
2972 2468 3308 2524 sufficienter
3346 2467 3539 2524 Patres

1962 2559 2117 2613 nobis
2148 2557 2311 2613 locuti
2348 2560 2475 2624 sint,
2530 2573 2707 2628 neque
2749 2567 2802 2614 te
2830 2556 3034 2613 sactum
3067 2559 3136 2613 ob
3168 2559 3312 2612 istual
3345 2558 3533 2613 lauda·

1962 2650 2154 2716 verim,
2188 2656 2242 2704 et
2273 2649 2403 2704 milii
2429 2651 2773 2720 percontanti
2800 2651 3132 2721 respondeas
3172 2650 3353 2704 velint.

2032 2832 2097 2888 A.
2151 2830 2284 2887 Natu
2320 2832 2450 2902 quid
2478 2848 2544 2886 ex
2576 2846 2661 2887 me
2690 2829 3072 2900 perconteris?
3102 2828 3245 2894 Noli,
3281 2828 3536 2894 obsecro,

1961 2923 2013 2978 in
2049 2922 2478 2979 mediocritatem
2508 2932 2752 2977 nostram
2787 2920 2989 2977 invebi.

2032 3016 2092 3077 B.
2142 3017 2327 3072 luvebi
2387 3016 2523 3072 milii
2578 3014 2917 3086 propositum
2972 3029 3080 3072 non
3139 3022 3256 3080 est3
3310 3010 3535 3066 multum

264 3114 386 3169 δεῖ·
425 3111 722 3184 ἀπόκριναι
761 3112 807 3166 δ’
841 3108 956 3174 οὗν,
988 3113 1084 3167 καὶ
1124 3113 1197 3182 μή
1237 3128 1304 3182 με
1347 3108 1606 3175 ποικίλως
1653 3111 1858 3165 ἀποκό-
1960 3111 2164 3165 abest:
2192 3109 2460 3178 responde
2486 3123 2635 3174 vero,
2675 3117 2730 3162 et
2770 3123 2838 3163 ne
2877 3123 2964 3162 me
2993 3105 3145 3161 vafre
3176 3107 3243 3160 ab
3280 3104 3538 3172 indagan-

268 3203 402 3278 μιζε
430 3204 535 3276 τῆς
578 3204 783 3278 θήρας,
826 3198 902 3260 ὧν
939 3205 1007 3259 ἂν
1054 3204 1314 3277 χρῄζοιμί
1365 3219 1459 3258 σου
1504 3203 1859 3258 διαπυνθάνε
1883 3183 1929 3245 C
1962 3201 2086 3257 dis
2072 3201 2139 3256 tis
2169 3198 2429 3266 abducas,
2467 3215 2587 3271 quae
2623 3214 2691 3256 ex
2734 3206 2787 3255 te
2817 3199 3089 3256 sciscitari
3148 3198 3277 3252 mibi
3307 3207 3388 3252 est
3420 3197 3537 3252 ani-

267 3298 419 3357 σθαι.

336 3397 408 3452 Δ·
436 3394 591 3457 ,Ἀλλ
613 3393 745 3467 ἔρον
764 3394 976 3461 λοιπὸν,
1005 3390 1062 3448 εἴ
1086 3408 1168 3447 σοι
1199 3390 1365 3449 δοκεῖ.

340 3471 559 3558 '⁵³'Ap'
580 3485 637 3540 i!
668 3502 751 3557 τῳ
794 3483 906 3539 τῶν
949 3483 1070 3554 καθ’
1097 3484 1245 3555 ἡμᾶς
1273 3482 1495 3552 φέρόειν
1535 3480 1709 3535 ἐδόκει
1756 3479 1860 3544 τὰς

266 3578 397 3636 κατ’
411 3578 617 3651 ἀγροὺς
640 3573 722 3644 οἷς
741 3576 952 3648 τυχδνῆ
972 3573 1156 3645 αἶγας,
1176 3576 1276 3629 οὐκ
1301 3575 1365 3628 ἂν
1389 3573 1497 3646 ᾤου
1525 3574 1634 3627 δεῖν
1652 3571 1858 3627 καλαύ-

273 3673 442 3746 ponet<
485 3689 547 3727 τε
588 3672 685 3727 καὶ
738 3671 1022 3725 σκυλάκων
1066 3669 1247 3739 αὐτῷ,
1288 3669 1353 3722 ἵν’
1396 3666 1717 3737 ὲξαμύνοιτο
1758 3663 1858 3734 μὲν

270 3763 467 3831 αὐτὸς,
508 3764 557 3817 εί
585 3763 758 3835 δήπου
798 3780 852 3815 τι
879 3761 988 3815 τῶν
1030 3761 1337 3815 ἀτιθάσσων
1379 3758 1712 3829 ὲπιθρώσκοι
1757 3755 1856 3829 θη-

271 3855 413 3933 ρίων
437 3873 450 3886 ·
475 3857 527 3910 οί
558 3856 615 3910 δὲ
646 3853 1203 3929 προεκδειματοῦντες
1234 3847 1352 3916 τᾶῖς
1374 3851 1522 3923 παρὰ
1554 3849 1705 3920 σφῶν
1731 3849 1858 3905 ὑλα-

269 3954 422 4018 καῖς,
450 3951 854 4006 κατακωλύειεν
897 3949 994 4018 μὲν
1016 3947 1115 4018 τῆς
1153 3946 1344 4016 ἐφόδου
1374 3946 1434 4000 τὸ
1465 3945 1684 4018 θράσος,
1717 3942 1860 3998 ἀλώ-

272 4042 441 4114 ᾶητον
471 4040 530 4094 δὲ
557 4039 655 4111 τὴν
678 4038 881 4110 ἀγέλην
909 4037 1326 4109 διατηρήσειαν;

344 4134 413 4190 Α.
456 4130 661 4207 Ὀρθῶς
687 4130 842 4201 ἔφης.

345 4225 409 4280 Β.
441 4224 509 4278 Et
532 4223 590 4277 δὲ
612 4222 676 4293 δὴ
702 4220 894 4293 καιροῦ
925 4219 1341 4282 διιππεύσαντος
1369 4217 1685 4273 έκτεθνάναι
1704 4217 1861 4282 τινάς

272 4317 388 4374 τῶν
433 4314 724 4370 σκυλάκων
781 4311 1015 4384 συνέὸη,
1064 4309 1163 4365 εἷθ’
1209 4310 1429 4379 ἑτέρους
1475 4309 1802 4379 εἰσέφρησεν
1831 4308 1861 4360 δ

272 4405 504 4479 ποιμὴν,
548 4400 637 4474 ἆρ
662 4403 866 4456 εἰκαῖον
907 4402 967 4454 ὲν
999 4403 1112 4464 τοῖς
1160 4400 1433 4471 δευτέροις
1466 4400 1501 4469 ὴ
1539 4397 1714 4467 ὑλακὴ
1763 4396 1859 4450 καὶ

273 4497 626 4570 ἐγρήγορσις,
653 4493 776 4548 ἐπεί
804 4510 888 4548 τοι
908 4494 1021 4557 τοῖς
1046 4492 1153 4563 πρὸ
1177 4491 1356 4546 αὐτῶν
1380 4491 1442 4545 τὸ
1469 4489 1774 4562 εὐδοκιμεῖν
1799 4490 1858 4543 ἐν
1891 4541 1938 4596 D

271 4589 488 4655 τούτοις
517 4589 725 4655 ὲδόκει;

345 4683 413 4739 A.
441 4680 554 4736 Καὶ
600 4679 719 4744 πῶς
765 4680 972 4734 εἰκαῖον
1007 4677 1070 4732 τδ
1115 4676 1358 4748 ὠφελοῦν
1392 4676 1551 4730 νοοῖτ
1585 4675 1651 4729 ἂν
1690 4674 1724 4748 ἢ
1772 4672 1864 4728 λέ-

273 4788 464 4845 Υατθῖ

347 4864 413 4921 Β.
464 4859 599 4919 Εἶτα
655 4864 953 4936 σιωπήσεις
1014 4860 1361 4933 ἀνεγκλήτως
1426 4860 1623 4925 αὐτὸς,
1679 4857 1864 4929 μόνοις

273 4954 431 5028 ἡμᾶς
451 4955 566 5018 τοῖς
596 4951 704 5007 τῶν
735 4952 999 5023 Πατέρων
1033 4950 1465 5021 συγγράμμασιν
1495 4947 1722 5020 ὲφιστάς
1744 4987 1760 5013 ,
1799 4946 1862 5000 τό

272 5064 341 5118 γι
390 5045 500 5120 μὴν
541 5047 601 5100 έν
645 5045 781 5108 ίσοις
826 5043 962 5098 ίέναι
1015 5042 1188 5098 θέλειν
1229 5039 1645 5113 φιλοθεωτάτοις
1695 5055 1861 5094 σπου·

272 5139 541 5212 δάσμασι,
589 5138 783 5211 χρῆμα
823 5135 1076 5208 περιττὸν
1119 5131 1260 5189 εἶναι
1303 5134 1499 5203 λέγων,
1539 5132 1720 5187 καίτοι
1752 5131 1861 5187 τῶν

273 5232 491 5304 ἀγρίων
536 5227 830 5303 αίρετικῶν
890 5226 1155 5299 ἀθυρώτῳ
1200 5244 1259 5280 τε
1302 5225 1397 5281 καὶι
1433 5223 1702 5297 ἀπυλώτῳ
1741 5224 1862 5279 στό-

279 5341 416 5398 ματι
452 5323 554 5388 τὰς
583 5321 694 5377 τῶν
744 5319 1134 5390 ἁπλουστέρων
1152 5316 1516 5376 δαπανώντων
1539 5315 1751 5387 ψυχάςς

347 5417 420 5471 A.
459 5413 694 5477 Οὐκοῦν,
732 5413 855 5468 ἐπεί
887 5429 954 5483 με
994 5411 1192 5484 δριμὺς
1238 5410 1416 5464 είσέδυ
1455 5408 1650 5474 πόθος·
1684 5425 1861 5480 παρα-

274 5507 559 5581 deq-spat
590 5507 698 5578 γὰρ
719 5509 779 5560 οὐ
809 5503 1066 5577 μετρίως,
1102 5501 1196 5557 καὶ
1226 5500 1610 5575 παρωρμήθην
1639 5499 1858 5564 ἱκανῶς,

275 5602 360 5668 είς
401 5601 466 5656 τὸ
508 5599 759 5671 ἐθελῆσαι
788 5601 992 5664 πονεῖν,
1018 5598 1131 5660 τοῖς
1171 5597 1304 5662 σοῖς,
1337 5588 1383 5648 ὧ
1411 5587 1587 5659 οὗτος,
1615 5594 1857 5666 ῥήμασι·

1962 3308 2103 3350 mus.

2032 3383 2096 3439 A.
2141 3382 2416 3454 interroga
2458 3383 2697 3448 «lenitum,
2732 3382 2778 3439 si
2813 3382 2963 3438 libet.

2040 3473 2102 3528 B.
2150 3474 2207 3529 si
2247 3474 2370 3543 quis
2400 3483 2644 3528 nostrum
2676 3488 2901 3542 pascere
2942 3472 3105 3528 vellet
3143 3473 3194 3528 in
3228 3473 3373 3545 agris
3405 3487 3536 3528 oves

1960 3578 2054 3619 ant
2084 3580 2301 3635 capras,
2339 3579 2521 3619 annon
2553 3573 2776 3633 putares
2804 3564 2853 3619 ei
2884 3579 3020 3633 opus
3049 3579 3168 3619 esse
3194 3566 3332 3636 pedo
3354 3574 3407 3620 et
3439 3579 3535 3619 ca·

1960 3657 2142 3721 nibus,
2179 3667 2237 3712 ut
2264 3656 2378 3726 ipse
2412 3654 2629 3725 quidem
2666 3655 2809 3711 feras
2837 3655 3128 3722 immanes,
3159 3657 3203 3710 si
3240 3672 3360 3727 qna·
3396 3656 3538 3712 sorte

1958 3748 2293 3813 invaderent,
2326 3746 2654 3816 repelleret:
2686 3745 2740 3800 lti
2771 3755 2953 3802 autem
2986 3747 3101 3802 suis
3128 3747 3418 3802 latratibus
3446 3748 3530 3806 in·

1958 3855 2117 3896 cusso
2143 3847 2308 3902 metu,
2337 3837 2625 3891 invadendi
2649 3837 2999 3906 prohiberent
3029 3840 3333 3907 audaciam,
3372 3848 3429 3894 et
3460 3837 3530 3894 il·

1958 3933 2142 3989 laesum
2171 3944 2389 4002 gregem
2420 3929 2738 3984 servarent?
2816 3914 2840 3935 ’

2029 4119 2095 4174 Α.
2130 4101 2306 4170 'necue
2338 4112 2441 4169 ass.

2027 4211 2091 4270 B.
2140 4211 2197 4265 Si
2225 4224 2354 4265 vero
2397 4216 2517 4280 post
2547 4206 2765 4278 aliquod
2795 4213 3007 4275 tempus
3040 4218 3203 4259 canes
3233 4203 3353 4259 illos
3400 4203 3535 4259 mori

1960 4302 2268 4374 contigerit,
2295 4315 2358 4355 ac
2380 4299 2515 4355 alios
2547 4307 2730 4369 pastor
2757 4297 2814 4353 in
2838 4311 3024 4351 eorum
3052 4296 3229 4351 locum
3257 4291 3491 4350 sufficiat
3517 4311 3534 4350 ι

1960 4406 2026 4445 an
2050 4402 2483 4460 supervacaneus
2506 4388 2607 4443 erit
2644 4388 2697 4443 in
2726 4386 2983 4443 secundis
3014 4386 3264 4453 latratus,
3293 4397 3348 4440 et
3371 4398 3540 4439 exen-

1966 4483 2133 4548 bitus,
2151 4481 2293 4551 qnod
2315 4481 2527 4550 priores
2543 4494 2607 4534 eo
2627 4479 2971 4550 potissimum
2990 4477 3351 4532 commendati
3370 4476 3540 4532 sunt?

2033 4661 2100 4716 A.
2145 4659 2246 4726 Qui
2278 4670 2738 4728 supervacaneum
2764 4653 2934 4726 389
2957 4662 3243 4710 censeatur
3272 4662 3364 4708 aut
3392 4653 3541 4709 dica-

1963 4763 2051 4809 tur
2078 4752 2221 4825 quod
2248 4761 2333 4809 est
2362 4748 2515 4808 usui?

2028 4864 2092 4922 B.
2133 4864 2344 4936 Ergone
2374 4865 2509 4921 eitra
2554 4877 2748 4919 noxam
2798 4862 3002 4917 tacebis
3035 4861 3172 4933 ipse,
3215 4864 3306 4932 qni
3346 4875 3447 4916 nos
3483 4859 3538 4912 in

1960 4959 2091 5014 solis
2125 4957 2349 5014 Patrtnn
2397 4955 2864 5013 lucubrationibus
2915 4955 3121 5011 haerere
3169 4955 3288 5021 vis,
3342 4953 3541 5022 qnippe

1960 5066 2083 5108 curn
2128 5050 2332 5121 scripta
2382 5048 2730 5106 sanctissima
2776 5062 2992 5119 aequare
3058 5047 3194 5103 velle
3246 5043 3539 5101 absurdum

1959 5154 2080 5195 esse
2106 5139 2275 5204 dieas,
2303 5154 2423 5193 cum
2454 5137 2671 5194 iuterim
2698 5135 2912 5194 seroces
2940 5135 3180 5194 baeretici
3212 5134 3401 5191 effreni
3437 5133 3540 5189 lin·

1958 5247 2062 5304 gna
2102 5231 2490 5303 simpliciorum
2519 5229 2729 5288 animos
2752 5229 3049 5287 invadant?

2038 5409 2104 5465 A.
2145 5407 2313 5477 lgitnr
2347 5407 2563 5475 quando
2609 5423 2695 5466 me
2739 5407 3035 5464 vehemens
3076 5406 3402 5464 desiderium
3449 5408 3537 5464 in·

1967 5501 2129 5556 cessit
2155 5518 2168 5556 :
2196 5514 2293 5557 nec
2324 5501 2467 5558 enirn
2491 5500 2839 5558 mediocriter
2862 5500 3259 5568 exstimulatus,
3288 5502 3430 5558 etad
3462 5501 3538 5557 la-

1969 5597 2151 5652 borent
2179 5597 2563 5667 capessendum
2607 5595 2742 5654 satis
2778 5611 3045 5669 superque
3075 5597 3180 5654 tuis
3210 5598 3387 5655 verbis
3416 5612 3540 5653 suut

351 5780 401 5817 ⁸⁸
429 5777 629 5838 serent.
656 5794 806 5845 xxm,
843 5777 924 5838 te.
1003 5776 1047 5808 ⁸⁹
1090 5773 1274 5847 tlantn.
1305 5791 1359 5844 x,
1382 5775 1471 5833 ΞΟ.
1553 5775 1596 5808 ’⁰
1629 5774 1670 5832 ll
1703 5773 1841 5833 Tim.
1886 5791 1967 5844 tn,
2002 5778 2083 5834 16.
