3809 6125
300 306 439 373 2⁴53

1457 314 1546 371 ΒΕ
1584 310 2109 373 tNCARNATtONE
2147 316 2402 375 nomm.

3401 315 3542 372 ¹254

300 424 463 478 πλέον
499 426 630 497 ημῖν
673 428 766 482 τοῦ
813 429 947 484 Θεοῦ
991 430 1163 500 Λόγου
1206 431 1306 501 τὴν
1356 431 1626 503 ἐνοίκησιν
1665 449 1724 485 τε
1768 434 1862 485 καὶ
1893 437 1937 493 Α
1967 434 2235 502 perfectus
2261 442 2540 503 erataeque
2560 446 2621 487 ac
2649 447 2778 495 nos:
2810 432 2903 487 sed
2928 440 3123 501 practer
3137 421 3249 486 rem
3272 441 3535 494 nostram,

296 518 492 570 ῐνωσιν
511 534 525 547 ·
562 519 656 572 καὶ
686 519 866 590 σάρκα
896 522 995 591 μὲν
1025 518 1169 592 εἶχεν
1208 521 1449 591 ἔμψυχόν
1475 539 1536 575 τε
1577 523 1669 575 καὶ
1716 522 1866 591 λογι-

296 607 398 676 κὴν
438 610 517 670 ὡς
562 611 741 680 ἡμεῖς,
775 612 881 665 τῶν
925 612 981 666 δὲ
1027 612 1126 681 τῆς
1159 614 1432 683 ἁμαρτίας
1473 614 1574 667 οὐκ
1599 614 1868 685 ’ἠνέσχετο

297 701 613 768 κινημάτων
643 700 834 773 ὥσπερ
863 704 1044 773 ἡμεῖς,
1075 702 1188 757 ἀλλ’
1226 705 1285 756 ἐν
1316 704 1526 773 σώματι
1563 705 1654 772 ὑφ’
1687 706 1866 775 ἁμαρ-

294 788 417 851 τίας
446 790 855 862 πολεμουμένῳ,
874 794 973 862 τὴν
998 794 1097 864 τῆς
1128 794 1402 864 ἁμαρτίας
1426 794 1718 865 τυραννίδα
1738 812 1868 848 κατ·

297 878 452 932 έλυσε
473 899 484 913 ·
535 880 623 934 διὰ
669 883 825 936 τοῦτο
891 886 948 937 ὲν
1016 886 1317 956 ὁμοιώματι
1367 885 1653 957 ἀνθρώπου
1714 886 1868 955 γενό·

299 986 475 1039 μενος,
512 972 605 1026 καὶ
653 975 890 1043 σχήματι
921 976 1162 1047 εὑρεθεὶς
1212 978 1287 1041 ώς
1340 976 1644 1048 ἅνθρωπος,
1677 978 1869 1030 ἑαυτὸν

295 1060 677 1123 ἐταπείνωσεν,
711 1064 995 1134 γενόμενος
1029 1066 1268 1137 ὑπήκοος
1301 1068 1462 1138 μέχρι
1495 1068 1745 1131 θανάτου,
1771 1067 1866 1121 θα·

294 1151 457 1205 νάτου
483 1151 538 1205 δὲ
567 1152 799 1223 σταυροῦ
821 1168 833 1182 ·
882 1154 975 1209 καὶ
1001 1156 1132 1209 αὐτὸ
1161 1156 1218 1210 δὲ
1261 1158 1319 1211 τὸ
1355 1157 1525 1226 ὄνομα
1558 1158 1658 1228 τῆς
1685 1174 1868 1212 ταπει-

303 1238 510 1303 νώσεως
554 1240 706 1311 δηλοῖ
743 1242 841 1313 τὴν
883 1244 980 1312 τῆς
1023 1248 1283 1315 ταπεινῆς
1318 1247 1586 1317 ἀνάληψιν
1632 1248 1862 1317 φύσεως.

298 1330 507 1394 Ἄλλως
543 1349 601 1385 τε
631 1334 759 1402 περὶ
788 1334 883 1386 τοῦ
914 1334 972 1388 ἐν
1004 1339 1184 1407 μορφῇ
1219 1336 1355 1389 Θεοῦ
1383 1330 1718 1409 ὑπάρχοντος
1749 1338 1863 1393 δια·

292 1421 603 1492 λεγόμενος,
653 1424 964 1495 ἐπήγαγεν·
1021 1443 1040 1476 ι
1100 1428 1187 1482 Ἐν
1216 1426 1520 1498 ὁμοιώματι
1567 1428 1866 1499 ἀνθρώπων

292 1510 602 1579 γενόμενος,
635 1512 727 1565 καὶ
772 1515 1010 1582 σχήματι
1058 1515 1300 1584 εὑρεθεὶς
1353 1516 1429 1578 ὡς
1476 1517 1779 1587 ἄνθρωπος,
1841 1539 1859 1571 ι

291 1599 557 1653 διδάσκων
585 1600 668 1653 ὅτι
713 1601 742 1654 ὁ
771 1600 1062 1671 ἀσώματος
1099 1602 1234 1656 Θεοῦ
1265 1604 1437 1672 Λόγος
1477 1608 1553 1667 ώς
1581 1606 1865 1676 ἄνθρωπος

292 1686 470 1757 ὤφθη,
493 1688 654 1761 φύσιν
684 1689 1028 1759 ἀνθρωπείαν
1056 1686 1342 1744 ἀναλαθών
1361 1710 1373 1723 ·
1409 1693 1490 1745 διὸ
1528 1696 1622 1747 καὶ
1651 1696 1713 1747 τὸ
1741 1716 1758 1746 ι
1789 1696 1864 1760 ὡς

1972 525 2155 577 habuit
2177 523 2339 579 etiam
2374 523 2543 577 [lcum
2573 521 2806 576 Verbum
2846 521 3011 591 815
3038 538 3108 573 m.
3149 521 3459 575 inhabitans
3483 531 3539 574 et

1969 615 2199 668 unitum.
2252 614 2483 669 Carnem
2540 613 2727 668 hahuit
2766 613 3062 666 animatam
3114 620 3169 666 et
3220 612 3536 665 rationalem

1970 707 2043 760 uti
2076 720 2195 771 ιιοε,
2224 714 2280 758 at
2325 705 2530 774 peccati
2587 703 2977 759 commotiones
3021 718 3126 756 non
3161 718 3314 772 aeque
3343 718 3408 757 ac
3440 718 3538 757 nos

1969 805 2229 865 expertus
2246 804 2328 850 est
2358 812 2373 860 ;
2408 797 2501 850 sed
2545 796 2598 849 iu
2650 808 2881 862 corpore
2926 795 3066 863 quod
3126 802 3349 863 peccato
3399 792 3536 847 solet

1968 904 2088 943 esse
2161 888 2475 953 obnoxium,
2548 887 2753 954 peccati
2821 886 3158 956 tyrannidem
3227 884 3553 939 debellavit-.·

1969 980 2259 1050 Propterea
2297 979 2349 1032 in
2401 978 2804 1033 similitudinem
2837 976 3073 1031 huminis
3122 976 3317 1040 factus,
3349 985 3405 1029 et
3435 975 3534 1028 ha-

1969 1068 2083 1121 hitn
2138 1068 2390 1122 inventus
2422 1078 2481 1120 ιιι
2532 1068 2712 1128 Ιιοιιιο,
2760 1076 2935 1120 semet
2989 1066 3313 1129 humiliavit,
3363 1063 3538 1118 faetus

1966 1155 2223 1210 obediens
2273 1157 2539 1224 usquead
2593 1166 2844 1219 mortem,
2905 1140 3135 1209 mortem
3176 1163 3357 1207 autent
3411 1167 3539 1206 cru-

1967 1244 2048 1298 cis
2068 1243 2181 1297 ⁹·¹⁰.
2234 1243 2299 1297 Et
2332 1243 2542 1312 quidem
2583 1243 2754 1311 ipsum
2801 1242 3189 1295 bumiliationis
3218 1240 3536 1295 vocabulum

1968 1334 2300 1388 demonstrat
2338 1330 2553 1385 humilis
2593 1341 2798 1386 naturoe
2819 1331 3264 1397 assumptionem.
3306 1329 3537 1385 Aliunde

1966 1425 2151 1488 etiam,
2192 1423 2261 1479 de
2287 1439 2351 1478 eo
2369 1425 2460 1493 qui
2494 1425 2545 1477 in
2570 1425 2740 1477 forma
2779 1423 2867 1477 Dei
2905 1436 3022 1477 erat
3056 1417 3355 1484 disserens,
3385 1420 3538 1476 addi-

1968 1516 2045 1569 dit
2076 1530 2093 1569 :
2131 1532 2150 1566 ι
2182 1513 2238 1568 ln
2264 1513 2670 1569 similitudinem
2693 1514 2972 1567 hominum
3023 1513 3223 1577 sactuS,
3262 1520 3316 1566 et
3348 1511 3536 1566 babitu

1970 1604 2219 1657 inventus
2270 1614 2326 1656 ut
2385 1605 2597 1666 homo;
2661 1620 2681 1653 ι
2738 1604 2942 1657 docens
2992 1602 3366 1670 incorporeum
3444 1601 3537 1655 Dei

1971 1694 2201 1749 Verbum
2254 1696 2327 1749 uti
2378 1696 2648 1750 hominem
2677 1694 3019 1764 apparuisse,
3058 1695 3293 1746 humana
3332 1693 3539 1747 scilicet

291 1777 573 1848 ἄνθρωπος
611 1797 629 1829 ι
661 1778 923 1844 τέθεικεν,
947 1780 1037 1834 ἵνα
1066 1780 1141 1851 μὴ
1163 1784 1372 1853 τροπήν
1394 1801 1513 1836 τινα
1541 1786 1864 1855 γεγενῆσθαι
1898 1771 1937 1823 Β
1969 1795 2243 1855 assumpta
2278 1798 2491 1842 natura.
2524 1784 2648 1841 ideo
2673 1796 2726 1839 et
2752 1786 2889 1840 dixit
2924 1803 2943 1836 ι
2979 1794 3036 1838 ιιι
3060 1785 3240 1851 homo,
3277 1803 3298 1836 ι
3329 1799 3395 1838 ne
3422 1800 3537 1837 mtt-

292 1867 603 1940 νομίσωμεν
626 1869 723 1923 τοῦ
750 1870 982 1941 ἀοράτου
1025 1872 1183 1937 Θεοῦ,
1215 1874 1352 1929 ἀλλά
1385 1876 1765 1948 πιστεύσωμεν
1783 1880 1863 1932 ὅτι

293 1960 472 2031 σάρκα
502 1961 683 2015 λαόὼν
710 1961 952 2034 ἔμψυχόν
993 1981 1053 2017 τε
1092 1965 1187 2018 καὶ
1221 1964 1466 2038 λογικὴν,
1513 1967 1646 2032 Θεὸς
1691 1967 1766 2022 ὢν
1809 1972 1866 2022 ὲν

291 2049 598 2120 ὁμοιώματι
634 2051 924 2123 ἀνθρώπου
972 2053 1208 2122 ἐγένετο,
1255 2056 1350 2110 καὶ
1392 2059 1632 2128 σχήματι
1667 2057 1865 2129 εὑρέθη

290 2140 367 2203 ὡς
403 2139 720 2211 ἄνθρωπος·
763 2142 934 2216 οὔπως
981 2146 1010 2197 ὁ
1056 2145 1231 2215 μέγας
1267 2135 1374 2218 τῆς
1404 2146 1685 2213 εὐσεὸείας
1735 2164 1868 2219 προ-

290 2233 618 2300 αγωνιστὴς,
647 2235 676 2286 ὁ
708 2235 980 2305 μακάριος
1011 2236 1154 2305 λέγω
1181 2237 1413 2304 Παῦλος,
1432 2239 1500 2292 τὰ
1524 2240 1745 2294 ποικίλα
1773 2240 1867 2293 καὶ

289 2320 519 2391 διάφορα
573 2322 682 2375 τῶν
738 2325 1031 2395 αίρετικῶν
1080 2326 1344 2379 κατέλυσε
1393 2328 1656 2398 στόματα.
1725 2327 1867 2382 Ἀλλ’

291 2412 529 2467 ἐνταῦθα
564 2414 664 2486 μὲν
710 2417 855 2487 ἡμᾶς
885 2418 914 2469 ὁ
945 2417 1118 2484 Λόγος
1145 2422 1481 2490 παρήνεγκε,
1514 2422 1615 2491 τὴν
1648 2421 1758 2474 τῶν
1785 2424 1868 2475 αί-

293 2503 524 2574 ρετικῶν
553 2505 790 2576 ἐλέγχων
819 2506 1240 2577 ὲμὸροντησίαν,
1273 2509 1367 2561 καὶ
1395 2508 1532 2579 δῆλα
1561 2511 1731 2564 ποιῶν
1756 2514 1867 2576 τοῖς

288 2594 576 2665 τροφίμοις
606 2598 706 2667 τῆς
735 2596 1015 2661 εύσεὸείας
1051 2599 1147 2668 τῆς
1183 2599 1440 2671 ἀληθείας
1485 2602 1559 2656 τά
1599 2602 1863 2673 δόγματα.

305 2686 629 2759 ’Δναχωρεῖν
660 2682 776 2748 οὖν,
803 2685 926 2741 ὅθεν
966 2688 1180 2760 ὲξέόην,
1213 2693 1423 2763 καιρός.

294 2841 395 2901 tA'.
443 2844 608 2910 Τίνος
638 2846 814 2914 χάριν
841 2845 956 2914 τὴν
1000 2846 1378 2914 ἀνθρωπίνην
1416 2848 1609 2917 φύσιν
1657 2850 1689 2902 ό
1725 2848 1868 2915 Θεὸς

818 2915 1074 2969 ἀνέλαὸε
1107 2918 1316 2985 Λόγος.

363 3021 552 3076 Τοίνυν
600 3023 700 3093 τὴν
737 3024 1011 3096 ἡμετέραν
1044 3026 1205 3093 φύσιν
1241 3030 1269 3082 ὁ
1304 3021 1544 3101 Ποιητης
1592 3031 1869 3102 οἰκτείρας

292 3109 396 3165 ὑπὸ
415 3110 509 3164 τοῦ
539 3113 780 3183 Πονηροῦ
808 3115 1241 3187 πολεμουμένην,
1269 3119 1364 3170 καὶ
1391 3124 1506 3181 τοῖς
1523 3127 1739 3192 πικροῖς
1767 3124 1868 3194 τῆς
1895 3104 1939 3159 C

293 3204 568 3276 ἁμαρτίας
598 3203 776 3276 βέλεσι.
809 3205 1164 3276 βαλλομένην,
1214 3209 1311 3261 καὶ
1338 3209 1416 3279 τῷ
1451 3210 1664 3282 θανάτῳ
1691 3231 1871 3284 παρα-

293 3297 675 3368 πεμπομένην,
715 3296 984 3368 ὲπαμύνει
1020 3301 1087 3371 τῇ
1139 3299 1328 3366 εἰκόνι,
1382 3301 1479 3355 καὶ
1524 3304 1652 3366 τοὺς
1708 3303 1868 3357 πολε-

295 3389 528 3460 μοῦντας
556 3389 1009 3457 καταγωνίζεται,
1040 3390 1100 3443 ού
1142 3393 1322 3462 γυμνῇ
1369 3395 1437 3462 τῇ
1479 3391 1705 3462 δυνάμει
1733 3413 1868 3466 χρη-

295 3480 526 3548 σάμενος
552 3481 617 3550 τῇ
650 3479 883 3544 θεότητι,
931 3478 1053 3557 οὐδε
1091 3481 1157 3550 τῇ
1200 3478 1423 3552 ἐξουσίᾳ.
1459 3478 1561 3549 τῆς
1594 3478 1869 3550 βασιλείας

293 3565 644 3637 καταπλήξας
659 3569 785 3632 τοὺς
811 3568 1157 3633 ἀντιπάλους,
1183 3569 1284 3625 οὐκ
1315 3569 1582 3639 ἀγγέλους
1611 3570 1869 3639 στρατεύ-

293 3675 412 3722 σας,
444 3659 564 3712 οὐδὲ
600 3661 727 3723 τοὺς
767 3657 1138 3730 ἀρχαγγέλους
1187 3661 1268 3722 είς
1306 3657 1622 3729 συμμαχίαν
1666 3657 1865 3724 λαθὼν,

291 3751 412 3804 οὐδὲ
471 3750 768 3821 κεραυνοὺς
819 3750 852 3823 ἢ
900 3750 1223 3822 πρηστῆρας
1271 3750 1413 3803 κατὰ
1461 3751 1568 3804 τῶν
1612 3751 1868 3805 ἐναντίων

289 3843 534 3907 ὁπλίσας,
576 3843 698 3897 οὐδὲ
748 3844 887 3913 μετὰ
933 3842 1043 3897 τῶν
1095 3842 1359 3914 χερουδὶμ
1403 3842 1591 3914 φανεὶς
1638 3843 1730 3896 ἐπὶ
1771 3845 1869 3914 τῆς

290 3935 516 4004 ἠπείρου
564 3936 658 3989 καὶ
704 3934 816 3988 τῶν
861 3935 1150 4006 ἡμετέρων
1203 3933 1493 3988 ἀντιδίκων
1539 3934 1869 3999 δικαστικῶς

291 4023 808 4096 καταψηφισάμενος
851 4023 997 4098 [cod.
1059 4024 1320 4080 mendose
1362 4023 1864 4097 καταψησάμενος],

288 4112 403 4165 ἀλλ’
442 4110 524 4177 εἷς
548 4114 658 4168 τῶν
688 4115 1004 4169 ὑπευθύνων
1051 4115 1145 4168 καὶ
1191 4110 1616 4185 πολεμουμένων
1649 4115 1868 4185 γινόμε-

289 4220 397 4267 νος,
428 4204 522 4256 καὶ
553 4204 911 4275 κατακρύψας
936 4205 999 4258 τὸ
1030 4205 1439 4277 μεγαλοπρεπὲς
1482 4203 1581 4275 τῆς
1615 4204 1867 4275 θεότητος

286 4298 354 4364 τῇ
405 4293 648 4365 εὐτελείᾳ
694 4296 792 4365 τῆς
841 4293 1282 4366 ἀνθρωπὸτητος,
1327 4294 1420 4348 καὶ
1460 4293 1554 4348 τὸν
1588 4294 1866 4367 ὁρώμενον

286 4385 571 4455 ἄνθρωπον
603 4388 682 4450 είς
714 4386 891 4457 πάλην
920 4385 1169 4456 ἀλείψας,
1200 4388 1296 4440 καὶ
1323 4389 1624 4460 νικήσαντα
1669 4404 1866 4456 στεφα-

285 4474 464 4541 νώσας
484 4491 496 4506 ·
529 4478 624 4531 καὶ
653 4476 906 4531 παιδόθεν
938 4477 1036 4547 μὲν
1080 4477 1179 4548 τὴν
1205 4477 1407 4548 ἀρετὴν
1433 4476 1734 4544 ὲκδιδάξας,
1776 4477 1868 4531 καὶ

294 4567 638 4640 δικαιοσύνης
665 4570 744 4632 είς
773 4570 1074 4639 ἀκρότατον
1113 4567 1354 4637 ἀγαγὼν,
1387 4570 1654 4641 ἀήττητον
1692 4568 1750 4622 δὲ
1773 4586 1870 4638 φυ-

1972 1853 2229 1930 tationem
2294 1875 2528 1945 aliquam
2581 1875 2780 1929 factam
2836 1874 3211 1928 existimemus
3257 1874 3539 1928 invisibilis

1968 1966 2085 2031 Dei,
2132 1967 2229 2021 sed
2274 1968 2561 2021 credamus
2591 1967 2789 2033 potius,
2839 1965 3011 2034 ipsum
3053 1980 3219 2018 carne
3264 1972 3537 2031 assumpta

1969 2058 2202 2113 animata
2251 2074 2316 2113 ac
2352 2059 2625 2117 rationali.
2656 2071 2777 2112 cum
2824 2058 2967 2113 Deus
3006 2067 3171 2121 esset,
3205 2057 3260 2112 in
3285 2058 3539 2112 similitu·

1969 2153 2149 2206 dinem
2178 2151 2411 2206 hominis
2445 2149 2667 2215 tactum,
2715 2159 2771 2204 et
2813 2150 3000 2204 bahitu
3038 2151 3314 2205 inventum
3351 2160 3410 2204 ut
3438 2151 3538 2205 ho·

1970 2244 2190 2297 minem.
2224 2239 2314 2297 Sic
2349 2254 2575 2311 magnus
2610 2250 2772 2294 rectze
2797 2240 2918 2296 tidei
2958 2251 3346 2311 propugnator,
3405 2242 3538 2297 hea-

1974 2343 2073 2398 tus,
2100 2333 2342 2401 iuquam,
2372 2330 2589 2397 Paulus,
2613 2331 2827 2386 diversa
2859 2345 2925 2388 ac
2958 2333 3107 2385 varia
3158 2332 3535 2386 haereticorum

1969 2438 2063 2478 ora
2094 2422 2393 2490 dissipavit.
2418 2420 2524 2476 Sed
2552 2418 2811 2488 ulterius]
2828 2436 2917 2475 am
2943 2436 3040 2476 nos
3070 2421 3326 2491 provexit
3356 2435 3540 2476 sermo

1971 2521 2175 2575 noster,
2231 2512 2358 2566 dum
2414 2511 2794 2567 haereticorum
2841 2512 3119 2568 vesaniam
3174 2510 3439 2581 coarguit.
3486 2520 3542 2566 et

1973 2612 2134 2659 recta}
2159 2602 2283 2657 {idei
2324 2602 2557 2658 alumnis
2584 2606 2834 2673 dogmata
2868 2603 3112 2658 veritatis
3137 2604 3343 2672 pandit.
3401 2603 3543 2671 Ergo

1966 2696 2077 2764 jam
2110 2705 2319 2763 tempus
2344 2703 2426 2748 est
2456 2693 2602 2761 ilinc,
2639 2693 2780 2749 unde
2798 2693 3175 2759 discessimus,
3209 2692 3539 2750 reret-trudi.

1972 2844 2061 2900 Xl.
2099 2842 2265 2913 cnjus
2296 2861 2369 2899 ret
2402 2845 2576 2914 qratia
2616 2848 2901 2899 Ιιιιηιιιηαιιι
2930 2850 3177 2898 naturam
3220 2842 3361 2896 Detts
3419 2838 3544 2896 Ver.-

2492 2916 2610 2967 bum
2651 2914 3009 2982 assiempserit.

2068 3025 2235 3100 igitur
2301 3036 2549 3081 naturam
2617 3033 2855 3079 nostram
2913 3021 3137 3078 Creator
3195 3020 3465 3075 miserans
3510 3033 3541 3072 a

1973 3120 2114 3176 malo
2139 3120 2386 3175 daemone
2415 3127 2805 3187 oppugnatam,
2829 3125 2885 3167 et
2916 3112 3131 3169 acerbis
3156 3110 3363 3182 peccati
3383 3109 3544 3179 sagit-

1975 3215 2041 3268 tis
2064 3209 2425 3272 vulneratam,
2448 3206 2718 3275 mortique
2743 3205 3037 3267 addictam,
3083 3201 3355 3271 propriam
3399 3198 3543 3253 ultus

1971 3308 2052 3352 est
2102 3299 2414 3369 imaginem,
2450 3297 2747 3364 hostesque
2797 3293 3150 3365 propulsavit,
3210 3291 3356 3346 haud
3410 3289 3543 3357 solis

1971 3387 2189 3443 deitatis
2235 3389 2437 3443 viribus
2494 3397 2682 3451 utenS,
2720 3399 2895 3455 neque
2947 3382 3249 3453 majestatis
3299 3378 3543 3449 potentia

1971 3480 2355 3535 colluctatores
2420 3462 2731 3548 profligans.
2808 3492 2915 3531 non
2985 3473 3301 3542 augelorum
3367 3472 3539 3527 aciem

1973 3568 2268 3629 instrucuS,
2295 3579 2471 3633 neque
2498 3564 2853 3634 archangelos
2891 3561 3189 3617 auxiliares
3227 3573 3538 3621 assui-eus,

1972 3672 2078 3712 non
2112 3655 2336 3710 fulmina
2371 3666 2466 3709 ant
2499 3655 2739 3709 turbines
2771 3664 2961 3708 contra
3003 3653 3252 3707 inimicos
3295 3664 3542 3711 armante.

1971 3759 2146 3815 neque
2162 3761 2285 3800 cum
2327 3744 2637 3799 cherubinis
2663 3745 2714 3797 iu
2745 3755 2885 3798 terra
2910 3757 3173 3812 apparens
3200 3739 3542 3795 adversarios

1970 3851 2068 3907 pro
2098 3836 2350 3890 tribunali
2396 3836 2761 3890 condemnans
2804 3834 2946 3901 ;sed
3003 3840 3257 3902 tanquam
3310 3842 3450 3885 unus
3476 3830 3543 3884 de

1970 3927 2077 3982 reis
2102 3929 2534 3997 oppugnatisque
2555 3925 2754 3992 factus,
2808 3913 3135 3994 deitatisque
3187 3922 3543 3994 magnificen-

1970 4018 2097 4073 tiam
2124 4016 2334 4072 vilitate
2371 4017 2722 4073 humanitatis
2766 4014 2969 4081 cetans,
3033 4012 3202 4085 816
3232 4028 3304 4068 ιιι.
3351 4005 3540 4067 'visibi-

1968 4108 2072 4164 lem
2093 4109 2363 4164 hominem
2400 4108 2465 4162 ad
2498 4122 2731 4179 pugnam
2763 4105 3160 4171 corroboravit,
3189 4111 3246 4159 et
3273 4105 3534 4158 victorem
3565 4148 3569 4152 .

1967 4202 2250 4257 coronavit
2289 4197 2514 4265 :etiam
2545 4199 2671 4253 inde
2705 4212 2733 4251 a
2768 4195 2950 4267 pueris
2996 4195 3254 4251 virtutem
3300 4193 3540 4254 edocuit,

1971 4301 2135 4361 atque
2164 4289 2231 4347 ad
2266 4289 2497 4358 justitiae
2525 4288 2739 4344 culmen
2784 4285 3051 4355 provexit,
3102 4284 3365 4338 invictum
3423 4294 3539 4335 ser⁸
3573 4336 3580 4344 ,

1968 4398 2121 4448 vans,
2156 4391 2210 4437 et
2240 4383 2443 4451 peccati
2479 4379 2601 4434 telis
2632 4380 2952 4443 immunem,
3024 4375 3346 4445 permittens
3380 4372 3539 4427 simul

1973 4487 2032 4531 ut
2095 4474 2256 4530 morti
2325 4472 2727 4534 succumberet,
2782 4482 2890 4539 qno
2947 4467 3156 4539 peccati
3221 4462 3541 4534 injustitiam

1976 4572 2317 4636 coargueret,
2344 4569 2401 4618 ct.
2446 4562 2639 4616 mortis
2673 4556 2970 4626 potentiam
3004 4557 3331 4611 destrueret.

288 4656 472 4724 λάξας,
518 4659 610 4712 καὶ
667 4659 776 4713 τῶν
819 4659 989 4730 βελῶν
1025 4662 1124 4730 τῆς
1184 4660 1456 4731 ἁμαρτίας
1518 4660 1822 4731 ἐλεύθερον,
1874 4661 2235 4729 συγχωρήσας
2275 4654 2334 4709 δὲ
2381 4655 2531 4725 ὅμως
2572 4652 2679 4706 ὑπὸ
2732 4649 2962 4704 θάνατον
3012 4646 3284 4715 γενέσθαι,
3327 4645 3411 4700 ίνα
3445 4642 3541 4715 τῆς

287 4748 557 4822 ἁμαρτίας
589 4750 688 4821 την
760 4750 974 4804 ἀδικίαν
1037 4751 1270 4825 ἐλέγξῃ,
1338 4752 1432 4804 καὶ
1485 4752 1579 4805 τοῦ
1647 4753 1876 4808 θανάτου
1933 4748 2214 4822 καταλύσῃ
2274 4747 2334 4800 τὸ
2377 4747 2592 4816 κράτος.

353 4897 416 4949 Et
450 4897 558 4968 γὰρ
582 4896 693 4950 τῶν
723 4896 831 4951 ὑπὸ
859 4898 959 4968 τὴν
987 4898 1263 4968 ἁμαρτίαν
1297 4898 1677 4968 γεγενημένων
1706 4901 1735 4952 ὁ
1766 4898 1862 4954 θά-

282 5006 442 5053 νατος
472 4989 766 5060 ἐπιτίμιον,
791 4992 820 5043 ὁ
843 4989 1047 5059 ταύτης
1066 4989 1485 5059 ἀπηλλαγμένος
1519 4989 1856 5054 παντάπασι,

280 5079 520 5152 δηλονότι
555 5078 703 5149 ζωῆς
746 5079 1062 5142 ἀπολαύειν,
1100 5079 1215 5134 ἀλλ’
1250 5080 1311 5133 ού
1361 5078 1615 5143 θανάτου,
1658 5079 1863 5144 δίκαιος

280 5165 383 5241 ἦν·
415 5169 595 5224 τοίνυν
633 5169 922 5240 ὴττηθείσα
969 5172 1003 5240 ἡ
1042 5171 1321 5241 ἁμαρτία,
1363 5169 1455 5224 καὶ
1500 5169 1592 5222 τὸν
1637 5168 1861 5239 νικητὴν

288 5262 663 5332 κατακρίνασα
706 5260 959 5332 θανάτῳ,
1000 5260 1094 5314 καὶ
1140 5261 1239 5332 τὴν
1284 5260 1452 5333 αὐτὴν
1505 5257 1863 5328 ὲξενεγκοῦσα

262 5353 429 5416 Ικοιτά
453 5351 551 5406 τοῦ
582 5352 926 5422 νενικηκότος
952 5351 1152 5423 ψῆφον,
1184 5354 1248 5423 ἢν
1276 5354 1362 5406 ἀεὶ
1393 5352 1534 5408 κατὰ
1557 5351 1665 5405 τῶν
1690 5352 1863 5420 ἡττω-

262 5425 460 5513 Ξμένων
489 5445 767 5516 ἐξέφερεν,
794 5442 1053 5499 ἀδικοῦσα
1086 5445 1244 5500 ἑάλω.
1267 5447 1442 5516 Μέχρι
1471 5443 1570 5516 μὲν
1591 5445 1706 5513 γάρ
1735 5443 1859 5504 τοὺς

285 5535 554 5605 ὑπηκόους
582 5536 660 5607 τῷ
685 5535 899 5606 θανάτῳ
923 5537 1303 5609 παρέπεμπεν,
1327 5536 1399 5600 ώς
1420 5536 1601 5591 δίκαια
1634 5532 1860 5588 ποιοῦσα

358 5720 450 5750 ’⁰¹‘
479 5717 706 5789 Philipp.
748 5733 807 5784 tt,
840 5718 892 5782 7,
931 5717 980 5772 8.

2039 4895 2172 4951 Nam
2216 4893 2261 4950 si
2300 4906 2485 4948 eornm
2537 4889 2624 4958 qui
2670 4896 2894 4957 peccatu
2946 4883 3345 4942 succubuerunt
3382 4894 3539 4950 poeua

1969 5003 2117 5043 mors
2162 4995 2264 5052 est,
2316 4985 2363 5039 is
2412 4986 2500 5052 qui
2550 4991 2773 5051 peccato
2820 4991 3044 5048 prorsus
3091 4974 3262 5030 suerat
3312 4973 3541 5033 alienus,

1971 5081 2081 5135 vita
2128 5078 2341 5135 scilicet
2390 5073 2494 5129 [rui
2520 5114 2535 5138 ,
2579 5089 2683 5126 non
2740 5077 2968 5125 mortem
3014 5067 3123 5138 pati
3166 5067 3359 5136 dignus
3402 5073 3540 5119 erat.

1970 5171 2139 5226 Porro
2161 5169 2367 5225 vietum
2400 5173 2679 5236 peccatum
2737 5177 2858 5216 cum
2891 5161 3065 5230 ipsum
3096 5159 3352 5213 victorem
3381 5156 3540 5210 morti

1962 5262 2280 5324 addixisset,
2307 5257 2661 5325 eamdemque
2678 5256 2938 5308 adversus
2965 5249 3355 5305 dominatorem
3380 5260 3537 5300 suum

1962 5351 2284 5407 senteutiam
2316 5348 2545 5412 tulisset,
2579 5360 2740 5414 quam
2769 5352 3027 5412 perpetuo
3058 5348 3248 5393 contra
3289 5336 3539 5391 subditos

1960 5457 2089 5499 suos
2138 5440 2461 5500 exercebat,
2518 5435 2715 5503 iniuste
2764 5446 2926 5502 agere
2975 5429 3373 5498 deprehensum
3431 5432 3535 5480 est.

1962 5532 2094 5587 Nam
2128 5530 2363 5602 ‹ltiattdiu
2402 5539 2678 5599 peccatum
2716 5524 2957 5580 subditos
3016 5537 3143 5578 suos
3183 5529 3354 5576 morte
3396 5514 3539 5573 mul-
