3809 6125
270 301 384 361 493

1701 302 2141 361 THESAURUS.

3441 312 3555 369 tub

262 421 447 491 τάτην
477 415 826 490 ἐπηρτῆσθαι
864 414 1109 480 κόλασιν,
1139 417 1253 481 πῶς
1283 420 1343 471 οὑ
1379 423 1582 488 μᾶλλον
1609 426 1862 479 τοσοῦτον
1892 434 1936 490 Α
1965 436 2071 492 set,
2117 426 2389 494 quomodo
2430 440 2535 480 non
2564 435 2714 483 tanto
2744 425 2962 497 gravius
2993 426 3313 497 supplicium
3380 446 3549 488 mere·

268 509 543 584 μειζόνως
566 506 650 571 είς
673 503 734 559 τδ
761 504 1090 570 κολάζεσθαι
1114 506 1451 582 δικαιότερος
1482 515 1510 567 ὀ
1537 514 1605 568 τὰ
1637 515 1702 569 δι’
1735 517 1864 570 rim]

264 600 634 675 παραδαίνων
667 599 938 667 φανεῖται,
964 598 1092 652 ὅσον
1125 617 1230 671 περ
1263 601 1329 654 ἂν
1355 603 1438 674 εἴη
1469 605 1568 674 τῆς
1593 606 1674 669 εἰς
1698 607 1865 676 ἀγγέ-

264 698 399 759 λους
433 691 604 763 τιμῆς
633 687 1058 758 ἀξιολογώτερος
1085 689 1118 742 ό
1152 690 1310 757 Υἰός;
1361 691 1426 746 Ei
1463 692 1520 745 δὲ
1547 693 1652 766 χρὴ
1683 697 1776 748 καὶ
1807 695 1869 748 τὸ

264 785 508 840 ἑκάστου
538 781 741 855 μέτρον
762 780 1016 848 συνιδεῖν,
1040 781 1088 833 ol
1115 781 1214 851 μὲν
1244 784 1595 854 παρεστῶτες
1616 786 1866 857 ὑμνοῦσι,

264 873 631 948 λειτουργικὰ
661 890 719 928 τε
751 873 861 927 είσὶ
886 871 1177 943 πνεύματα.
1199 875 1277 937 εἰς
1306 874 1583 930 διακονίαν
1612 878 1871 934 ἀποστελ-

263 972 507 1041 λόμενα·
559 970 589 1022 ὁ
628 966 687 1021 δὲ
725 966 1105 1038 ὑμνολογεῖται
1139 966 1279 1037 μετὰ
1315 967 1550 1037 Πατρδς,
1585 970 1872 1043 σύνθρονός

266 1081 332 1117 τε
367 1061 447 1115 ῶν
475 1059 573 1115 καὶ
603 1056 1023 1130 συμδασιλεύων
1050 1058 1220 1128 αὑτῷ,
1240 1062 1335 1113 καὶ
1366 1060 1473 1113 ὑπὸ
1492 1060 1602 1116 τῶν
1625 1063 1872 1131 ἀγγέλων

263 1151 717 1224 διακονούμενος,
750 1149 894 1205 κατὰ
937 1147 1000 1201 τὸ
1050 1149 1109 1201 ὲν
1138 1152 1250 1213 τοῖς
1283 1151 1636 1220 Εὑαγγελίοις
1660 1168 1673 1180 ·
1716 1172 1734 1204 ι
1763 1154 1874 1207 Καὶ

272 1241 391 1296 ἰδοὺ
422 1239 645 1310 ἄγγελοι
685 1234 1017 1310 προσῆλθον,
1049 1237 1144 1291 καὶ
1183 1236 1467 1309 διηκόνουν
1492 1240 1662 1311 αὑτῷ·
1700 1258 1719 1293 ι
1758 1242 1874 1307 πῶς

270 1328 373 1389 οἷν
396 1335 429 1388 ό
452 1329 711 1386 τοσοῦτον
741 1327 1047 1401 ὑπερέχων,
1075 1330 1134 1383 ὲν
1161 1332 1276 1394 τοῖς
1318 1330 1575 1386 τοσοῦτον
1605 1333 1877 1407 ὑποόεὸη-

271 1424 459 1491 κόσιν,
491 1423 572 1487 ὡς
596 1424 626 1476 ό
652 1420 968 1488 Μονογενὴς
996 1418 1385 1492 εὑρεθήσεται;
1414 1421 1538 1488 Πῶς
1563 1423 1620 1477 δὲ
1649 1426 1677 1477 ό
1699 1425 1876 1495 Πατρὶ

276 1513 722 1586 συγκαθήμενος,
757 1512 818 1565 ὲν
844 1512 959 1573 τοῖς
993 1512 1388 1582 παρεστηκόσι,
1420 1514 1515 1568 καὶ
1543 1514 1602 1567 ἐν
1631 1518 1743 1579 τοῖς
1762 1514 1878 1567 δια-

277 1599 536 1657 κονοῦσιν
578 1602 608 1654 ὁ
633 1596 1074 1668 διακονούμενος,
1119 1597 1152 1668 ἢ
1186 1599 1245 1650 ὲν
1280 1602 1392 1665 τοῖς
1438 1600 1878 1675 βασιλευομένοις

277 1696 312 1750 ό
338 1692 620 1766 βασιλικὸν
657 1692 882 1762 ἀξίωμα
920 1690 1335 1762 περικείμενος

975 1892 1179 1942 AAAO.

352 2009 455 2074 Εἰς
479 2003 720 2078 Χριστὸν
750 2002 1039 2073 ἀναφέρων
1086 2002 1115 2054 ό
1163 2002 1432 2073 μακάριος
1478 2000 1692 2065 Παῦλος
1721 2002 1783 2056 τὸ
1819 2006 1878 2057 ὲν

278 2102 461 2173 ὀγδόῳ
489 2096 717 2170 ψαλμῷ,
759 2095 944 2164 λέγει·
987 2113 1006 2147 ι
1040 2094 1104 2148 Τί
1139 2096 1287 2148 ἐστιν
1321 2094 1607 2166 ἅνθρωπος
1653 2095 1736 2149 ὅτι
1785 2113 1871 2166 μι-

284 2192 523 2263 μνήσκῃ
544 2184 787 2255 αὑτοῦ,ἢ
812 2183 920 2247 υἱὸς
944 2181 1236 2254 ἀνθρώπου
1257 2184 1337 2236 ὅτι
1359 2182 1669 2256 ἐπισκέπτῃ
1682 2183 1877 2251 αὑτόν;

298 2281 673 2340 ’Eumene
700 2273 859 2329 αὑτὸν
887 2273 1049 2345 βραχύ
1073 2291 1126 2327 τι
1154 2276 1284 2347 παρ’
1307 2273 1598 2344 ἀγγέλους,
1629 2274 1758 2349 δόξῃ
1786 2276 1881 2329 καὶ

297 2373 453 2443 τιμῇ
492 2367 859 2439 δστσφάνωσας
881 2367 1059 2431 αὑτὸν,
1096 2366 1192 2420 καὶ
1227 2368 1572 2439 κατέστησας
1598 2367 1761 2424 αὑτὸν
1789 2370 1882 2422 ἐπὶ

307 2464 385 2518 τὰ
410 2462 557 2536 ἔργα
580 2459 687 2515 τῶν
706 2457 895 2532 χειρῶν
926 2476 1040 2513 σου.
1076 2458 1262 2512 Πάντα
1324 2455 1602 2528 ὑπέταξας
1625 2459 1882 2516 ὑποκάτω

301 2556 419 2609 τῶν
446 2553 623 2609 ποδῶν
646 2550 858 2607 αὑτοῦ.»
893 2548 1026 2605 Εἶτα
1051 2551 1261 2616 τούτοις
1294 2552 1579 2606 συνάπτει·
1616 2570 1635 2604 ι
1656 2553 1746 2607 Ἐν
1775 2552 1882 2623 γὰρ

291 2648 373 2721 τῷ
400 2647 670 2715 ὑποτάξαι
694 2643 845 2718 αὐτῷ
864 2644 936 2700 τὰ
966 2647 1164 2711 πάντα,
1196 2645 1348 2699 οὐδὲν
1373 2644 1587 2716 ἀφῆκεν
1609 2643 1759 2715 αὑτῷ
1788 2646 1883 2698 ἁν-

288 2740 623 2796 υπότακτον.
654 2735 812 2811 n'Ap·
849 2732 945 2793 οὗν
982 2738 1102 2808 οὑχὶ
1134 2737 1358 2808 βασιλέα
1406 2738 1502 2791 καὶ
1528 2735 1757 2809 Κύριον,
1789 2738 1884 2790 καὶ

282 2832 387 2906 τὴν
415 2830 703 2906 Θεοπρεπῆ
728 2829 1077 2903 περικεῖσθαι
1103 2829 1263 2897 δόξαν
1288 2828 1727 2902 ὁμολογήσαιμεν
1745 2820 1789 2894 ᾧ
1816 2827 1886 2881 τὰ

282 2925 474 2981 πάντα
504 2923 905 2991 ὑποτέτακται;
943 2922 1070 2986 Πῶς
1115 2919 1209 2977 οὗν
1243 2923 1303 2975 οὑ
1334 2921 1509 2988 Θεός;
1556 2920 1681 2984 Πῶς
1729 2920 1786 2975 δὲ
1827 2920 1886 2973 ὲν

284 3021 401 3087 τοῖς
430 3019 609 3075 πᾶσιν
635 3019 667 3073 ὁ
692 3017 835 3091 ὑπὲρ
849 3018 1052 3083 πάντα,
1084 3017 1182 3072 καὶ
1218 3014 1476 3070 τοσοῦτον
1502 3013 1612 3070 τῶν
1641 3012 1885 3085 γενητῶν

1972 517 2136 580 bitur,
2170 518 2261 586 qui
2290 515 2410 572 Filii
2440 527 2706 589 praecepta
2740 528 3110 590 transgressus
3140 518 3323 589 suerit,
3344 535 3549 593 quantu

1971 605 2142 676 gloria
2178 606 2301 661 Filii
2329 618 2414 663 est
2475 609 2830 666 excellentior
2876 608 3045 679 gloria
3099 611 3452 682 angelorum?
3481 616 3550 670 At

1972 710 2100 752 vero
2129 697 2174 753 si
2208 697 2488 756 amborum
2513 700 2749 756 conditio
2776 701 3104 772 exploranda
3150 710 3258 769 est,
3327 705 3383 760 1ιί
3429 707 3551 777 qui-

1973 789 2093 843 dem
2115 790 2529 846 circumstantes
2554 791 2829 848 celebrant
2855 792 3128 858 laudibus,
3154 803 3210 850 et
3238 795 3552 851 ministran-

1976 886 2056 933 tes
2100 880 2323 949 spiritus
2363 890 2510 945 sunt,
2539 882 2629 950 qui
2657 882 2725 936 ad
2755 881 3050 937 ministeria
3081 883 3432 952 ablegantur:
3460 883 3521 941 Fi

1975 969 2078 1025 lius
2099 979 2276 1025 autem
2322 970 2659 1040 glorificatur
2704 986 2827 1026 cum
2882 971 3042 1028 Patre
3079 974 3133 1027 in
3194 975 3385 1031 eodem
3424 992 3547 1032 cum

1976 1060 2091 1129 ipso
2123 1061 2314 1116 tltrouo
2347 1063 2542 1117 sedens
2564 1072 2619 1116 et
2648 1077 2900 1133 regnans,
2928 1063 3137 1134 angelis
3164 1066 3213 1120 ei
3245 1066 3547 1124 inservien-

1977 1152 2143 1219 tibus,
2177 1152 2329 1219 juxta
2356 1152 2485 1208 illud
2522 1155 2574 1209 in
2611 1154 2922 1225 Evangeliis
2950 1157 3262 1224 scriptum:
3308 1175 3328 1209 ι
3367 1159 3435 1214 Et
3462 1175 3552 1214 ec-
3619 1165 3628 1175 ‘

1978 1256 2042 1296 ce
2073 1242 2248 1312 angeli
2278 1243 2590 1309 veniebant,
2628 1254 2684 1298 et
2730 1243 3109 1300 ministrabant
3145 1245 3196 1299 ci
3242 1245 3321 1313 ⁸⁸;
3359 1267 3378 1299 ι
3420 1263 3553 1318 quo-

1979 1327 2139 1383 modo
2168 1327 2330 1399 igitur
2352 1326 2446 1397 qui
2475 1335 2626 1383 tanto
2651 1327 2938 1385 intervallo
2958 1337 3201 1399 superat,
3261 1339 3336 1385 ut·
3354 1330 3554 1401 Unige-

1980 1419 2145 1482 nitus‚
2167 1418 2231 1472 iis
2249 1417 2341 1487 qui
2376 1422 2527 1471 tanto
2551 1416 2839 1473 inferiores
2867 1426 3014 1483 sunt,
3048 1416 3390 1474 ascribetur?
3442 1419 3554 1472 Ant

1979 1508 2248 1576 quomodo
2279 1508 2323 1563 is
2373 1508 2463 1578 qui
2500 1505 2648 1563 Patri
2696 1509 2899 1565 assidet
2951 1510 3399 1564 annumerabitur
3450 1510 3555 1564 cir-

1981 1600 2394 1665 cumstantibus»,
2452 1609 2508 1654 et
2529 1598 2963 1657 ministrantibus
3007 1602 3054 1656 is
3114 1602 3201 1656 cui
3279 1599 3556 1655 ministra·

1986 1696 2090 1752 tur,
2119 1686 2233 1743 'aut
2278 1690 2512 1743 subditis
2569 1689 2615 1744 is
2662 1691 2753 1759 qui
2803 1692 3010 1762 regiam
3070 1692 3386 1762 dignitatem
3416 1691 3559 1747 obti-

1905 1786 1950 1840 Β
1979 1778 2105 1831 net?

2649 1893 2881 1951 ALlUl).

2049 2000 2249 2055 Beatus
2270 2000 2469 2057 Paulus
2490 2006 2555 2058 ad
2577 2002 2852 2061 Christum
2876 2005 3115 2061 reserens
3136 2007 3280 2078 quod
3296 2007 3349 2061 in
3365 2016 3558 2062 octavo

1983 2091 2189 2162 psalmo
2214 2093 2662 2158 scribitur,dicit:
2685 2115 2704 2147 ι
2729 2095 2867 2163 Quid
2889 2104 2972 2152 est
2990 2097 3152 2152 homo
3180 2097 3323 2169 quod
3353 2113 3560 2154 memor

1982 2183 2057 2237 sis
2083 2183 2221 2252 ejus,
2254 2182 2796 2244 autFiliusbominis
2839 2188 3093 2257 quoniam
3163 2188 3348 2260 visit-as
3397 2190 3562 2243 eum?

1983 2269 2224 2328 Minuisti
2263 2287 2387 2328 eum
2415 2274 2574 2345 paulo
2600 2274 2780 2330 minus
2818 2275 2887 2330 ab
2913 2275 3141 2345 angelis,
3176 2277 3346 2347 gloria
3374 2287 3427 2332 et
3457 2278 3560 2334 Ιιο·

1985 2379 2116 2421 nore
2142 2357 2415 2422 coronasti
2442 2381 2587 2431 eum,
2624 2376 2680 2423 ct
2707 2367 3039 2424 constituisti
3060 2384 3182 2424 eum
3206 2384 3369 2440 super
3392 2385 3557 2441 opera

1984 2472 2242 2512 manuum
2285 2467 2520 2524 tuarum.
2568 2459 2761 2515 Omnia
2821 2459 3101 2530 subiecisti
3176 2462 3276 2517 sub
3330 2463 3584 2535 pedibus„

1985 2548 2133 2618 ejits;
2165 2566 2184 2600 ι
2225 2547 2420 2605 deinde
2440 2549 2623 2605 statim
2650 2549 2923 2622 subjungit
2949 2567 2963 2604 ε
3003 2570 3023 2604 ι
3050 2550 3186 2608 Cum
3212 2554 3353 2608 enim
3382 2555 3561 2609 onmia

1985 2639 2034 2693 ei
2072 2639 2383 2710 subjecerit,
2419 2640 2552 2694 nibil
2583 2639 2802 2710 reliquit
2842 2658 2947 2698 non
2994 2642 3294 2711 subjectum
3334 2647 3383 2702 ci
3414 2647 3481 2704 ⁸⁸.
3536 2669 3555 2700 ι

1987 2727 2356 2799 Nonneigitur
2384 2738 2577 2784 natura
2605 2747 2699 2787 rex
2722 2741 2777 2787 ct
2799 2733 3059 2791 Dominus
3091 2734 3251 2810 29],
3295 2747 3350 2794 et
3379 2739 3560 2795 divina

1988 2819 2155 2891 gloria
2177 2820 2430 2888 proeditus
2471 2822 2777 2877 censebitur
2828 2822 2876 2878 is
2939 2824 3025 2879 cui
3080 2828 3264 2883 onmia
3326 2829 3563 2899 subjecta

1988 2908 2156 2964 sunt?
2182 2907 2464 2975 Quomodo
2498 2909 2782 2982 igiturnon
2810 2913 2918 2967 erit
2941 2910 3126 2969 Deus?
3157 2915 3265 2971 Aut
3291 2918 3565 2986 quomodo

1991 2999 2129 3056 inter
2155 3001 2336 3055 omnia
2357 3012 2462 3067 est,
2498 3002 2591 3072 qui
2611 3005 2974 3074 superomnia
3014 3015 3117 3073 est,
3158 3009 3360 3080 quique
3421 3018 3566 3064 tantu

282 3114 391 3187 τὴν
416 3112 593 3185 φύσιν
613 3110 1034 3184 ὑπερκείμενος,
1062 3108 1138 3174 ὡς
1161 3108 1232 3162 τὰ
1261 3108 1358 3180 μὲν
1388 3107 1770 3179 ὑποτετάχθαι,
1793 3105 1888 3160 καὶ
1917 3130 1959 3187 C
1994 3101 2271 3147 creaturas
2292 3107 2482 3149 onmes
2517 3105 2756 3164 superat,
2813 3106 2871 3152 ut
2924 3097 3007 3152 liae
3053 3099 3268 3166 quidem
3312 3099 3567 3169 subjectae

284 3206 367 3280 τῷ
410 3206 523 3278 τῆς
554 3203 803 3268 δουλείας
837 3200 1117 3273 ἐνέχεσθαι
1168 3200 1342 3272 ζυγῷ,
1375 3202 1466 3254 τὸν
1517 3201 1575 3254 δὲ
1615 3196 1682 3256 αὗ
1721 3199 1884 3254 πάλιν
1993 3184 2124 3251 sint,
2158 3194 2215 3241 et
2242 3183 2672 3255 servitutisjugo
2728 3188 3001 3256 obnoxiae,
3060 3189 3174 3259 ipse
3230 3205 3359 3246 vero
3400 3192 3565 3248 libera

292 3295 647 3375 περικεῖσθαι
671 3294 773 3367 μὲν
792 3293 893 3365 τῆς
917 3292 1237 3365 κυριότητος
1254 3291 1319 3344 τὸ
1341 3287 1624 3361 ἐλεύθερον
1645 3290 1884 3360 ἀξίωμα,

304 3390 475 3471 *μ
521 3388 585 3445 ek
630 3387 778 3460 ἔχειν
823 3385 933 3443 ὑπὸ
958 3385 1099 3451 τοὺς.
1128 3382 1331 3448 πόδας;
1362 3382 1438 3445 ὠς
1469 3382 1564 3436 καὶ
1589 3381 1752 3445 αὑτός
1783 3384 1886 3435 πού

314 3470 535 3555 m&
558 3478 687 3545 ἕνδς
714 3476 1020 3548 Mimo
1050 3473 1346 3548 προφητῶν
1366 3491 1380 3505 ·
1416 3491 1435 3524 ι
1458 3474 1519 3528 Ὀ
1546 3471 1774 3544 οὐρανός
1798 3488 1888 3543 μοι

314 3568 507 3643 θρόνος,
540 3565 577 3639 ἡ
606 3569 666 3623 δὲ
694 3569 770 3641 γῆ
809 3567 1097 3623 ὑποπόδιον
1126 3564 1233 3617 τῶν
1265 3561 1442 3617 ποδῶν
1478 3578 1601 3629 μου.
1634 3579 1653 3612 ι

999 3679 1203 3732 ΑΛΛΟ.

374 3794 605 3861 σ’θθεν,
637 3792 854 3863 ἀδελφοὶ
900 3793 1065 3862 ἅγιοι,
1100 3790 1347 3861 κλήσεως
1386 3787 1716 3859 ἐπουρανίου
1764 3785 1891 3858 μέτ-

296 3905 441 3963 οχοι,
470 3886 851 3958 κατανοήσατε
896 3884 988 3938 τὸν
1030 3882 1325 3937 ἀπόστολον
1363 3881 1458 3934 καὶ
1492 3877 1755 3952 ἀρχιερέα
1793 3876 1895 3946 τῆς

296 3978 602 4052 ὁμολογίας
633 3976 787 4048 ὑμῶν
825 3972 1053 4047 Ἰησοῦν,
1084 3974 1269 4027 πιστδν
1301 3972 1430 4025 όντα
1480 3971 1561 4043 τῷ
1609 3971 1895 4041 ποιήσαντι

304 4072 495 4138 αὑτὸν,
522 4070 606 4134 ὡς
626 4070 723 4123 καὶ
745 4067 950 4138 Μωσῆς
967 4067 1025 4120 ἐν
1046 4065 1152 4136 ὅλῳ
1171 4064 1249 4136 τῷ
1276 4064 1409 4131 οἴκῳ
1443 4062 1627 4119 αὑτοῦ.
1646 4060 1897 4122 Πλείονος

308 4165 426 4239 γὰρ
470 4159 632 4227 οὗτος
689 4160 846 4230 δόξης
897 4159 1050 4228 παρὰ
1099 4156 1306 4226 Μωσῆν
1356 4155 1581 4225 ἠξίωται
1605 4194 1618 4217 ,
1669 4151 1898 4206 καθόσον

314 4260 541 4315 πλείονα
572 4255 739 4327 τιμὴν
768 4254 883 4324 ἔχει
916 4250 1012 4305 τοῦ
1037 4249 1189 4304 οἴκου
1221 4251 1249 4302 ό
1277 4248 1696 4309 κατασκευάσας
1716 4243 1897 4298 αὑτόν.

315 4352 433 4415 Πᾶς
455 4352 571 4421 γὰρ
591 4342 741 4409 οἶκος
774 4340 1240 4404 κατασκευάζεται
1271 4338 1375 4391 ὑπό
1402 4354 1546 4400 τινος
1561 4353 1576 4367 ·
1601 4336 1628 4386 ὁ
1648 4335 1703 4389 δὲ
1726 4335 1901 4388 πάντα

316 4440 743 4501 κατασκευάσας
762 4478 776 4500 ,
800 4435 953 4498 Θεός.
986 4452 1006 4486 ι
1033 4431 1150 4487 Οὑκ
1178 4431 1237 4484 ἐν
1269 4431 1371 4500 leq>
1400 4428 1584 4500 μέτρῳ
1620 4426 1712 4479 τὸν
1742 4441 1900 4496 ποιη-

1988 3272 2372 3329 dominationis
2404 3272 2668 3343 dignitate
2689 3276 2951 3344 praeditus
2982 3276 3074 3339 sit,
3120 3280 3410 3347 omniaque
3468 3283 3568 3338 sub

1990 3365 2213 3432 pedibus
2243 3364 2472 3421 babeat?
2504 3373 2563 3420 ιιι
2606 3366 2834 3435 ipsemet
2894 3367 3091 3424 alicubi
3146 3383 3241 3437 per
3282 3373 3564 3440 quemdam

1990 3458 2305 3527 prophetam
2338 3457 2453 3511 ait:
2493 3476 2511 3510 ι
2549 3457 2759 3512 Coelum
2790 3459 2920 3513 mibi
2947 3459 3125 3527 sedes,
3144 3468 3288 3517 terra
3302 3477 3428 3518 vero
3448 3478 3569 3519 sca-

1991 3544 2188 3602 bellum
2225 3546 2418 3616 pedum
2456 3560 2697 3601 meorum
2728 3545 2793 3600 ⁸².
2833 3565 2854 3599 ι

2662 3653 2894 3711 Amul).

2072 3785 2090 3819 ι
2122 3766 2295 3835 Unde,
2349 3766 2551 3823 fratres
2590 3768 2789 3837 sancti,
2821 3770 3123 3827 vocationis
3165 3771 3408 3828 coelcstis
3446 3787 3570 3843 par-

1999 3860 2205 3928 ticipes,
2245 3858 2586 3915 considerate
2631 3861 2933 3930 apostolum
2987 3871 3041 3918 et
3105 3863 3412 3934 pontillcem
3441 3879 3573 3920 con·

2000 3951 2249 4008 lessionis
2278 3959 2478 4006 nostrae
2503 3950 2713 4016 «lesum,
2741 3953 2833 4022 qui
2865 3953 3036 4010 (idelis
3057 3965 3142 4011 est
3184 3955 3234 4010 ei
3278 3957 3369 4026 qui
3445 3954 3574 4013 l'ecit

1999 4046 2197 4116 ipsum,
2221 4043 2361 4100 sicut
2392 4053 2448 4098 et
2502 4043 2679 4099 Moses
2727 4044 2784 4099 in
2828 4045 2974 4100 omni
2995 4046 3152 4102 domo
3210 4049 3349 4118 eJus.
3377 4046 3574 4119 Maiore

2001 4137 2144 4192 enim
2178 4134 2347 4206 gloria
2370 4134 2458 4190 hic
2482 4150 2645 4206 quam
2683 4134 2859 4192 Moses
2887 4136 3079 4207 dignus
3108 4137 3326 4194 babitus
3349 4151 3451 4192 est.
3487 4138 3575 4194 Si·

2001 4227 2217 4297 quidem
2250 4223 2371 4296 plus
2417 4225 2637 4281 lionoris
2679 4226 2906 4282 debetur
2957 4227 3007 4282 ei
3054 4227 3149 4298 qui
3209 4226 3428 4283 domum
3478 4244 3575 4284 ex·

2004 4318 2226 4387 struxit,
2250 4332 2414 4388 quam
2439 4316 2646 4372 domui.
2682 4316 2872 4375 Omnis
2902 4320 3044 4375 cuim
3080 4321 3272 4376 domus
3301 4321 3370 4376 ab
3396 4320 3577 4392 aliquo

2004 4409 2302 4466 aedillcatur
2320 4428 2334 4464 ι
2350 4408 2490 4465 Deus
2506 4423 2634 4465 vero
2650 4411 2841 4480 estqui
2864 4412 3044 4466 omnia
3064 4411 3302 4466 condidit
3320 4410 3387 4465 ⁸⁸.
3400 4428 3419 4463 ›
3444 4413 3576 4468 Cum

318 4535 483 4589 θέντα,
505 4531 588 4603 τῷ
609 4528 932 4598 πεποιηκότι
952 4525 1215 4596 τιμᾶσθαι
1238 4522 1349 4576 δεῖν
1371 4520 1722 4585 ἐκδιδάσκων,
1739 4517 1897 4587 δῆλος
1930 4493 1978 4552 D
2004 4519 2110 4559 non
2131 4500 2392 4571 oeqttaletn
2415 4501 2673 4556 bonorem
2706 4500 2904 4556 deserti
2951 4501 3150 4557 debere
3196 4501 3386 4556 statuit
3429 4503 3578 4570 operi

317 4626 383 4683 lv
425 4626 515 4697 :tq
550 4619 820 4696 δήπουθεν
851 4620 951 4672 οὑκ
987 4616 1295 4687 ἐπιτρέπων
1339 4615 1397 4666 ὲν
1426 4612 1692 4682 ποιήμασι
1733 4625 1901 4663 κατα·

318 4714 613 4774 τάττεσθαι
635 4712 727 4766 τὸν
763 4709 890 4764 Υἰόν
909 4724 922 4739 ·
957 4730 974 4761 ι
1004 4707 1233 4761 Πλείονα
1261 4703 1392 4775 γὰρ,
1421 4704 1574 4772 φησὶ,
1604 4700 1768 4772 τιμὴν
1790 4698 1903 4770 ἔχει

316 4810 413 4864 τοῦ
444 4809 600 4863 οἴκου
632 4807 662 4859 ό
689 4799 1104 4863 κατασκευάσας
1135 4797 1314 4850 αὑτόν.
1345 4814 1364 4847 ι
1394 4794 1505 4847 Καὶ
1535 4793 1617 4854 τίς
1644 4794 1672 4845 ό
1695 4791 1814 4845 τότε
1844 4790 1907 4844 τὸ

324 4903 549 4973 σύμπαν
576 4897 998 4968 τεχνησάμενος,
1032 4890 1235 4959 λεγέτω
1270 4888 1431 4943 πάλιν
1466 4884 1627 4948 αὑτὸς
1659 4883 1902 4955 περὶτοῦ

326 4992 476 5060 Υἱοῦ,
498 4992 585 5047 ὅτι
611 5008 631 5042 ι
653 4990 730 5044 Δι’
748 4985 913 5044 αὑτοῦ
939 4983 1160 5052 ἐκτίσθη
1176 4981 1245 5035 τὰ
1263 4980 1459 5052 ὁρατὰ,
1478 4979 1573 5032 καὶ
1591 4976 1659 5030 τὰ
1676 4977 1902 5048 ἀόρατα,

324 5085 432 5139 εἴτε
462 5082 682 5156 Θρόνοι,
722 5080 830 5133 εἴτε
867 5076 1079 5149 Ἀρχαὶ,
1109 5074 1218 5126 εἴτε
1251 5069 1609 5141 Κυριότητες,
1633 5067 1700 5120 τὰ
1729 5065 1905 5120 πάντα

324 5180 382 5231 ἰν
424 5175 577 5248 αὑτῷ
608 5172 706 5230 καὶ
740 5172 807 5226 δι’
835 5168 1000 5225 αὑτοῦ
1044 5163 1292 5235 ὲκτίσθη,
1322 5163 1418 5217 καὶ
1451 5159 1613 5222 αὑτός
1653 5161 1770 5211 ἐστι
1800 5158 1909 5230 πρὸ

328 5271 565 5326 πάντων.
599 5288 618 5321 ι
649 5266 776 5330 Πῶς
803 5258 896 5319 οὗν
924 5263 982 5316 ὲν
1011 5261 1311 5331 ποιήμασιν
1350 5258 1379 5309 ό
1418 5252 1682 5324 ποιητής;
1714 5250 1823 5305 Καὶ
1857 5250 1907 5302 εί

328 5365 387 5415 ἐν
424 5363 537 5425 τοῖς
587 5357 724 5411 πᾶσι
765 5354 858 5408 καὶ
902 5350 1062 5413 αὐτὸς
1093 5349 1123 5400 ὁ
1158 5345 1346 5418 χρόνος
1392 5344 1564 5408 ἐστὶν,
1596 5341 1673 5405 ὡς
1705 5339 1762 5392 ἓν
1799 5338 1910 5393 τῶν

330 5453 571 5518 πάντων,
603 5448 720 5504 ἔστι
744 5445 801 5499 δὲ
824 5443 930 5515 πρὸ
954 5442 1169 5495 πάντων
1203 5435 1385 5501 αὑτὸς,
1400 5433 1560 5504 δῆλον
1587 5432 1669 5486 ὃτι
1702 5427 1909 5485 καὶτοῦ

334 5544 527 5617 χρόνου
562 5537 935 5611 πρεσόύτερος
972 5535 1002 5586 ό
1032 5531 1178 5594 Υἱός.
1223 5548 1242 5582 ι
1271 5526 1348 5580 Δι’
1376 5524 1541 5580 αὑτοῦ
1589 5523 1719 5594 γὰρ,
1755 5521 1909 5592 φησι,

2004 4603 2166 4662 atque
2185 4588 2386 4658 opilici,
2416 4589 2703 4647 manifeste
2732 4603 2798 4645 en
2823 4590 2940 4659 ipso
2970 4590 3306 4645 demonstrat
3357 4591 3498 4648 nolle
3523 4607 3583 4647 se

2006 4694 2065 4741 ut
2081 4684 2248 4739 Filius
2272 4684 2413 4739 inter
2442 4693 2624 4738 creata
2657 4690 2995 4737 numeretur:
3025 4699 3048 4735 ι
3095 4680 3356 4751 Maiorem
3414 4684 3584 4751 euim,

2008 4777 2206 4846 inquit,
2236 4775 2400 4831 habet
2425 4775 2687 4831 honorem
2721 4788 2885 4845 quam
2931 4773 3144 4839 domus,
3183 4773 3275 4844 qui
3312 4787 3433 4830 eam
3456 4774 3590 4829 aedi·

2013 4873 2218 4928 licavit.
2263 4890 2283 4924 ι
2320 4871 2452 4940 Quis
2491 4880 2669 4926 autem
2728 4880 2853 4925 tunc
2885 4871 3066 4925 omnia
3105 4867 3411 4926 condiderit
3476 4867 3589 4936 ipse

2014 4983 2230 5024 rursum
2250 4965 2447 5022 Paulus
2466 4967 2531 5020 de
2553 4963 2689 5019 Filio
2710 4962 2783 5018 ita
2804 4962 3030 5033 loquens
3050 4965 3195 5020 dicat
3217 4979 3263 5018 ιι
3285 4960 3392 5017 Per
3410 4961 3584 5031 ipsum

2011 5060 2155 5116 enim
2191 5071 2371 5115 creata
2402 5065 2528 5113 sum
2551 5054 2753 5119 onmia,
2783 5055 2897 5112 sive
2914 5055 3303 5123 visibilia,sive
3343 5051 3587 5108 invisibi-

2014 5149 2241 5217 lia,sive
2271 5146 2636 5217 principatus,
2676 5147 2790 5203 sive
2839 5132 3266 5209 ὺοιιιίιιιιιίοιιοε,
3302 5142 3487 5200 omnia
3534 5140 3587 5193 iu

2015 5243 2134 5312 ipso
2178 5250 2231 5297 et
2258 5241 2547 5310 peripsum
2580 5247 2761 5294 creata
2791 5245 2939 5305 sunt,
2970 5243 3024 5293 et
3055 5236 3169 5306 ipse
3204 5242 3434 5291 estante
3465 5246 3586 5287 om-

2017 5337 2103 5389 nia
2121 5332 2188 5391 ⁸⁸.
2224 5349 2242 5383 ι
2278 5328 2558 5399 Quomodo
2579 5328 2747 5400 igitur
2772 5328 3004 5385 Creator
3027 5324 3294 5382 creaturis
3321 5337 3588 5380 annume-

2017 5424 2258 5483 rabitur?
2302 5421 2371 5478 Et
2401 5422 2448 5478 si
2476 5435 2704 5477 numero
2736 5420 2974 5477 omnium
3000 5427 3211 5488 tempus
3238 5414 3404 5471 etiam
3436 5428 3586 5471 tom·

2017 5515 2393 5590 prehenditur,
2445 5521 2631 5584 utpote
2680 5525 2845 5568 unum
2875 5523 2944 5566 ex
2977 5507 3253 5576 omnibus,
3301 5507 3415 5578 ipse
3468 5518 3594 5559 vero

404 5705 448 5736 ⁸¹
488 5700 681 5757 Manli.
726 5712 798 5764 iv,
826 5695 910 5751 tl.
989 5694 1032 5726 ⁸⁸
1061 5690 1224 5747 llebr.
1265 5705 1326 5757 n,
1355 5688 1470 5744 es.
1553 5685 1598 5718 ⁸⁸
1637 5682 1737 5741 lsa.
1775 5692 1921 5745 cxvi,
1956 5677 2003 5734 l.
2081 5675 2126 5709 ⁸⁸
2157 5673 2323 5732 llebr.
2353 5686 2437 5744 ιιι,
2468 5670 2577 5727 14.
2654 5667 2701 5701 ⁸⁸
2732 5663 2939 5725 Coloss.
2969 5681 3008 5730 1,
3039 5662 3126 5720 ιθ.
