3809 6125
274 251 410 313 1121

1300 260 1384 317 DE
1426 261 1523 317 SS.
1567 260 1947 319 'rutNtTATE
1986 264 2332 323 ntltnocus
2376 264 2487 322 Vll.

3397 266 3532 323 ¹122

270 371 442 437 uasta,
476 368 611 425 ἀλλὰ
647 370 748 426 ὅσα
779 370 1035 440 ἀκούσει,
1086 372 1329 445 λαλήσει.
1383 396 1401 429 ι
1451 378 1663 448 Ὥσπερ
1691 373 1785 435 οῦν
1811 381 1840 433 ὁ
1867 394 1919 450 A
1942 381 1988 437 si
2016 383 2146 451 quid
2169 381 2314 439 forte
2340 382 2542 439 sanctis
2565 382 2815 437 insonare
2839 380 2985 449 velit,
3012 396 3191 440 sermo
3221 384 3291 440 sit
3310 384 3525 442 Christi.

269 461 419 526 Υίδς,
446 460 731 532 όμοοῦσιος
761 464 1022 535 ὑπάρχων
1048 464 1125 536 τῷ
1153 466 1272 537 Θεῷ
1323 468 1418 522 καὶ
1443 469 1640 540 nupt,
1675 470 1848 540 Λόγος

267 570 328 607 τε
357 551 434 606 ὢν
460 551 649 617 αὐτοῦ,
688 553 758 606 τὰ
786 553 952 608 αὐτοῦ
982 554 1167 610 λαλεῖ·
1205 576 1225 610 ι
1262 559 1359 611 Ὃν
1390 558 1499 629 γὰρ
1527 559 1848 613 ἀπέστειλεν

265 645 297 700 ό
316 645 470 710 Θεὸς,
498 644 568 698 τά
594 645 815 717 ῥήματα
845 645 940 699 τοῦ
965 644 1103 702 Θεοῦ
1133 648 1302 714 λαλεῖ,
1336 668 1355 703 ι
1389 649 1528 703 κατὰ
1546 649 1646 721 τὴν
1667 652 1848 705 Ἰωάν-

266 753 358 791 νου
387 735 593 808 φωνὴν,
619 737 739 790 ἐπεὶ
766 737 841 808 μὴ
865 738 1052 809 ἕτερον
1078 740 1231 812 παρά
1256 756 1320 808 γε
1338 741 1399 795 τὸ
1424 743 1483 795 ὲν
1507 741 1585 813 τῷ
1615 740 1735 814 Θεῷ
1753 742 1847 796 καὶ

266 830 447 900 Πατρὶ
492 828 556 883 τὸ
612 829 824 902 θέλημα
854 832 948 885 τοῦ
979 830 1145 886 Υἰοῦ·
1199 833 1340 888 κατὰ
1384 833 1477 886 τὸν
1503 834 1639 898 ἴσον,
1669 829 1842 905 οἶμαι,

265 919 467 991 τρόπον
480 935 543 973 τε
568 918 665 973 καὶ
691 920 871 990 λόγον,
894 921 989 976 καὶ
1026 921 1090 976 τὸ
1120 922 1348 995 Πνεῦμα
1360 923 1424 978 τὸ
1441 923 1598 994 ἅγιον
1624 924 1692 978 τά
1712 926 1848 996 Χρι-

266 1010 394 1067 στοῦ
429 1010 597 1079 λαλεῖ,
628 1011 854 1084 Πνεῦμα
879 1013 1124 1086 ὑπάρχον
1145 1014 1335 1081 αὐτοῦ,
1358 1015 1455 1069 καὶ
1477 1017 1546 1087 τῇ
1579 1013 1714 1086 πρὸς
1736 1017 1845 1069 πᾶν

265 1102 444 1161 ὁτιοῦν
492 1103 783 1176 ταυτότητι
835 1109 1062 1178 φυσικῇ,
1111 1105 1210 1178 τὴν
1243 1104 1410 1162 αὐτοῦ
1442 1105 1601 1171 δόξαν
1654 1123 1713 1160 τε
1750 1108 1846 1160 καὶ

264 1195 626 1251 ταυτοέπειαν
655 1195 798 1266 ἔχον.
830 1196 1023 1267 ’Ἀγιον
1059 1198 1240 1252 τοίνυν
1266 1198 1350 1253 ,οὐ
1392 1197 1688 1269 μεθεκτῶς,
1724 1197 1844 1250 οὐδὲ

265 1290 333 1361 τῇ
362 1286 562 1352 ἔξωθεν
597 1288 778 1359 σχέσει
804 1291 870 1360 τῇ
905 1288 1043 1361 πρὸς
1071 1289 1163 1343 τὸν
1187 1288 1351 1354 Υίὸν,
1384 1288 1526 1346 ἀλλὰ
1556 1287 1716 1358 φύσει
1749 1287 1846 1343 καὶ

267 1377 515 1451 ἀληθείᾳ,
533 1378 594 1432 τὸ
611 1379 834 1452 Πνεῦμα
862 1378 1049 1433 αὐτοῦ.
1079 1379 1186 1435 Καὶ
1208 1378 1398 1453 ὥσπερ
1421 1378 1571 1433 ἐστὶν
1596 1379 1844 1449 ἀπόπλη-

267 1469 397 1525 κτόν
428 1486 489 1522 τε
510 1469 607 1523 καὶ
629 1469 860 1540 ἀμαθὲς,
891 1469 1180 1543 ἄνθρωπον
1232 1469 1331 1542 μὲν
1357 1468 1721 1541 ὀνομάζεσθαι
1752 1470 1845 1523 τὸν

265 1561 552 1634 ἄνθρωπον
570 1561 804 1633 ἀληθῶς,
845 1561 1085 1617 νοεῖσθαί
1118 1579 1183 1632 γε
1216 1564 1325 1633 μὴν
1354 1562 1510 1634 παρὰ
1538 1561 1701 1616 τοῦτο
1727 1561 1845 1616 ἓτε-

271 1668 363 1723 ρον
380 1665 396 1680 ·
431 1650 575 1706 οὕτω
597 1651 802 1724 ἠλίθιον
825 1653 1045 1725 κομιδῇ,
1084 1652 1309 1724 Πνεῦμα
1345 1653 1444 1724 μὲν
1464 1651 1620 1722 ἅγιον
1647 1653 1845 1724 ὀνομά-

1955 492 1975 526 ι
1999 471 2115 529 Non
2146 475 2312 540 enim,
2345 474 2540 543 inquit,
2571 474 2820 542 loquetur
2847 488 2875 527 a
2905 475 3195 545 semetipso
3215 476 3529 546 quidquam,

1947 564 2042 618 sed
2070 578 2406 634 quaecuuque
2436 563 2617 618 audiet
2636 563 2888 632 loquetur
2915 564 2979 619 ⁸⁸.
3013 582 3032 615 ο
3067 564 3531 630 Quemadmodum

1948 668 2077 720 ergo
2110 653 2279 708 Filius
2302 653 2492 725 658,
2528 654 2635 709 Deo
2663 666 2714 709 et
2743 653 2890 710 Patri
2924 669 3044 709 cum
3072 655 3142 712 sit
3179 658 3533 712 consubstan-

1951 743 2129 810 tialis,
2159 753 2213 800 et
2252 745 2423 814 ipsius
2454 745 2683 801 Verbum
2708 784 2723 809 ,
2751 759 2870 815 quae
2914 745 3091 816 ipsius
3135 755 3263 801 sunt
3295 747 3534 817 loquitur

1948 835 2155 905 (quem
2205 833 2349 888 enim
2405 834 2552 889 misit
2595 835 2771 901 Deus,
2803 836 2964 891 verba
3026 834 3118 891 Dei
3178 836 3446 906 loquitur,
3478 845 3535 890 ut

1946 925 2140 981 scribit
2164 923 2399 981 loannes
2426 924 2495 990 θ’,
2523 925 2958 996 quandoquidem
2987 924 3109 983 Filii
3143 928 3392 983 voluntas
3427 930 3532 983 alia

1947 1026 2053 1069 non
2080 1009 2164 1070 e'st
2196 1029 2225 1068 a
2252 1012 2347 1068 Dei
2379 1028 2446 1069 ac
2472 1013 2648 1069 Patris
2679 1013 2998 1082 voluntate)
3031 1029 3046 1068 τ
3074 1018 3261 1071 eodem
3282 1056 3299 1083 ,
3321 1017 3531 1086 opinor,

1947 1106 2108 1160 modo
2161 1118 2227 1159 ac
2278 1105 2487 1160 ratione
2536 1116 2757 1161 sanctus
2816 1121 3030 1176 quoquc
3074 1107 3308 1176 Spiritus
3369 1108 3530 1163 verba

1945 1196 2147 1252 Christi
2181 1197 2437 1265 loquitur,
2464 1211 2590 1251 cum
2617 1197 2689 1251 sit
2714 1195 2949 1265 Spiritus
2975 1194 3111 1265 ejuS,
3137 1205 3194 1252 et
3219 1197 3532 1252 omnimoda

1948 1288 2228 1344 identitate
2261 1286 2489 1343 naturali
2524 1285 2639 1356 ejus
2669 1287 2893 1358 gloriam
2922 1297 2976 1342 et
3010 1287 3262 1343 eumdem
3310 1289 3534 1344 omnino

1945 1391 2249 1435 sermonem
2326 1378 2541 1433 habeat.
2604 1376 2835 1432 Sanctus
2892 1378 3056 1449 igitur
3105 1387 3221 1446 est,
3281 1393 3387 1434 non
3437 1394 3533 1449 per

1945 1470 2437 1542 participationem,
2470 1483 2643 1539 neque
2674 1478 2898 1524 externa
2926 1470 3183 1526 relatione
3212 1473 3280 1526 ad
3312 1469 3526 1534 Filium,

1944 1563 2041 1618 sed
2073 1569 2264 1617 natura
2290 1568 2344 1615 et
2368 1560 2618 1626 veritate,
2648 1558 2880 1629 Spiritus
2908 1561 3042 1630 ejus.
3070 1562 3138 1617 Et
3180 1562 3532 1631 quemadmo-

1946 1654 2072 1710 dum
2114 1653 2389 1723 stupidum
2415 1663 2470 1708 et
2515 1651 2777 1709 insulsum
2826 1660 2909 1708 est
2939 1653 3212 1709 hominem
3274 1653 3532 1723 appellari

267 1744 383 1808 ζειν
407 1742 469 1796 τὸ
490 1742 740 1813 Πνεῦμα,
784 1741 881 1796 τοῦ
912 1760 978 1812 γε
1009 1742 1113 1814 μὴν
1143 1737 1283 1797 εἶναι
1317 1741 1461 1797 κατὰ
1490 1742 1656 1813 φύσιν
1685 1743 1840 1812 ἅγιον
1873 1734 1914 1788 Β
1942 1742 2161 1815 quidem
2196 1756 2380 1797 revera
2412 1741 2684 1796 homiuem
2709 1781 2723 1805 ,
2763 1749 2940 1795 tamen
2984 1739 3130 1797 aliud
3172 1740 3427 1811 quiddam
3464 1740 3533 1796 ab

267 1832 555 1888 ἀποσοδεῖν
581 1833 733 1897 αὐτὸ,
764 1833 857 1886 καὶ
890 1834 969 1896 είς
996 1832 1188 1905 ἑτέραν
1234 1832 1483 1899 ἐκτόπως
1510 1832 1839 1900 καταόιάζε-

269 1924 394 1979 σθαι
421 1925 602 1995 φύσιν.
650 1926 724 1979 Οὐ
754 1925 861 1996 γάρ
888 1923 1048 1994 δόξης
1083 1925 1116 1996 ἢ
1160 1925 1435 1997 ὑπεροχῆς
1462 1928 1844 1998 μτασημανεί

267 2033 390 2070 τινα
428 2016 626 2087 τρόπον
674 2015 910 2087 τοῦνομα
958 2015 1149 2087 αὐτῷ,
1198 2015 1450 2089 καθάπερ
1510 2015 1706 2088 ἀμέλει
1754 2016 1839 2083 τὸ,

280 2107 469 2180 Ἀρχὴ,
510 2108 604 2163 καὶ
653 2107 876 2179 Θρόνος,
927 2107 1022 2161 καὶ
1047 2106 1344 2179 Κυριότης,
1385 2106 1481 2164 ἐπὶ
1525 2107 1635 2162 τῶν
1672 2109 1754 2171 εἰς
1781 2108 1843 2161 τὸ

265 2193 407 2253 εἶναι
452 2198 518 2252 δι’
567 2197 732 2252 αὐτοῦ
780 2196 1308 2269 παρενηνεγμένων·
1343 2196 1497 2254 ἔσται
1544 2198 1602 2253 δὲ
1644 2198 1842 2270 μᾶλλον

263 2291 429 2347 οἱονεὶ
454 2290 554 2362 τῆς
580 2290 868 2354 οὐσιὼδους
907 2290 1191 2361 ποιότητος
1214 2289 1505 2357 δεικτικὸν,
1532 2289 1842 2361 ὡσπερανεὶ

268 2382 364 2437 καὶ
401 2381 480 2451 τῷ
516 2379 692 2452 ΠατρἾ.
727 2380 788 2433 τὸ
835 2380 1046 2450 Πατὴρ,
1092 2379 1188 2432 καὶ
1213 2378 1292 2448 τῷ
1331 2377 1448 2450 Υίῷ
1470 2378 1705 2442 τδΥίός.
1733 2381 1844 2434 Καὶ

266 2470 426 2543 εἰπερ
459 2471 576 2523 ἐστὶ
617 2469 716 2539 τῆς
763 2468 997 2539 ἐσχάτης
1026 2467 1320 2531 ἀσυνεσίας
1348 2468 1581 2539 μήνυσις
1613 2468 1844 2541 ἀκριὸὴς

266 2562 329 2616 τὸ
349 2560 571 2632 Πατέρα
597 2560 695 2630 μὲν
718 2556 1006 2630 ὀνομάζειν
1036 2557 1127 2612 τὸν
1165 2557 1298 2611 Θεὸν
1320 2597 1337 2624 ,
1385 2558 1495 2611 οὐκ·
1516 2554 1656 2614 εἶναι
1683 2559 1738 2612 δὲ
1776 2556 1844 2613 αὖ

268 2648 489 2724 Πατέρα
518 2652 659 2704 νοεῖν
705 2648 888 2714 αὐτὸν,
924 2648 956 2720 ἢ
993 2647 1084 2702 καὶ
1130 2647 1257 2702 Υίὸν
1310 2647 1411 2719 μὲν
1450 2645 1544 2702 τὸν
1567 2647 1716 2713 Υίὸν,
1746 2649 1846 2703 οὐκ

271 2741 410 2799 εἶναι
442 2745 499 2799 δὲ
529 2743 687 2797 τοῦτο
712 2742 912 2812 λέγειν,
942 2741 1060 2805 πῶς
1089 2742 1162 2796 ἃν-
1196 2729 1612 2811 ἀπαλλάξαιμεν
1643 2741 1751 2793 τῶν
1787 2742 1848 2806 ἐξ

269 2836 508 2907 ἀμαθίας
538 2836 898 2908 αἰτιαμάτων,
925 2836 1053 2899 τοὺς
1083 2832 1370 2904 ἁγιότητος
1412 2833 1648 2905 φυσικῆς
1680 2851 1848 2888 κατα-

1945 1836 2062 1906 ipso
2098 1833 2328 1904 intelligi
2364 1849 2377 1887 :
2411 1834 2483 1888 ita
2516 1833 2669 1888 valde
2716 1833 2937 1888 stultum
2973 1843 3079 1900 est,
3110 1831 3369 1903 Spiritum
3414 1834 3532 1904 quir

1945 1926 2063 1981 dem
2112 1933 2356 1981 sanctum
2392 1926 2674 1979 nominare
2719 1923 3009 1995 Spiritum,
3036 1931 3089 1980 et
3132 1934 3311 1980 tamen
3356 1925 3531 1994 ipsum

1944 2029 2131 2071 arcere
2183 2015 2471 2085 quominus
2526 2015 2599 2070 sit
2646 2015 2939 2069 secundum
2998 2024 3245 2069 naturam
3293 2023 3532 2079 sanctuS,

1945 2107 2089 2161 etin
2134 2106 2299 2160 aliam
2354 2104 2533 2176 inepte
2564 2113 2812 2159 naturam
2862 2106 3168 2161 detrudere.
3219 2104 3334 2160 Non
3385 2108 3532 2161 cuim
3584 2081 3603 2100 ⁰

1945 2194 2128 2264 gloriae
2148 2201 2238 2247 aut
2259 2194 2586 2264 praestantiae
2605 2194 2819 2248 modum
2846 2195 3132 2264 quemdam
3150 2194 3317 2266 ipsius
3337 2209 3532 2248 nomeu

1945 2284 2291 2356 significabit,
2321 2285 2775 2355 quemadmodum
2814 2300 3007 2355 nempe
3051 2286 3225 2355 istud,
3256 2285 3534 2357 Principa-

1948 2388 2052 2444 tus,
2083 2377 2354 2445 Thronus,
2381 2389 2436 2433 et
2478 2377 2817 2444 Domiuatio,
2861 2377 2928 2432 de
2963 2378 3031 2434 iis
3056 2393 3175 2448 quat
3217 2394 3313 2449 per
3346 2380 3523 2449 ipsum

1947 2476 2126 2525 creata
2159 2480 2327 2525 suut:
2371 2469 2466 2524 sed
2513 2467 2923 2524 substantialem
2985 2470 3162 2539 potius
3216 2470 3531 2539 qualitatem

1947 2560 2273 2627 declarabit,
2328 2561 2491 2617 veluti
2541 2577 2736 2617 nomen
2794 2560 2944 2629 illud,
2991 2560 3179 2627 Pater,
3229 2560 3434 2627 Patris,
3477 2570 3533 2615 et

1949 2652 2153 2720 Filius,
2207 2652 2353 2708 Filii.
2409 2651 2563 2720 Quod
2622 2655 2667 2709 si
2711 2663 2971 2709 extremae
3024 2652 3268 2708 stultitioe
3317 2662 3527 2708 certum

1952 2753 2330 2814 argumentum
2373 2753 2457 2799 est
2500 2744 2668 2811 illud,
2714 2744 2997 2799 nominare
3025 2744 3258 2814 ¹quidem
3313 2744 3529 2799 Patrem

1952 2836 2154 2900 Deum,
2190 2836 2283 2891 sed
2321 2836 2495 2903 ipsum
2520 2836 2730 2890 Patrem
2770 2849 2892 2891 esse
2934 2849 3040 2890 nou
3076 2834 3375 2907 intelligere
3401 2854 3413 2889 ε
3439 2847 3531 2891 aut

267 2927 578 2998 τολμῶντας
599 2925 950 2998 ἀπογυμνοῦν
970 2925 1030 2979 τὸ
1053 2924 1211 2994 φύσει
1238 2942 1296 2978 τε
1325 2926 1420 2979 καὶ
1445 2922 1664 2995 ἀληθῶς
1692 2923 1848 2991 ἅγιον
1951 2921 2143 2979 Filium
2177 2924 2415 2995 quidem,
2444 2924 2679 2992 Filium,
2709 2925 2853 2982 istud
2884 2936 3063 2979 autem
3097 2941 3202 2980 non
3238 2939 3360 2980 csse
3387 2926 3533 2981 diceae

271 3018 529 3088 Πνεῦμας
571 3017 744 3088 Εἴπερ
774 3014 864 3071 οῦν
889 3017 1044 3086 ἅγιος
1074 3018 1216 3071 κατὰ
1259 3016 1421 3087 φύσιν
1450 3017 1657 3083 seren,
1693 3016 1848 3086 ἅγιον
1954 3028 2013 3070 re
2047 3031 2063 3068 ι
2108 3014 2379 3084 quomodo
2431 3013 2746 3084 ignorantiae
2791 3011 2949 3084 culpa
3005 3010 3354 3067 liberabimus
3410 3027 3528 3073 cos,

270 3110 329 3163 δὲ
356 3109 474 3159 κατ’
502 3105 687 3170 αὐτὸν,
721 3109 816 3159 καὶ
845 3108 908 3159 τὸ
935 3107 998 3169 ἐξ
1023 3106 1188 3159 αὐτοῦ
1220 3125 1280 3159 τε
1304 3109 1400 3162 καὶ
1427 3110 1485 3163 ὲν
1512 3111 1661 3182 αὐτῷ
1692 3109 1847 3164 νοού-
1951 3106 2043 3177 qui
2097 3106 2389 3162 sanctitate
2423 3105 2656 3161 naturali
2712 3103 2944 3175 spoliare
2998 3104 3194 3159 audent
3238 3110 3424 3157 natura
3477 3113 3533 3156 et

277 3211 435 3265 μενον
473 3191 730 3263 Πνεῦμα,
775 3194 860 3257 τίς
912 3194 978 3248 ἂν
1000 3193 1087 3263 εἴη
1120 3193 1306 3247 λοιπὸν
1327 3198 1355 3248 ὁ
1385 3196 1487 3265 τῆς
1532 3200 1852 3270 ἑτερότητος
1952 3211 2080 3253 vere
2104 3205 2351 3254 sanctum
2378 3194 2683 3266 Spiritum?
2714 3195 2769 3249 Si
2797 3208 2928 3263 ergo
2978 3203 3200 3250 sanctus
3231 3192 3527 3248 secundnm

273 3284 495 3355 τρόπος,
520 3283 663 3354 φημὶ
691 3282 748 3336 δὲ
770 3283 868 3354 τῆς
896 3283 1016 3336 κατ’
1045 3281 1264 3348 Οὒσῑανῖ
1299 3283 1368 3337 Ἦ
1407 3280 1525 3346 πῑῗκ
1549 3285 1646 3356 οὐχ
1672 3288 1850 3344 ἁλοῖεν
1954 3299 2199 3344 naturam
2244 3288 2386 3344 Deus
2411 3299 2512 3352 est,
2547 3295 2767 3343 sanctus
2801 3294 2982 3342 autem
3017 3284 3109 3356 qui
3140 3299 3206 3340 cx
3234 3284 3352 3354 ipso
3390 3291 3446 3338 et
3477 3283 3530 3336 iu

274 3374 340 3430 ἂν
368 3373 556 3446 σαθροὶ
580 3375 670 3429 καὶ
697 3372 1123 3446 όλιγογνώμονες
1153 3373 1204 3428 οί
1232 3370 1412 3428 κτίσει
1441 3376 1847 3446 συγγράφοντες
1955 3380 2073 3449 ipso
2136 3380 2453 3450 intelligitur
2524 3378 2757 3450 Spiritus
2791 3398 2805 3434 :
2842 3393 3088 3450 quaenam
3144 3378 3360 3432 demum
3424 3377 3533 3431 erit

272 3466 353 3530 τὸ.
387 3467 453 3520 δι’
477 3462 539 3521 οῦ
568 3470 660 3521 καὶ
698 3470 756 3522 ὲν
781 3460 1096 3537 ᾧθεᾶτητος
1125 3465 1289 3536 φύσις
1314 3465 1463 3522 ἐστὶν
1493 3468 1553 3521 ἐν
1585 3469 1746 3539 ἠμίν;
1770 3468 1846 3520 Οὐ
1955 3469 2283 3527 diversitatis
2308 3471 2466 3536 ratio,
2491 3470 2885 3538 substantialis,
2910 3468 3164 3542 iuquam?
3194 3475 3288 3523 aut
3312 3482 3533 3537 quomo-

272 3555 381 3628 γὰρ
409 3555 467 3610 ὲν
500 3555 757 3628 κτίσματι
781 3554 1042 3628 μεθεκτδν
1063 3557 1124 3611 τὸ
1152 3557 1291 3628 ὑπὲρ
1324 3556 1421 3627 τὴν
1459 3556 1665 3611 κτίσιν·
1690 3555 1724 3627 ἢ
1747 3555 1849 3610 οὐκ
1956 3563 2025 3617 do
2054 3562 2223 3631 putidi
2252 3573 2307 3618 et
2329 3564 2540 3634 angusti
2571 3564 2737 3619 animi
2765 3577 2885 3619 esse
2918 3578 3024 3617 nou
3056 3559 3527 3632 deprehendentur

272 3645 477 3719 ἀληθὴς
512 3651 541 3703 ὁ
567 3649 722 3718 λόγος
749 3664 764 3714 3
1955 3653 2044 3723 qui
2066 3662 2328 3709 creaturae
2363 3654 2640 3710 ascribunt
2662 3655 2713 3709 id
2742 3670 2837 3724 per
2862 3654 3004 3724 quod
3028 3663 3082 3708 et
3107 3654 3159 3706 in
3187 3667 3294 3722 quo
3314 3649 3533 3705 deitatis

274 3750 464 3794 natura
494 3741 657 3796 estin
688 3741 890 3797 uobis?
926 3737 1044 3794 Non
1093 3738 1239 3795 enim
1316 3740 1369 3794 in
1427 3745 1675 3795 creatura
1733 3742 2185 3801 communicabile
2226 3753 2312 3801 est
2358 3744 2412 3800 id
2462 3745 2607 3816 quod
2657 3760 2819 3815 supra
2843 3753 3148 3800 creaturam
3196 3749 3299 3796 est.
3332 3740 3526 3794 Auuou

277 3848 458 3889 verum
497 3844 582 3891 est
613 3836 754 3907 quod
781 3836 900 3892 dico
928 3835 952 3888 ’ἓ

343 3927 409 3980 Β.
435 3926 547 3980 Καὶ
577 3927 743 3998 μάλα.

346 4021 412 4074 Δ.
440 4019 505 4072 Τί
528 4019 607 4086 δέ;
637 4020 757 4091 οὐχὶ
786 4018 972 4088 σοφὸς,
1001 4015 1199 4087 μᾶλλον
1230 4015 1286 4069 δὲ
1301 4015 1625 4090 αὐτόχρημα
1655 4018 1846 4089 σοφία,

273 4109 440 4175 Θεός;

346 4201 409 4254 Β.
438 4200 548 4255 Καὶ
575 4200 691 4265 πῶς
706 4201 864 4256 τοῦτο
894 4199 1228 4271 ἀμφίλογον;

347 4292 414 4345 Α.
443 4291 590 4360 Σοφὰ
628 4290 685 4344 δὲ
731 4292 789 4346 ὲν
828 4291 936 4346 τίνι
962 4290 1032 4344 τὰ
1063 4288 1396 4360 σοφούμενα,
1445 4289 1620 4363 φράζε
1655 4289 1719 4362 δή
1756 4307 1847 4363 μοι

277 4381 464 4436 πάλιν.

348 4474 409 4529 Β.
456 4474 543 4527 Ἐν
567 4474 728 4546 σοφίᾳ
756 4473 1016 4545 δηλονότι.

347 4566 414 4622 A.
449 4566 659 4621 Οὐκοῦν
693 4567 743 4620 εί
771 4567 924 4636 σοφοί
945 4564 1008 4618 τὸ
1041 4562 1264 4636 Πνεῦμα
1289 4564 1357 4619 τά
1387 4564 1577 4634 σοφίας
1598 4564 1845 4632 δεκτικὰ,

279 4657 442 4728 σοφία
485 4674 587 4710 που
628 4657 844 4720 πάντως
881 4654 1034 4709 ἔσται
1069 4654 1163 4708 καὶ
1206 4652 1550 4726 νοηθήσεται.
1590 4653 1760 4708 Τοῦτο
1790 4654 1849 4707 δὲ

276 4747 484 4818 ἔφαμεν
512 4742 650 4800 εἶναι
683 4746 774 4800 τὸν
805 4744 960 4801 Θεόν.

346 4838 406 4892 Β.
445 4839 512 4891 Τί
537 4835 653 4904 οὖν,
692 4840 741 4892 εί
762 4840 855 4892 καὶ
878 4837 1155 4909 ἅνθρωποι
1186 4836 1282 4891 καὶ
1307 4826 1547 4906 ἄγγελοι,
1573 4837 1725 4906 φασὶ,
1756 4852 1847 4890 σο-

276 4931 367 5000 φοί
388 4929 448 4983 τέ
480 4931 610 4996 εἰσι,
644 4933 741 4984 καὶ
769 4931 847 4994 είς
879 4930 940 4982 τὸ
972 4927 1171 4999 σοφοῦν
1200 4927 1420 5001 ἑτέρους
1447 4926 1772 4997 ἐπιτήδειοι·

348 5107 410 5160 Α.
465 5105 603 5160 Ἀλλ’
636 5106 696 5160 οὐ
736 5106 946 5174 σοφίαν,
977 5101 1024 5161 ὧ
1056 5108 1173 5174 τᾶν,
1210 5109 1324 5172 τοῖς
1353 5107 1441 5161 &a
1467 5105 1619 5177 σφῶν
1659 5106 1852 5176 σοφοῦ-

278 5196 402 5252 σθαι
447 5198 782 5270 λεγομένοις,
819 5198 1061 5264 ἀνιέντες
1097 5199 1173 5263 ὡς
1205 5198 1359 5264 Θεὸς,
1406 5197 1523 5253 ἀλλ’
1555 5197 1855 5268 εὐμαθείας

275 5290 375 5361 τῆς
405 5290 554 5360 σφῶν
576 5293 866 5355 κοινωνοὺς
892 5291 1298 5361 ἀποφαίνοντες.
1330 5288 1724 5364 Χρησμῴδημα
1745 5291 1856 5363 γὰρ

277 5383 613 5454 ἀγιοπρεπὲς
644 5384 808 5454 φαίην
841 5383 908 5438 ἂν
942 5384 1138 5452 ἔγωγε,
1167 5382 1249 5448 τὸ,
1295 5400 1316 5435 ι
1351 5383 1572 5452 Δωρεάν
1608 5381 1854 5448 ἰλάδετε,

273 5473 483 5546 δωρεὰν
510 5475 652 5530 δότε.
699 5495 720 5531 ι
769 5475 843 5529 Τὸ
881 5475 939 5532 δέ
968 5493 1032 5545 γε
1062 5473 1290 5545 Πνεῦμα
1328 5473 1391 5528 τὸ
1426 5472 1581 5544 ἅγιον
1611 5475 1857 5545 ίσουργεί

349 5655 391 5684 ⁸⁸
418 5653 584 5709 joan.
608 5669 718 5721 xvi,
749 5655 832 5710 15.
912 5655 966 5725 ⁸¹·
993 5651 1148 5707 Joan.
1186 5664 1270 5721 ιιι,
1294 5650 1382 5707 5⁴.
1456 5650 1507 5717 ‚⁸⁸
1544 5646 1733 5706 Matth.
1765 5664 1820 5718 x,
1859 5647 1912 5707 8.

1876 4353 1924 4409 D

2029 3922 2090 3980 Β.
2130 3923 2498 3981 Verissimum.

2030 4016 2095 4068 A.
2138 4015 2277 4083 Quid
2331 4017 2493 4073 vero?
2525 4030 2702 4072 nonne
2750 4016 2994 4087 sapiens,
3051 4014 3161 4069 imo
3221 4027 3347 4070 vcro
3413 4014 3528 4085 ipsa

1957 4105 2218 4178 sapientia
2245 4106 2385 4164 Deus
2414 4115 2495 4164 est
2524 4107 2549 4161 ⁴?

2023 4197 2083 4254 B.
2120 4199 2343 4256 Cuiuam
2374 4199 2592 4256 dubium
2625 4200 2765 4256 istud
2790 4200 2917 4256 est?

2020 4293 2086 4347 A.
2126 4291 2185 4347 ln
2220 4307 2327 4362 quo
2357 4305 2483 4348 vero
2514 4291 2777 4363 sapientia
2808 4300 2936 4348 sunt
2960 4305 3022 4348 ea
3056 4305 3176 4363 quae
3203 4289 3527 4362 sapientiam

1949 4382 2272 4454 accipiunt?

2020 4473 2080 4527 Β.
2120 4473 2177 4527 ln
2216 4473 2481 4543 sapientia
2516 4472 2783 4529 videlicet.

2012 4562 2088 4621 A.
2124 4560 2324 4632 igitur,
2356 4562 2403 4617 si
2451 4563 2690 4634 Spiritus
2742 4564 3065 4635 sapientiam
3120 4564 3256 4621 indit
3288 4565 3357 4622 iis
3408 4579 3529 4636 qum

1955 4651 2380 4720 suntsapientiae
2414 4654 2659 4722 capacia,
2691 4655 2952 4726 sapientia
2999 4655 3184 4724 utique
3230 4654 3336 4711 erit
3358 4663 3413 4710 et
3440 4656 3527 4710 iu-

1958 4741 2243 4814 telligetur.
2277 4742 2389 4799 lloc
2415 4755 2592 4800 antem
2614 4745 2848 4802 diximus
2877 4759 3019 4809 esse,
3057 4745 3241 4800 Deum.

2022 4834 2082 4888 B.
2118 4834 2256 4902 Quid
2302 4850 2465 4905 ergo,
2509 4837 2793 4909 inquiunt,
2826 4837 2874 4892 si
2901 4846 2955 4892 et
2985 4837 3232 4892 homines
3263 4846 3316 4890 ct
3347 4834 3527 4905 angeli

1952 4929 2221 4998 sapientes
2265 4939 2409 4996 sunt,
2431 4938 2483 4986 et
2508 4932 2574 4986 ad
2611 4929 2778 5001 659
2802 4929 3123 4999 sapientiam
3171 4929 3294 4986 aliis
3346 4929 3527 4983 insuit-

1955 5020 2182 5078 tiendum
2220 5021 2331 5092 apti
2360 5021 2385 5076 l

2025 5112 2091 5166 A.
2129 5111 2198 5166 At
2229 5127 2337 5168 uon
2366 5113 2453 5181 iis,
2507 5114 2701 5179 amice,
2727 5115 2821 5184 qui
2862 5114 3121 5170 dicuntur
3151 5113 3220 5169 ab
3263 5110 3393 5182 ipsis
3436 5123 3527 5164 sa-

1957 5203 2219 5274 pientiam
2275 5204 2527 5275 accipere
2552 5246 2567 5271 ,
2622 5205 2945 5275 sapientiam
3000 5203 3344 5261 immittendo
3380 5201 3526 5256 sicut

1956 5293 2099 5350 Deus
2127 5310 2140 5346 ι
2164 5295 2257 5350 sed
2290 5295 2551 5352 doctrinm
2572 5310 2685 5352 suae
2714 5297 3007 5366 participes
3052 5291 3352 5350 efficiendo.
3391 5293 3526 5346 Ora-

1955 5384 2136 5441 culum
2190 5388 2335 5442 enim
2380 5387 2512 5444 illud
2553 5388 2607 5444 in
2658 5396 2879 5443 sanctos
2922 5385 3191 5456 quadrare
3240 5381 3470 5438 dixerim
3508 5400 3523 5437 ε

1962 5494 1982 5528 ι
2005 5474 2193 5535 Gratis
2220 5478 2530 5550 accepistis,
2559 5480 2732 5553 gratis
2760 5479 2884 5537 date
2903 5477 2972 5533 ”-
3007 5494 3027 5528 ι
3078 5474 3314 5535 Sanctus
3343 5483 3525 5531 autem
