3809 6125
268 326 383 386 775

1341 325 1426 380 nt:
1462 327 1561 383 bs.
1604 325 1982 383 ’rtttNtTaTtJ
2009 323 2362 384 mstocus
2402 325 2467 380 ll.

3436 328 3540 387 77t

272 442 374 508 λαις
416 440 755 513 ἀποφήνειεν
799 439 887 497 ἄν.
923 441 1194 514 Διαίρεσιν
1234 442 1294 498 δὲ
1335 445 1493 510 ὅλως,
1530 447 1647 519 ἦτοι
1688 447 1863 517 τομὴν
1891 452 1938 509 Α
1965 446 2236 503 ostendet.
2278 445 2606 500 Divisionem
2646 451 2823 498 autem
2861 442 2913 497 in
2964 442 3296 508 universum,
3324 451 3418 499 aut
3448 458 3533 498 se·

272 534 369 590 καὶ
412 530 719 606 ἀπορροὴν,
766 531 864 585 καὶ
900 531 1092 599 πάθος,
1148 534 1255 588 οὐδ’
1296 535 1421 590 ὅσον
1463 536 1661 591 εἰδέναι
1702 538 1861 608 τυχὸν

271 624 564 697 ἀνάσχοιτο
592 622 659 677 ἂν
683 624 717 694 ἡ
740 622 892 693 ἡλίου
925 621 1106 693 φύσις,
1134 627 1310 681 καίτοι
1351 628 1516 699 χύδην
1549 629 1640 682 καὶ
1667 629 1862 683 οὐσιω-
1908 626 1915 632 “

269 716 375 781 δῶς
416 714 477 768 τὸ
514 712 575 781 ἐξ
620 712 794 785 αὐτῆς
831 715 1084 785 προϊεῖσα
1130 715 1266 788 φῶς,
1303 718 1419 772 ἀλλ’
1452 718 1568 772 ἔστι
1600 719 1701 790 μὲν
1742 720 1860 773 ὁλο-

269 807 490 880 κλήρως
535 806 594 859 ὲν
636 801 808 875 αὐτῷ,
853 804 948 859 καὶ
988 807 1036 859 εἰ
1089 808 1374 882 προχέοιτο
1419 810 1604 881 τυχὸν,
1646 810 1758 883 ἔχει
1801 810 1858 865 δὲ

268 893 338 953 αὖ
374 899 432 951 ὲν
479 893 660 966 ἐαυτῷ
706 894 769 948 τδ
811 894 944 950 ῖδιον
990 896 1126 966 φῶς,
1156 897 1260 954 οὐκ
1294 900 1762 974 ἀπορριζούμενον
1800 904 1858 957 ἐν

266 988 348 1063 τῷ
392 987 718 1061 διαχεῖσθαι,
747 989 842 1041 καὶ
883 988 1060 1043 δοκεῖν
1096 1008 1217 1057 πως
1246 991 1347 1066 ¹th
1386 993 1474 1050 διὰ
1512 994 1727 1061 τούτου,
1764 995 1859 1051 καὶ

268 1085 349 1149 εἰς
387 1082 562 1154 ἰδικὴν
595 1078 891 1152 ἑτερότητα
920 1081 1168 1153 δραμεῖν.
1215 1083 1541 1162 ’Ama-‚22:322
1571 1087 1680 1161 γὰρ
1706 1089 1734 1142 ὁ
1767 1088 1856 1143 λό-

267 1190 366 1246 γος
404 1169 559 1243 ἥλιον
598 1172 718 1245 μὲν,
751 1172 1026 1244 ἀναμέρος
1055 1175 1220 1230 αὐτὸν
1258 1178 1383 1232 καθ’
1408 1179 1591 1246 αὐτὸν,
1639 1182 1738 1252 τὴν
1763 1182 1856 1234 ού-

269 1263 395 1321 σίαν
429 1264 457 1318 ὃ
486 1259 541 1318 τί
565 1262 695 1317 ποτέ
730 1264 848 1317 ἐστι
877 1264 1230 1333 φαντάζεται,
1249 1266 1308 1321 τὸ
1334 1267 1379 1321 δ’
1404 1270 1463 1324 ὲν
1487 1269 1637 1341 αὐτῷ
1669 1289 1727 1324 τε
1762 1275 1857 1326 καὶ

269 1355 330 1424 ἕξ
372 1353 539 1410 αὐτοῦ
585 1352 952 1426 προχεόμενον
1002 1357 1139 1428 φῶς,
1186 1358 1318 1413 ῖδιον
1354 1360 1457 1431 μὲν
1493 1361 1678 1425 αὐτοῦ,
1716 1363 1856 1437 πλὴν

264 1448 350 1511 εἰς
393 1445 692 1517 ἀμέριστον
724 1444 1019 1518 ἑτερότητα
1052 1448 1151 1521 τὴν
1196 1448 1273 1514 ὡς
1311 1449 1368 1505 ὲν
1415 1447 1597 1522 ψιλαῖς
1632 1453 1728 1508 καὶ
1758 1456 1857 1527 μό-

266 1555 389 1603 ναις
421 1535 678 1600 ἐννοίαις,
707 1532 771 1591 εὖ
802 1537 948 1607 μάλα
966 1540 1197 1605 διοικιεῖ,
1226 1541 1316 1597 διά
1347 1559 1430 1598 τοι
1467 1541 1568 1624 τὴν
1601 1545 1661 1612 ἐξ
1685 1545 1852 1601 αὑτοῦ

267 1629 409 1704 πρὸς
429 1628 492 1684 τὸ
519 1628 626 1696 ἔξω
657 1628 903 1701 πρόοδον.
933 1632 1055 1686 Ὅτι
1081 1632 1136 1687 δὲ
1162 1632 1226 1706 δὴ
1251 1637 1459 1704 γελοῖον
1490 1629 1559 1694 ἄν
1586 1640 1671 1712 εἴη
1719 1656 1855 1694 παν-

266 1719 457 1789 τελῶς,
502 1721 587 1786 τὸ,
620 1721 1000 1796 πρεσδυτέραν
1030 1725 1128 1799 μὲν
1161 1726 1257 1799 τὴν
1283 1727 1435 1801 ἡλίου
1481 1729 1853 1801 φαντάζεσθαι

266 1815 504 1888 γένεσιν,
560 1814 947 1886 ὑστερίζουσαν
999 1816 1055 1870 δὲ
1097 1817 1202 1873 κᾶν
1250 1819 1385 1888 γοῦν
1434 1838 1487 1875 τι
1521 1819 1697 1896 βραχὺ
1753 1824 1854 1897 τῆς
1883 1791 1928 1848 Β

267 1904 495 1975 ἐνούσης
521 1903 673 1977 αὐτῷ
696 1905 1022 1974 φωτοειδοῧς
1049 1908 1327 1978 ἐνεργείας
1351 1910 1451 1982 τὴν
1476 1911 1724 1986 δύναμιν,
1751 1916 1855 1970 οὐκ

265 1995 336 2051 nv
358 1996 602 2070 οἰηθείην
633 1995 932 2052 ὲνδοιάσειν
957 1997 1094 2063 ὅλως
1124 1998 1214 2053 τὸν
1234 1993 1386 2074 ᾧπερ
1412 2001 1480 2056 ἀν
1505 2003 1590 2074 εῖη
1621 2002 1852 2078 σώφρων

264 2103 328 2141 τε
353 2089 449 2144 καὶ
473 2086 791 2163 ἐρρωμένος
820 2088 849 2141 ὁ
874 2085 1020 2151 νοῦς.
1065 2086 1208 2141 Ἴσον
1238 2089 1347 2165 γὰρ
1374 2089 1529 2163 ἥλιον
1549 2092 1687 2165 μηδὲ
1712 2090 1852 2149 εἶναι

266 2177 475 2250 λέγειν,
503 2181 554 2234 εἰ
588 2177 664 2253 μὴ
695 2178 1040 2251 συνυπάρχον
1067 2178 1180 2250 ἔχοι
1221 2179 1282 2233 τὸ
1317 2180 1388 2236 δι’
1419 2182 1449 2237 δ
1478 2186 1678 2240 νοεῖται
1701 2185 1850 2240 τοῦθ’

276 2272 418 2345 ὅπερ
454 2270 618 2327 εστίν.
645 2271 874 2340 υύκοῦν,
905 2272 1254 2328 ἀνατύπωσιν
1284 2272 1475 2349 ῶσπερ
1504 2278 1629 2335 τινά
1656 2278 1851 2334 διαπε-

286 2361 603 2436 πλασμίνην
624 2362 814 2437 ὀρθῶς,
850 2353 959 2419 τῶν
991 2367 1048 2419 ὲν
1096 2366 1344 2441 αἰσθήσει
1390 2371 1852 2444 παραδειγμάτων

290 2456 392 2527 τὴν
403 2454 636 2527 δύναμιν,
650 2455 724 2523 ὡς
743 2458 804 2511 ὲν
834 2459 1064 2523 ἐννοίαις
1089 2460 1225 2516 ἑλὼν
1242 2465 1362 2526 ταῖς
1379 2464 1458 2528 εἰς
1477 2461 1628 2536 λῆξιν
1646 2464 1851 2531 ἰούσαις

287 2547 386 2622 τὴν
422 2547 691 2615 ἀνωτάτω,
724 2552 825 2623 τὴν
874 2552 1025 2607 θείαν
1067 2554 1322 2627 γέννησιν
1364 2555 1425 2611 ού
1465 2557 1850 2631 καταφθερεῖς,

276 2639 449 2712 τομάς
482 2639 570 2696 ἐπ’
602 2641 794 2713 αὐτὴν,
834 2644 929 2699 καὶ
980 2646 1280 2719 ἀπορροὴν,
1320 2647 1413 2702 καὶ
1444 2649 1636 2717 πάθος,
1684 2651 1850 2705 ἀσυν-

270 2728 410 2798 lew<
437 2732 861 2807 εἰσδεδεγμένος.
907 2737 1059 2791 Ἐπεὶ
1089 2740 1197 2811 γάρ
1220 2755 1302 2793 τοι
1331 2740 1430 2813 τῆς
1466 2742 1728 2796 ἀνωτάτω
1752 2761 1854 2797 πα-

268 2823 382 2878 σῶν
423 2824 612 2892 οὐσίας
661 2827 880 2901 ἀπαθὴς
921 2830 1020 2901 μὲν
1065 2834 1099 2904 ἡ
1145 2827 1421 2904 γέννησις,
1475 2836 1570 2888 καὶ
1614 2835 1723 2908 μὴν
1759 2836 1854 2890 καὶ

261 2913 532 2989 οὗσιώδης
570 2918 603 2989 ὴ
646 2918 740 2972 τοῦ
784 2924 1120 2991 γεννήματος
1160 2923 1394 2995 ὖπαρξις
1448 2926 1545 2979 καὶ
1590 2924 1854 2997 ,διατομῆς

267 3005 552 3080 ἐλευθέρα,
595 3009 688 3061 καὶ
718 3007 795 3079 τῷ
825 3011 1038 3064 τεκόντι
1071 3012 1366 3068 συνθέουσα
1405 3014 1499 3069 καὶ
1536 3013 1855 3088 ἀπαραιτή-

266 3115 376 3164 τως
423 3099 790 3172 συννοουμένη
847 3119 906 3155 τε
951 3101 1046 3155 καὶ
1104 3104 1568 3162 συνεισόαίνουσα.
1613 3108 1688 3162 Τὸ
1745 3109 1923 3193 γάρῦ

269 3188 509 3263 ἄναρχον
534 3191 596 3243 ὲν
617 3191 791 3262 χρόνῳ
824 3192 1220 3266 μεμαρτύρηκε
1252 3194 1332 3267 τῷ
1364 3197 1493 3267 resp,
1515 3201 1611 3254 καὶ
1631 3201 1659 3254 ὁ
1691 3201 1855 3272 σοφὸς

280 3281 572 3353 Ἰωάννης,
616 3301 635 3334 ε
701 3282 787 3335 Ἐν
835 3284 976 3356 ὀρχῇ
1021 3279 1090 3356 ἦν
1125 3284 1155 3338 ὀ
1205 3285 1408 3356 Λόγος,
1459 3305 1480 3340 r
1529 3289 1720 3356 εἰπὼν,
1760 3291 1857 3347 καὶ

264 3363 342 3441 εὖ
372 3370 465 3424 ἐπὶ
494 3371 703 3435 τούτοις
723 3387 735 3400 ·
773 3390 791 3423 ι
837 3371 896 3426 ’0
923 3372 1021 3442 ῶν,
1045 3376 1077 3430 ὁ
1110 3369 1204 3449 ἦν,
1245 3376 1277 3432 δ
1313 3376 1629 3450 ἐρχόμενος.
1675 3398 1695 3435 r

344 3483 410 3540 Β.
459 3484 859 3559 'Eumne-meai
900 3488 1000 3562 μὲν
1033 3490 1166 3563 ἡμῖν
1197 3491 1274 3557 ὡς
1301 3492 1504 3567 ἄριστά
1535 3511 1622 3564 γε,
1657 3490 1705 3551 ῶ
1732 3499 1853 3568 τᾶν,

270 3577 305 3630 ὸ
334 3575 463 3648 περὶ
497 3574 688 3630 τούτου
737 3577 915 3646 λόγος.
947 3580 1062 3635 Οἴει
1108 3581 1165 3635 δέ
1203 3600 1343 3648 που,
1382 3583 1526 3639 κατά
1572 3586 1635 3640 τὸ
1685 3588 1854 3657 εἰκὸς,

276 3669 622 3740 ἀπηλλάχθαι
643 3673 1002 3743 πραγμάτων,
1031 3676 1127 3729 καὶ
1154 3675 1341 3747 ἑτέρου
1370 3677 1581 3733 δεῖσθαι
1607 3681 1855 3752 μηδενὸς,

276 3763 360 3825 εἰς
396 3761 667 3828 ἀπόδειξιν
702 3763 796 3816 τοῦ
835 3767 1314 3838 προῦφεστηκὲναι
1356 3769 1454 3839 μὲν
1483 3771 1737 3844 οὐδαμῶς
1763 3774 1857 3829 τοῦ

281 3852 414 3907 Υἰοῦ
432 3852 523 3906 τὸν
551 3854 769 3926 Πατέρα
793 3855 993 3920 δοκεῖν,
1021 3858 1244 3929 συμφυᾶ
1267 3857 1322 3912 δὲ
1341 3858 1450 3914 δεῖν
1473 3863 1568 3918 καὶ
1586 3865 1860 3938 συνυπάρ-

277 3962 448 4018 χοντα
474 3947 634 3999 νοεῖν·
665 3948 973 4016 ἀφικνεῖται
1019 3949 1077 4005 δὲ
1119 3950 1273 4006 οὔπω
1319 3952 1460 4009 κατὰ
1489 3954 1616 4009 νοῦν
1651 3959 1857 4025 ἐκεῖνα,

277 4033 640 4105 δυσπρόσιτον
685 4035 879 4109 κομιδῇ
940 4038 1035 4093 καὶ
1075 4041 1278 4114 ἀνάντη
1324 4042 1448 4098 λίαν
1504 4044 1698 4117 ἔχοντα
1759 4047 1857 4120 τὴν

281 4125 610 4198 προσδολήν.

352 4241 418 4295 Α.
461 4242 542 4294 T&
573 4244 702 4296 ποῖα
732 4242 866 4297 ἅττα
900 4243 1044 4316 ‹pit-:3
1250 4233 1282 4265 Ἴ

354 4349 417 4405 B.
461 4351 862 4424 Ἐρησομὲνους
888 4353 996 4408 ῖσθι
1023 4372 1130 4421 τοι,
1150 4354 1365 4428 δριμεῖς
1397 4358 1506 4432 γάρ
1536 4361 1618 4425 είς
1642 4360 1858 4432 λόγους,

281 4443 515 4515 πότερόν
541 4461 673 4498 ποτε
699 4445 959 4516 θελητῶς,
983 4448 1154 4520 ἤγουν
1182 4447 1523 4523 ἀνεθελήτως
1541 4455 1571 4508 ὀ
1598 4453 1733 4520 Θεὸς
1764 4456 1861 4512 καὶ
1892 4484 1937 4541 n

280 4535 476 4608 Πατὴρ
504 4535 759 4590 ὲκτέτοκε
789 4537 880 4591 τὸν
906 4538 1054 4593 Υίόν.

355 4655 421 4707 Α.
463 4647 617 4719 Εἶτα,
648 4654 770 4708 ὅποι
824 4654 952 4710 ποτὲ
986 4656 1390 4731 κατασκήψειεν
1433 4658 1500 4714 ἀν
1529 4659 1592 4715 τὸ
1624 4662 1868 4738 κακούρ-

281 4760 439 4813 γημα
471 4745 656 4809 αὐτοῖς
685 4745 793 4800 τῶν
815 4746 956 4802 οὔτω
977 4747 1166 4803 δεινῶν
1185 4751 1534 4825 εὑρημάτων,
1573 4754 1650 4822 ὡς
1669 4756 1863 4830 ἥδιστα

288 4832 356 4887 ἂν
383 4831 603 4903 εἰδείην.

357 4921 420 4979 B.
462 4922 797 4994 Προσθέντες
844 4927 973 5000 γὰρ,
1017 4925 1193 5001 οἶμαι,
1241 4931 1463 4988 κάκεῖνο
1504 4933 1742 5008 ῑροῦσιν,
1783 4938 1861 5005 ὡς

293 5012 449 5082 εἰπερ
486 5012 635 5068 ἐστὶν
689 5016 1010 5091 ἀνεθέλητος
1053 5022 1083 5075 ὁ
1115 5020 1238 5086 Υἱὸς
1284 5020 1366 5095 τῷ
1408 5025 1606 5096 Πατρὶ,
1644 5025 1866 5087 τέτοκεν

291 5102 387 5174 οὐχ
425 5101 590 5171 ἑκὼν,
619 5104 735 5160 ἀλλ’
766 5105 831 5162 ἔκ
866 5124 961 5164 του
990 5110 1130 5183 πρὸς
1175 5113 1335 5168 τοῦτο
1371 5116 1800 5190 συνωθούμενος,
1828 5117 1864 5194 ἢ

291 5193 422 5264 φερε
454 5194 631 5249 είπεῖν
656 5195 904 5270 ἀνάγκης
933 5199 968 5270 η
993 5216 1047 5254 τι
1073 5201 1170 5256 καὶ
1196 5203 1386 5261 παθῶν
1411 5204 1476 5280 [s.
1511 5205 1726 5283 παθὼν]
1757 5210 1867 5269 τῶν

291 5284 610 5357 ἀδουλήτων
654 5287 941 5346 ἁλώσεται.
991 5294 1444 5366 Περιενεγκὸντες
1484 5300 1543 5357 δὲ
1582 5301 1757 5378 οὕτως
1786 5305 1869 5373 είς

292 5375 524 5429 ἀτοπίαν
548 5375 639 5431 τδν
678 5377 859 5448 λόγον,
902 5378 1276 5454 καθείρξουσιν
1321 5389 1401 5453 εἰς
1452 5390 1746 5463 ὁμολογίαν
1773 5395 1868 5452 τοῦ

290 5464 491 5537 χρῆναι
522 5465 708 5524 λοιπὸν
740 5472 914 5525 εἰπεῖν
947 5470 1008 5526 τὸ
1052 5474 1128 5546 μὴ
1163 5474 1476 5550 ἀδουλήτως
1504 5485 1870 5558 γεγεννῆσθαι

290 5560 445 5633 παρὰ
469 5564 564 5615 τοῦ
591 5563 806 5634 Πατρὸς
826 5565 918 5620 τὸν
947 5566 1096 5636 Υίὸν,
1117 5569 1213 5625 καί
1241 5571 1604 5642 τελευτῶντες
1632 5577 1868 5651 ἐπάγον·

374 5742 395 5774 ⁸
426 5741 583 5803 Jnau.
621 5761 660 5814 t,
692 5750 743 5804 l.
823 5750 842 5782 '¹
869 5752 1033 5820 Apor.
1064 5765 1105 5815 t,
1126 5748 1182 5806 4.

1929 590 1937 601 ,
1965 538 2200 593 ctionem
2224 580 2240 605 ‚
2290 552 2356 592 ac
2384 534 2653 592 defluxum
2681 574 2696 600 ,
2749 544 2803 588 et
2842 534 3151 606 passionem
3181 531 3311 588 solis
3347 541 3537 589 natura

1965 628 2158 694 nescit,
2186 628 2440 698 quamvis
2477 626 2695 698 copiose
2735 636 2789 680 et
2814 625 3242 682 substantialiter
3273 640 3339 681 ex
3365 638 3425 681 se
3453 623 3538 680 lu·

1963 733 2080 774 rem
2111 719 2354 787 emittat;
2392 720 2485 775 seul
2513 729 2598 773 est
2626 720 2678 773 in
2704 719 2818 787 ipso
2848 727 2957 772 tota
2986 727 3042 772 et
3067 717 3299 788 integra,
3324 715 3536 773 tametsi

1962 809 2102 867 rorte
2134 811 2517 878 profundatur,
2544 819 2599 865 et
2625 810 2864 865 vicissim
2894 809 3060 866 babet
3100 810 3152 863 in
3180 809 3358 882 seipso
3379 824 3536 864 suurn

1961 902 2163 970 lumen,
2209 906 2352 973 quod
2398 905 2613 973 quidem
2661 918 2689 956 a
2739 917 2834 956 sua
2887 901 3068 957 radice
3112 916 3218 956 non
3265 899 3535 963 avellitur,

1961 994 2088 1049 dum
2123 994 2462 1058 diffunditur,
2500 1003 2555 1048 et
2596 995 2663 1047 ad
2695 994 2967 1066 propriam
3010 1007 3075 1048 ac
3101 991 3421 1061 peculiarem
3456 990 3550 1046 di·.

1961 1087 2273 1145 versitatetn
2306 1087 2513 1142 idcirco
2549 1083 2769 1141 tendere
2809 1082 3041 1139 videtur.
3077 1081 3237 1139 Ratio
3260 1083 3403 1138 enim
3451 1096 3540 1137 se-

1959 1193 2158 1249 parans
2190 1177 2359 1233 solent
2400 1178 2630 1233 seorsim
2661 1192 2690 1232 a
2720 1176 2921 1247 seipso.
2961 1189 3198 1245 quanam
3234 1173 3536 1230 substantia

1959 1270 2220 1342 praeditus
2262 1269 2335 1324 sit
2376 1268 2611 1340 concipit
2654 1285 2669 1323 ι
2704 1267 2886 1322 lumen
2931 1278 3109 1320 autem
3142 1265 3283 1336 quod
3333 1266 3386 1320 iu
3420 1265 3536 1335 ipso

1958 1369 2121 1416 estet
2155 1376 2219 1415 ex
2248 1361 2367 1429 ipso
2397 1369 2702 1431 promanat,
2734 1355 2852 1426 ejus
2882 1356 3098 1429 quidem
3124 1352 3212 1414 est
3234 1355 3533 1427 proprium,

1958 1461 2332 1507 verumtamen
2367 1453 2419 1505 in
2452 1451 2824 1506 diversitatem
2856 1445 3208 1528 insecabilem
3251 1460 3373 1515 quae
3405 1445 3536 1502 solis

1958 1544 2124 1600 animi
2171 1543 2489 1600 notionibus
2537 1543 2868 1610 continetur,
2913 1541 3101 1612 ntique
3133 1538 3372 1605 diducet,
3411 1554 3537 1609 pro·

1957 1646 2144 1709 pterea
2192 1636 2336 1707 quod
2383 1651 2451 1691 ex
2494 1635 2613 1705 ipso
2663 1632 2811 1689 foras
2857 1638 3097 1689 emanat.
3150 1629 3303 1699 Quod
3354 1640 3534 1686 autem

1958 1731 2115 1799 plane
2150 1730 2439 1786 ridiculum
2475 1729 2550 1784 sit
2575 1726 2939 1799 antiquiorem
2979 1725 3112 1782 solis
3140 1735 3319 1782 ortum
3348 1727 3537 1798 imagi·
3622 1780 3638 1798 ,

1961 1821 2102 1888 nari,
2131 1821 2493 1893 posteriorem
2521 1828 2703 1875 autem
2736 1816 2819 1873 vel
2849 1817 3113 1872 tantulum
3148 1832 3267 1874 earn
3291 1834 3451 1888 quam
3480 1819 3536 1874 in

1956 1928 2018 1969 se
2067 1911 2231 1968 habet
2278 1909 2554 1967 facultatis
2604 1909 3004 1966 illuminatricis
3047 1911 3154 1963 vim
3184 1952 3200 1977 ,
3265 1910 3533 1966 neminem

1956 2016 2104 2059 sanae
2155 1999 2360 2056 mentis
2402 1998 2775 2054 dubitaturum
2819 2009 2971 2066 puto.
3006 1978 3237 2055 ff‘erinde
3267 1996 3410 2053 enim
3453 2007 3537 2055 est

1954 2106 2021 2148 ac
2053 2090 2097 2146 si
2129 2104 2199 2145 ne
2245 2088 2328 2146 sol
2365 2088 2582 2170 quidem
2610 2101 2734 2143 esse
2771 2087 3007 2153 dicatur,
3054 2076 3101 2143 si
3128 2086 3179 2143 ei
3231 2086 3393 2143 simul
3429 2102 3534 2143 non

1957 2180 2086 2237 insit
2112 2180 2164 2236 id
2200 2190 2423 2252 propter
2448 2178 2589 2249 qnod
2631 2175 2734 2234 ltoc
2759 2178 2903 2250 quod
2943 2185 3026 2233 est
3049 2176 3367 2247 intelligitur
3390 2192 3533 2233 esse.

1954 2269 2246 2340 Quocirca,
2272 2270 2318 2325 si
2355 2269 2464 2323 vim
2498 2279 2555 2325 et
2595 2267 2864 2323 rationem
2898 2267 3266 2337 exemplorum
3301 2265 3534 2323 sensibi-

1955 2362 2086 2417 lium
2120 2375 2221 2418 ceu
2262 2359 2493 2416 sormam
2523 2356 2819 2427 qnamdam
2852 2365 2909 2411 et
2941 2353 3353 2425 expressionem
3386 2364 3535 2410 recte

1954 2452 2338 2509 concinnatam
2375 2448 2749 2505 subtilissimis
2775 2445 2942 2501 animi
2972 2446 3283 2502 notionibus
3312 2457 3539 2516 accepe-

1956 2543 2059 2610 ris,
2091 2541 2494 2615 generationem
2539 2540 2774 2595 divinam
2821 2551 2926 2591 non
2964 2548 3301 2605 corrumpeS,
3334 2536 3538 2592 sectio-

1956 2650 2055 2691 nes
2083 2634 2136 2689 in
2172 2648 2292 2688 eam
2331 2643 2386 2688 et
2419 2630 2596 2686 fluxus
2633 2644 2697 2684 ac
2725 2629 3032 2699 passionem
3060 2627 3225 2682 stulte
3250 2627 3533 2687 inducens.

1958 2724 2242 2795 Siquidem
2291 2722 2573 2795 generatio
2618 2733 2887 2789 supremae
2932 2717 3175 2774 omnium
3219 2717 3537 2774 substantiae

1958 2815 2226 2887 passionis
2281 2824 2363 2869 est
2413 2826 2654 2881 expers,
2705 2810 2950 2879 adeoque
2997 2820 3192 2864 natura
3246 2809 3537 2878 geniminis

1958 2905 2337 2964 substantialis
2362 2915 2417 2959 et
2444 2901 2785 2969 insecabilis,
2812 2916 2933 2970 qttae
2954 2915 3078 2955 cum
3110 2899 3371 2956 Genitore
3404 2915 3531 2958 con-

1958 3011 2207 3063 currens,
2262 2996 2400 3051 citra
2454 2989 2829 3049 confusionem
2878 2989 3042 3045 simul
3093 2988 3431 3061 intelligitur,
3480 2999 3536 3046 et

1957 3099 2063 3147 est.
2102 3088 2372 3157 Principio
2400 3086 2543 3143 enim
2571 3096 2762 3139 carere
2792 3079 2990 3136 Filium
3018 3090 3252 3138 testatus
3288 3087 3372 3136 est
3404 3097 3539 3153 quo·

1962 3195 2069 3251 que
2086 3180 2306 3249 sapiens
2324 3176 2565 3232 loannes
2600 3188 2725 3229 cum
2758 3173 2896 3228 dixit
2925 3188 2941 3226 z
2979 3190 3000 3224 r
3026 3172 3088 3226 ln
3123 3170 3389 3242 principio
3418 3183 3537 3229 erat

1962 3271 2196 3329 Verbum
2224 3270 2246 3302 ⁸
2274 3287 2289 3325 ε
2319 3288 2340 3323 r
2379 3282 2443 3324 ac
2470 3276 2735 3338 praeterea
2762 3281 2779 3320 ι
2811 3282 2832 3316 r
2863 3260 2968 3332 Qui
2997 3271 3104 3327 est,
3144 3262 3235 3333 qui
3264 3271 3404 3331 erat,
3441 3264 3534 3333 qui

1961 3373 2225 3419 venturus
2252 3359 2402 3416 est'.
2435 3376 2456 3411 r

2033 3471 2092 3527 B.
2134 3471 2300 3526 Recte
2339 3465 2628 3524 admodum
2672 3475 2728 3524 et
2768 3473 3022 3523 accurate
3061 3481 3126 3522 ea
3169 3466 3236 3523 de
3278 3482 3338 3523 re
3381 3466 3539 3524 nobis

1962 3560 2284 3625 disseruisti,
2314 3560 2511 3616 atnice.
2543 3555 2650 3614 Sed
2686 3557 2887 3622 credis,
2919 3567 2977 3611 ut
3010 3571 3269 3627 auguror,
3303 3567 3356 3612 te
3388 3558 3540 3614 solu·

1964 3663 2074 3708 tunt
2117 3668 2238 3709 esse
2281 3650 2526 3721 negotio,
2565 3665 2666 3706 nec
2711 3648 2820 3704 alio
2861 3663 2982 3705 esse
3025 3663 3163 3719 opus
3205 3650 3271 3704 ad
3313 3649 3539 3706 demon-

1962 3745 2240 3801 strandum
2270 3742 2487 3799 Patrem
2519 3755 2859 3813 nequaquam
2891 3740 3274 3811 praeexsistere
3297 3738 3457 3808 Filio,
3483 3753 3539 3798 et

1962 3837 2029 3892 ad
2058 3836 2463 3907 intelligendum
2493 3849 2616 3890 eum
2646 3834 2887 3901 ejusdem
2915 3847 3035 3889 esse
3065 3843 3272 3889 naturae
3295 3832 3461 3907 454
3484 3841 3540 3890 et

1963 3926 2123 3984 simul
2161 3925 2427 3981 exsistere
2461 3941 2477 3979 z
2515 3924 2750 3979 nondum
2790 3931 2972 3977 tamen
3012 3921 3103 3977 illa
3136 3925 3435 3993 procedunt
3471 3939 3538 3980 ex

1965 4017 2130 4073 animi
2165 4016 2430 4072 sententia
2452 4055 2469 4078 ,
2501 4028 2623 4070 cum
2653 4013 2886 4069 babeant
2913 4011 3162 4069 difficiles
3190 4028 3410 4085 prorsus
3436 4017 3535 4070 ad-

1964 4107 2072 4164 itus
2102 4117 2157 4163 et
2188 4121 2469 4163 accessum
2502 4103 2850 4160 vehementer
2876 4104 3128 4158 arduum.

2036 4219 2103 4275 Δ.
2145 4218 2401 4288 Quaenam
2433 4217 2523 4274 illa
2554 4216 2726 4274 dicis!

2031 4334 2091 4389 B.
2133 4331 2554 4390 Percotttaturos
2594 4332 2780 4403 utique
2814 4331 2961 4388 scias
2996 4329 3351 4398 (acuti-enim
3390 4331 3540 4403 sunt)

1966 4433 2147 4483 utrum
2182 4427 2402 4482 tandem
2429 4426 2729 4492 voluntate,
2763 4439 2832 4481 an
2862 4434 3059 4495 prater
3084 4422 3415 4480 voluntatem
3442 4422 3541 4479 Ft·

1966 4517 2096 4573 liut-
2128 4516 2270 4572 Deus
2296 4531 2362 4572 ac
2386 4515 2553 4573 Pater
2575 4519 2843 4588 genuerit.

2036 4647 2102 4703 A.
2141 4649 2214 4702 At
2256 4645 2401 4705 scire
2445 4648 2703 4721 pervelim
2752 4665 2986 4722 quonam
3032 4651 3250 4708 demum
3296 4646 3541 4708 serantur

1969 4748 2079 4798 tam
2107 4739 2415 4813 perniciosa
2442 4755 2631 4798 eorum
2661 4753 2987 4801 commenta.

2037 4938 2100 4995 Β.
2139 4940 2354 4996 Addeut
2387 4938 2679 5007 nimirum,
2710 4947 2773 4994 ut
2801 4939 3088 5006 existimo,
3118 4942 3262 5013 quod
3294 4943 3339 5002 si
3370 4942 3542 5001 Filius

1967 5028 2115 5088 Patri
2146 5032 2220 5088 sit
2245 5029 2661 5097 involuntarius,
2690 5031 2838 5087 illum
2865 5046 2973 5088 non
2997 5045 3192 5105 sponte
3214 5035 3421 5105 genuit,
3446 5035 3543 5092 sed

1970 5125 2039 5181 ab
2054 5125 2237 5198 aliquo
2262 5126 2329 5181 ad
2356 5124 2459 5183 hoc
2484 5125 2731 5191 adactus,
2758 5136 2854 5181 aut
2880 5126 3222 5192 necessitate,
3244 5126 3390 5183 verbi
3416 5140 3545 5198 gra·

1975 5214 2080 5282 tia,
2110 5216 2195 5272 vel
2226 5216 2481 5287 quiddam
2513 5224 2711 5289 praeter
2738 5215 3069 5273 voluntatem
3104 5229 3295 5286 passus
3324 5228 3543 5287 compe-

1967 5310 2159 5366 rietur.
2193 5306 2308 5366 Boe
2341 5318 2520 5365 autem
2558 5317 2716 5378 pacto
2746 5310 2813 5364 ad
2845 5309 3135 5364 absurdum
3165 5306 3415 5364 oratione
3446 5307 3544 5365 ‹ic-

1966 5399 2153 5467 ducta,
2178 5414 2245 5456 eo
2270 5398 2490 5456 demum
2519 5398 2664 5457 illam
2696 5399 2959 5472 redigent.
2987 5406 3046 5453 ut
3076 5394 3441 5454 confitendum
3471 5399 3543 5456 sit

1967 5493 2111 5549 hand
2136 5493 2274 5550 citra
2294 5494 2626 5551 voluntatem
2650 5494 2889 5566 genitum
2917 5505 3040 5548 esse
3062 5506 3091 5547 a
3114 5489 3279 5550 Patre
3300 5488 3500 5548 Filium
3521 5510 3540 5563 ς

1969 5585 2292 5660 tandemque
2329 5586 2573 5646 inierunt
2607 5603 2623 5646 ι
2661 5585 2720 5644 si
2763 5601 2871 5644 non
2900 5585 3038 5643 citra
3072 5584 3403 5644 voluntatem
3443 5598 3539 5657 ge-
