3809 6125
291 294 386 359 vet

1356 283 1444 348 'ns
1484 292 1584 350 ss.
1625 279 2000 352 ‘ratetum
2038 292 2384 350 mametis
2421 292 2483 349 tt.

3450 282 3556 343 78²

359 418 412 470 B.
478 414 644 481 Ἀλλ’,
664 416 714 468 εἰ
733 412 938 484 βούλει,
975 414 1158 489 ςασιν,
1180 406 1281 467 ὧδε·
1309 431 1385 485 πη
1416 416 1509 469 καὶ
1538 415 1657 469 τόδε
1679 418 1874 487 ἐχέτω,
1904 421 1950 476 A
2050 416 2108 472 B.
2148 415 2256 472 Sed
2290 424 2427 481 esto,
2453 415 2499 471 si
2538 414 2610 468 ita
2665 413 2768 478 vis,
2819 410 3094 482 inquiunt,
3142 418 3198 466 et
3226 408 3557 465 coexsistere

289 512 383 565 καὶ
424 506 656 561 νοείσθω
691 506 1079 578 συνυπάρχειν.
1110 500 1220 559 Ἦν
1242 508 1352 577 γὰρ
1383 507 1471 560 ἀεὶ
1495 506 1722 576 δυνάμει
1759 507 1874 561 Πα-

285 604 391 674 τὴρ
418 602 449 655 ὁ
497 598 652 665 Θεὸς,
700 597 832 669 ψιλῇ
878 597 943 670 δὴ
981 592 1078 653 οὗν
1121 599 1230 670 ἄρα
1277 597 1481 670 θεωρίᾳ
1520 598 1743 669 ληπτδς,
1780 600 1876 653 καὶ

289 693 433 767 μόνῃ
469 689 565 746 τοῦ
596 684 737 744 εἶναι
781 689 1020 761 δοκήσει,
1050 689 1160 764 πρὸ
1203 692 1302 762 τῆς
1329 690 1633 760 γεννήσεως
1656 690 1686 742 ὁ
1722 689 1871 753 Υἱὸς,

289 781 618 854 γεγέννηται
653 780 712 835 δὲ
748 780 888 851 μετὰ
915 778 1094 836 τοῦτο.

358 876 427 930 Α.
468 871 702 940 Οὐκοῦν,
734 872 940 944 ἀληθὴς
964 872 1064 944 μὲν
1094 870 1234 936 τὲως
1267 872 1363 927 καὶ
1388 874 1453 926 ἐκ
1485 872 1701 944 Πατρὸς
1735 871 1871 943 ἀλη-

285 968 401 1033 θῶς
433 964 801 1039 ὀμολογείσθω
843 962 1030 1019 λοιπὸν
1074 964 1109 1036 ἡ
1150 957 1423 1044 γέννησις.
1491 966 1551 1021 ‘0
1582 966 1692 1037 γὰρ
1731 959 1872 1019 εἶναι

290 1056 555 1131 πεφυκὼς
582 1054 809 1125 δυνάμει
841 1072 901 1107 τε
929 1056 1022 1109 καῖ
1046 1045 1301 1129 ἐνεργείᾳ
1320 1055 1540 1136 ‚patha
1563 1057 1627 1111 οὐ
1655 1055 1872 1127 θέλησιν

290 1150 406 1222 ἔχει
432 1147 496 1203 τὸ
543 1146 632 1200 ἐπ’
657 1145 859 1216 ἀμφοῖν
892 1145 1298 1218 βραδεύουσαν,
1324 1145 1548 1221 ’φύσεως
1580 1149 1637 1203 δέ
1671 1148 1875 1221 μᾶλλον

288 1242 482 1314 ἐψεται
503 1241 707 1312 νόμοις,
730 1229 798 1311 ἧς
828 1240 896 1294 ἂν
923 1242 1094 1294 νοοῖτο
1112 1241 1208 1295 καὶ
1233 1241 1297 1296 τὸ
1316 1241 1514 1307 τεκεῖν,
1532 1240 1650 1296 ἀλλ’
1665 1240 1773 1296 οὐδ’
1804 1239 1873 1296 ἂν

287 1332 498 1389 ὀθνείου
536 1348 635 1386 του
665 1332 876 1401 γένοιτο
900 1325 1094 1406 Πατήρ
1109 1348 1124 1364 ·
1155 1331 1313 1406 εῖπερ
1339 1311 1515 1408 &sija
1535 1331 1872 1406 γεννώμενον

289 1422 530 1495 ὁμοφυές
547 1409 689 1476 εἶναι
709 1420 788 1492 τῷ
815 1419 1075 1491 γεννῶντι
1095 1422 1188 1494 δεὴ
1196 1419 1504 1500 cenfuvi&
1517 1423 1613 1479 καὶ
1627 1423 1776 1495 αὐτῷ
1792 1423 1872 1493 τῷ

288 1513 491 1587 Πατρὶ,
522 1512 614 1567 τὸν
648 1513 713 1566 ἐκ
755 1512 853 1567 τοῦ
884 1511 1186 1586 τετράφθαι
1226 1503 1872 1588 δυσκλεδμροσάπτουσι

292 1605 505 1677 μῶμον,
528 1603 708 1658 καίτοι
733 1602 835 1674 τῆς
858 1600 1007 1668 θείας
1031 1603 1297 1676 λεγούσης
1325 1595 1552 1688 Γραφῇς
1573 1622 1589 1639 ·
1619 1624 1640 1660 t
1668 1604 1807 1678 Παρ’
1828 1598 1874 1674 ᾧ

287 1700 390 1751 οὐκ
418 1697 539 1750 ἐστι
581 1694 931 1769 παραλλαγὴ,
964 1694 1001 1768 ἦ
1027 1695 1237 1770 τροπῆς
1267 1698 1647 1774 ἀποσκίασμα,
1682 1716 1703 1753 ι
1734 1700 1869 1756 κάν·-

1983 517 2271 564 censeatur
2303 503 2457 561 Patri
2507 504 2701 561 Filius.
2755 502 2886 558 Erat
2928 502 3073 559 enim
3097 514 3312 571 semper
3353 501 3560 557 virtuto

1981 599 2144 654 Pater
2170 596 2347 654 Deus:
2380 597 2517 653 nuda
2559 597 2723 667 igitur
2743 601 2868 651 erat-
2922 595 3143 651 notione
3196 594 3562 665 comprobem.

1980 688 2193 752 sibilis,
2256 696 2313 742 et
2359 686 2473 741 seia
2532 686 2919 757 imaginatione
2964 693 3098 740 ante
3150 684 3557 755 generationem

1981 778 2173 843 Filius,
2214 779 2427 851 genitus
2454 784 2635 835 autem
2667 787 2756 833 est
2776 786 2984 848 postea.

2048 872 2115 927 A.
2141 870 2336 943 itaque
2354 871 2723 929 vera-demum·
2746 878 2801 926 et
2838 883 2906 927 ex
2937 869 3099 927 Patre
3125 879 3254 928 vere
3284 870 3561 927 constabit

1978 964 2148 1037 458
2194 979 2316 1021 esse
2368 964 2793 1035 generati'onemt
2848 962 3019 1034 Cuius
3043 964 3189 1021 enim
3241 971 3434 1018 natura
3462 976 3562 1032 po-

1980 1057 2145 1113 stulat
2186 1064 2245 1112 ut
2279 1056 2353 1112 sit
2412 1055 2619 1110 virtute
2665 1061 2724 1111 et
2768 1062 2898 1110 actu
2957 1052 3139 1120 Pater,
3207 1069 3238 1110 a
3284 1056 3562 1111 voluntate

1981 1155 2234 1203 neutrum
2276 1145 2496 1218 accipit,
2536 1146 2632 1203 sed
2691 1153 2902 1202 naturae
2927 1144 3077 1217 teges
3096 1145 3557 1217 sequitnrpotius,

1978 1238 2134 1309 cujus
2189 1246 2277 1295 est
2316 1240 2570 1309 gignere:
2644 1238 2742 1294 πᾶ
2795 1245 2975 1308 neque
3016 1236 3208 1294 aiienae
3262 1238 3344 1294 rei
3400 1234 3562 1293 Pater

1980 1331 2166 1397 suerit,
2211 1330 2476 1401 siquidem
2510 1329 2564 1387 id
2625 1330 2774 1401 quod
2826 1330 3087 1402 gignitur,
3154 1329 3397 1398 ejusdem
3440 1342 3563 1386 esse

1979 1431 2189 1480 naturae
2238 1436 2363 1479 cum
2402 1422 2645 1494 genitore
2692 1421 2983 1492 oportebit.
3038 1421 3192 1490 Quod
3241 1431 3421 1478 autem
3455 1423 3563 1494 ipsi

1980 1528 2195 1587 quoque
2221 1511 2373 1570 Patri
2400 1513 2597 1571 ioedam
2625 1521 2834 1585 notam,
2850 1513 3008 1586 quasi
3032 1520 3271 1570 mutatus
3295 1514 3385 1579 sit,
3409 1514 3565 1570 affin·-

1979 1618 2135 1678 gant,
2161 1607 2294 1664 iicet
2314 1606 2600 1679 Scriptura
2622 1621 2778 1664 sacra
2802 1607 2980 1663 dicat:
3006 1623 3026 1659 t
3063 1607 3220 1678 Apud
3254 1620 3417 1677 quem
3454 1622 3563 1663 non

1980 1708 2065 1755 est
2116 1699 2626 1765 transmutatio,nec
2646 1698 3042 1756 vicissitudinis
3082 1699 3428 1756 obumbratio
3459 1698 3559 1765 ¹·,2

292 1787 488 1844 τεῦθεν
525 1785 746 1841 εἴσοιτο.
779 1786 845 1839 Τί
869 1786 980 1858 γὰρ
1010 1787 1075 1860 δὴ
1109 1788 1268 1843 τοῦτό
1297 1791 1432 1856 ἐστι,
1452 1783 1678 1857 ὧ”τᾶν,
1700 1791 1735 1863 ἢ
1756 1808 1873 1863 τρο-
1905 1773 1948 1829 Β
1982 1790 2110 1847 binc
2164 1790 2396 1861 patebit.
2443 1789 2588 1858 Quid
2633 1790 2777 1847 enim
2828 1787 2976 1847 aiiud
3020 1789 3165 1847 istud
3210 1800 3315 1857 est,
3358 1802 3561 1859 quaesu,

292 1877 391 1954 τιὴ,
417 1878 514 1933 καὶ
534 1877 739 1949 παχεῖά
764 1894 850 1942 τις
874 1878 1064 1953 ὥσπερ
1096 1880 1391 1954 ἐξαλλαγὴ,
1417 1882 1479 1937 τὸ
1499 1883 1567 1962 ἐκ
1594 1880 1690 1938 τοῦ
1719 1884 1876 1939 δυνά-

295 1986 386 2043 μει
450 1968 599 2042 φημὶ
655 1972 996 2043 μεταχωρεῖν
1041 1972 1123 2036 είς
1168 1971 1481 2044 ὲνέργειανς
1515 1963 1591 2034 ‘te
1629 1974 1730 2046 μέν
1771 1973 1881 2048 γάρ

294 2057 436 2119 εἶναί
463 2081 517 2117 τι
565 2057 794 2133 δυνάμει
849 2064 916 2135 τῇ
953 2065 1092 2119 κατὰ
1137 2063 1303 2134 φύσιν
1329 2064 1759 2142 ὑπειλημμένον,
1803 2066 1881 2139 μὴ

303 2153 411 2227 μὴν
438 2152 539 2225 ἥδη
570 2150 731 2207 τοῦτο
765 2150 1021 2223 ἐνεργείᾳ
1041 2151 1251 2224 δεχθέν,
1271 2151 1503 2225 ἔστηκεν
1533 2154 1592 2207 ἐν
1619 2155 1690 2225 τῇ
1719 2153 1880 2208 δυνά-

310 2262 403 2316 μει
427 2245 580 2309 τέως,
617 2243 1020 2314 είσδεδεγμένον
1052 2244 1151 2314 μὲν
1179 2242 1336 2300 οὔπω
1362 2244 1461 2316 τὴν
1488 2245 1569 2311 είς
1595 2245 1882 2317 ἐνέργειαν

312 2334 546 2406 κίνησιν,
571 2334 973 2407 ἐμφιλοχωροῦν
1009 2335 1067 2389 δέ
1096 2334 1200 2401 ἐτι,
1242 2335 1323 2407 τῷ
1356 2338 1414 2390 ἐν
1453 2336 1649 2409 ἀρχαῖς
1694 2350 1754 2391 τε
1786 2336 1882 2391 καὶ

318 2426 530 2501 πρώτῳ.
559 2425 623 2482 Et
663 2426 722 2480 δέ
767 2425 1067 2490 είσδὲξαιτο
1112 2426 1274 2499 τυχὸν
1321 2427 1422 2498 τὴν
1446 2429 1549 2496 ,εἰς
1597 2427 1882 2500 ἐνέργειαν

317 2515 536 2588 κίνησιν,
553 2516 1007 2588 μεταφοιτησειεν
1027 2515 1095 2570 ἂν
1118 2515 1346 2581 είκότως
1368 2516 1456 2588 ἐφ’
1476 2516 1687 2591 ἕτερον,
1703 2514 1880 2590 οἶμαι,

308 2608 361 2661 τὶ
388 2605 513 2678 παρ’
539 2608 678 2675 ὅπερ
705 2602 774 2681 ἦν
796 2609 853 2662 ἐν
876 2608 1093 2683 ἀρχαῖς,
1116 2607 1276 2681 εῖπερ
1297 2608 1396 2680 οὐχ
1422 2608 1521 2664 ’ένα
1545 2605 1643 2666 καὶ
1664 2609 1760 2663 τὸν
1785 2610 1883 2665 αὓ-

298 2698 390 2753 τὸν
415 2700 748 2772 ἀπονέμουσι
776 2700 961 2766 τόπον,
1008 2700 1087 2768 τῷ
1115 2716 1173 2755 τε
1208 2700 1351 2756 κατὰ
1393 2699 1645 2774 δύναμιν,
1670 2701 1766 2757 καὶ
1804 2701 1884 2775 τῷ

302 2793 421 2846 κατ’
447 2793 753 2865 ἐνέργειαν.

362 2885 428 2940 Β.
469 2886 583 2940 υῦκ
609 2884 783 2957 οἶμαι.

360 2976 428 3030 Δ.
471 2978 536 3031 Et
573 2979 671 3049 μέν
711 2974 802 3032 οὗν
851 2972 991 3032 εἷναί
1032 2996 1166 3049 φασι
1193 2978 1257 3034 τὸ
1297 2974 1734 3047 &tectos-‘duom
1767 2972 1890 3035 ἀλλ’

1983 1897 2016 1937 a
2060 1881 2303 1953 potentia
2351 1880 2421 1938 ad
2466 1889 2648 1937 actum
2690 1880 2948 1952 migrare,
2999 1894 3161 1951 quam
3204 1880 3458 1948 mutatio,
3510 1892 3568 1937 et

1982 1988 2173 2032 crassa
2194 1972 2361 2032 veluti
2398 1975 2644 2045 quiedam
2687 1970 3036 2030 vicissitudo?
3061 1971 3217 2039 Quod
3266 1972 3411 2028 enim
3467 1983 3568 2041 pu·

1988 2071 2135 2118 tatur
2154 2061 2360 2134 aliquid
2386 2077 2510 2121 esse
2541 2064 2783 2135 potentia
2835 2061 3092 2130 natur-aii,
3121 2064 3353 2120 necdum
3384 2070 3565 2120 tamen

1984 2155 2127 2212 istud
2190 2164 2314 2212 actu
2359 2156 2615 2227 suscepit,
2646 2165 2874 2214 eatenus
2907 2165 3018 2213 stat
3067 2156 3120 2211 in
3148 2156 3413 2228 potentia,
3440 2170 3567 2213 cum

1985 2245 2224 2303 nondum
2277 2248 2549 2319 acceperit
2607 2255 2812 2304 motum
2869 2249 2938 2303 ad
2984 2247 3381 2314 actum,sedin
3418 2248 3568 2317 prin-

1985 2338 2127 2409 cipio
2171 2352 2269 2394 suo
2290 2349 2346 2393 et
2395 2338 2659 2409 primario
2697 2338 2791 2395 iiio
2833 2338 3016 2395 adhuc
3048 2337 3500 2404 moretur.·Quod
3521 2340 3566 2394 si

1984 2425 2130 2485 sorte
2155 2436 2361 2485 motum
2380 2429 2447 2485 ad
2468 2437 2649 2485 actum
2682 2429 3004 2501 susceperit,
3031 2429 3106 2483 ad·
3133 2428 3278 2484 aliud
3308 2428 3566 2499 quiddam

1985 2518 2244 2575 transibit
2271 2532 2435 2592 quam
2464 2520 2520 2575 id
2554 2521 2700 2591 quod
2719 2528 2840 2577 erat
2880 2520 2935 2576 in
2961 2519 3251 2591 principio,
3295 2519 3567 2590 siquidem

1984 2625 2092 2667 non
2137 2625 2306 2668 unum
2342 2619 2398 2668 et
2430 2613 2680 2668 eumdem
2726 2611 2905 2669 iocum
2953 2612 3199 2668 tribuunt
3236 2610 3451 2681 ciquod
3481 2624 3568 2667 est

1987 2702 2251 2773 potentia,
2282 2711 2338 2759 et
2366 2703 2415 2759 ei
2443 2705 2589 2773 quod
2612 2713 2697 2760 est
2724 2713 2871 2760 actu.

2057 2875 2121 2935 B.
2147 2876 2261 2933 Non
2291 2878 2564 2935 existimo,

2049 2971 2137 3045 Α.
2167 2967 2226 3026 Si
2261 2984 2392 3041 ergo
2431 2970 2643 3028 nulium
2679 2985 2804 3028 esse
2846 2970 3142 3029 discrimen
3181 2971 3353 3040 aiunt,
3385 2973 3481 3029 sed
3512 2974 3567 3029 in

291 3068 505 3123 ετοουσε
538 3085 596 3121 τε
636 3069 804 3139 ὁμόσε
836 3071 929 3124 καὶ
977 3071 1056 3135 εις
1087 3071 1189 3125 ἕνα
1219 3073 1314 3126 καὶ
1343 3072 1436 3126 τὸν
1459 3066 1625 3129 «θεὸν
1679 3071 1884 3143 symo-
1989 3078 2157 3120 unum
2176 3065 2550 3136 eumdemque
2583 3065 2761 3122 iocum
2788 3065 3075 3123 conserent
3103 3081 3170 3122 ac
3200 3066 3567 3132 collocabunt,

296 3159 609 3233 ιδρύσαιντο
637 3159 821 3226 τόπον,
840 3160 1090 3232 ἐνεργείᾳ
1117 3159 1325 3232 Πατὴρ.
1355 3158 1731 3237 καὶρνάρχως
1758 3159 1830 3238 ἦν
1855 3165 1887 3219 ὸ
1910 3134 1956 3196 c
1989 3161 2113 3210 actu
2165 3151 2332 3210 Pater
2376 3162 2434 3210 et
2489 3155 2696 3226 ubsque
2723 3153 2991 3226 principio
3041 3164 3162 3213 erat
3214 3157 3376 3214 Deus.
3424 3157 3568 3213 Nihit

293 3251 450 3313 Θεός.
479 3251 755 3322 Ἀπείρξει
792 3250 901 3322 γάρ
923 3249 1004 3303 ἐτι
1037 3249 1195 3304 τοῦτο
1216 3248 1397 3320 λέγειν
1431 3252 1605 3320 οὐδὲν,
1644 3259 1727 3320 είς
1750 3273 1883 3310 ταυ-

295 3343 392 3395 τὸν
425 3343 557 3413 ἡμῖν
612 3341 856 3412 Ξγμένοιν
899 3341 999 3407 τοῦ
1034 3358 1099 3409 τε
1142 3328 1595 3414 εὰτάἲθύναμιν,
1645 3345 1740 3400 καὶ
1786 3345 1882 3401 τοῦ

294 3433 422 3490 κατ’
448 3434 756 3505 ἐνέργειαν.
802 3424 1189 3506 Mimo-ra
1218 3434 1318 3506 μέν
1364 3433 1483 3497 ὡδὶ,
1516 3434 1787 3510 διεστηξει
1818 3455 1882 3507 γε

300 3524 412 3598 μὴν
443 3523 714 3597 ἀλλήλοιν,
747 3525 841 3579 καὶ
868 3524 933 3578 οὐ
966 3518 1165 3596 μετρίᾳ
1195 3523 1450 3596 διαφορᾷ,
1491 3524 1611 3590 πῶς
1638 3526 1701 3580 οὐ
1740 3544 1885 3599 παρ-

301 3617 563 3688 ηλλακται
584 3616 650 3669 τά
679 3617 835 3683 Θεοῦ,
871 3617 1057 3671 στάσιν
1089 3617 1187 3686 μὲν
1220 3617 1405 3669 οὐκέτι
1425 3618 1539 3690 τὴν·
1561 3619 1620 3672 ὲν
1639 3617 1720 3689 τῷ
1740 3619 1884 3673 κατὰ

297 3708 531 3779 δύναμιν
568 3708 939 3773 ἀποσώζοντα,
974 3707 1281 3762 πεπονθότα
1323 3709 1380 3761 δέ
1432 3709 1622 3784 ὥσπερ
1663 3708 1770 3776 τὴν
1802 3711 1884 3774 είς

304 3802 583 3874 ἐνέργειαν
608 3802 819 3871 κίνησιν
843 3819 856 3865 ;

374 3893 436 3946 Β.
481 3894 656 3963 Ἐφης
694 3894 791 3965 μέν
817 3894 1023 3957 εἰκότα,
1059 3895 1200 3967 πλὴν
1222 3889 1376 3968 οἶμαί
1418 3911 1522 3950 που
1550 3896 1773 3951 κάκεῖνο
1803 3899 1884 3961 είς

303 3984 433 4039 νοῦν
453 3987 567 4049 τοῖς
595 3985 661 4039 δι’
691 3987 939 4051 ἐναντίας
960 3985 1157 4050 ἐλθεῖν,
1178 3987 1274 4043 καὶ
1298 3989 1404 4060 μὴν
1430 3987 1525 4043 καὶ
1554 3987 1771 4043 ἑλέσθαι
1797 3988 1883 4041 λέ-

303 4088 443 4144 γειν.
476 4069 603 4147 'Ap'
629 4072 743 4140 οῦν,
794 4076 1090 4150 ἐπειδήπερ
1122 4079 1210 4133 ἀεὶ
1239 4078 1339 4150 μὲν
1370 4078 1487 4133 ἐστι
1528 4079 1671 4134 κατὰ
1697 4080 1880 4150 φύσιν,

304 4167 399 4220 καὶ
431 4166 680 4238 ἀνάρχως
709 4169 1040 4241 δημιουργὸς
1066 4172 1095 4224 ό
1115 4170 1327 4242 Πατὴρ,
1356 4171 1646 4242 εἴργασταί
1676 4188 1740 4240 γε
1777 4172 1885 4244 μὴν

299 4259 404 4312 οὐκ
436 4259 680 4331 ἀχρόνως
713 4259 781 4312 τά
812 4260 1192 4332 πεποιημένα·
1225 4262 1288 4316 οὺ
1317 4261 1428 4334 γάρ
1474 4263 1744 4318 συναῖδιον
1770 4263 1883 4335 ἔχει

298 4351 403 4425 τὴν
428 4353 603 4406 κτίσιν
632 4351 725 4426 [ai.
754 4351 932 4426 ῦλην],
961 4353 1079 4407 ἀλλ’
1118 4356 1177 4407 ἐν
1217 4353 1392 4427 καιρῷ
1415 4355 1789 4429 παρεκόμισεν
1821 4356 1881 4426 ἐξ

1986 3243 2132 3300 enim
2180 3243 2295 3316 jam
2337 3243 2644 3314 prohibebit
2684 3245 2973 3314 quominus
3013 3245 3120 3303 hoc
3151 3247 3417 3316 dicamus,
3442 3249 3490 3305 si
3517 3250 3571 3302 id

1987 3338 2129 3408 quod
2155 3345 2241 3392 est
2285 3336 2510 3403 virtute,
2572 3347 2625 3393 et
2655 3339 2800 3409 quod
2840 3345 2983 3405 actu,
3016 3338 3073 3394 in
3121 3338 3263 3394 idem
3316 3341 3568 3396 coierint.

1986 3427 2241 3496 Quodsi
2290 3442 2397 3483 non
2448 3427 2523 3483 ita
2579 3435 2685 3495 est,
2735 3427 2834 3484 sed
2862 3428 3093 3484 invicem
3131 3429 3359 3496 distant,
3390 3445 3567 3500 neque

1983 3532 2151 3588 parvo
2190 3517 2528 3584 discrimine,
2560 3518 2833 3590 quomodo
2863 3532 2952 3575 res
2974 3518 3178 3576 divinae
3207 3523 3565 3577 mutationem

1986 3625 2092 3666 non
2132 3615 2417 3681 ceperunt,
2476 3624 2598 3666 cum
2647 3609 2700 3664 in
2750 3623 2817 3665 eo
2857 3612 3003 3680 quod
3058 3619 3144 3666 est
3180 3612 3567 3681 potentia,Jatn

1986 3719 2093 3759 non
2116 3705 2437 3770 consistant,
2484 3705 2578 3760 sed
2624 3710 2827 3759 motum
2858 3703 2925 3759 ad
2953 3712 3135 3760 actum
3167 3705 3568 3776 quodammodo

1985 3793 2393 3852 sustinuerint?

2057 3887 2117 3943 B.
2141 3886 2449 3944 Probabilis
2468 3886 2684 3959 quidem
2706 3894 2969 3959 suntquae
2994 3886 3167 3945 dicis=
3191 3899 3563 3946 verumtamen

1985 3980 2129 4039 istud
2172 3979 2367 4052 opinor
2413 3979 2468 4034 in
2516 3987 2754 4035 mentem
2784 3982 2975 4037 venire
3004 3982 3370 4047 adversariis,
3400 3993 3563 4054 atque

1984 4074 2058 4129 ita
2085 4086 2186 4128 nos
2215 4070 2540 4142 compeliare
2580 4069 2720 4139 :An,
2753 4086 2876 4128 cum
2916 4087 3133 4145 semper
3169 4075 3242 4131 sit
3267 4078 3565 4131 secundum

1983 4172 2241 4220 naturam
2273 4173 2328 4220 et
2347 4162 2552 4235 absque
2583 4161 2851 4234 principio
2876 4171 3095 4220 creator
3118 4164 3298 4230 Pater,
3323 4167 3568 4237 adeoque

1986 4272 2095 4314 non
2154 4256 2359 4326 absque
2411 4262 2659 4325 temporo
2713 4253 2901 4312 fecerit
2941 4263 3224 4312 creaturas
3252 4256 3389 4327 (non
3417 4259 3562 4313 enim

1984 4346 2035 4402 ei
2061 4356 2333 4402 coaeterna
2356 4352 2725 4411 estereatura,
2755 4345 2990 4403 sedeam
3013 4347 3068 4402 in
3092 4355 3334 4417 tempore
3379 4348 3566 4402 eduxit

299 4445 404 4498 οὐκ
430 4444 598 4499 ὄντων
639 4444 829 4516 αὐτὴν,
879 4444 1198 4516 κεκινῆσθαι
1229 4445 1506 4518 δώσομεν,
1541 4449 1637 4504 καὶ
1671 4450 1881 4523 τροπῆς
1912 4485 1967 4546 D
1986 4452 2022 4494 ε
2053 4437 2272 4507 nimio),
2297 4447 2563 4494 mutatam
2599 4438 2981 4507 concedemus,
3000 4441 3446 4496 etconversionis
3467 4441 3567 4496 ob-

298 4538 660 4608 ἀποσκίασμα
692 4538 884 4592 παθεῖν
910 4537 1008 4610 τὴν
1045 4539 1311 4609 ἄτρεπτον
1340 4539 1506 4594 αὐτοῦ
1537 4541 1734 4611 φύσιν;
1760 4537 1880 4598 εἶτα
1989 4528 2383 4584 ΰῐῦὓῐῧῑῖθθθω
2439 4542 2653 4597 P⁸⁸⁵²¹¹¹
2691 4542 2812 4585 0⁸⁸0
2861 4529 3254 4587 imfffllfflffiem
3303 4531 3423 4600 ²1⁰⁸
3464 4547 3565 4587 Μ·

298 4627 385 4692 τίς
411 4629 440 4681 ὀ
471 4626 822 4702 τοῦτορφάναι
847 4626 1063 4698 τολμῶν
1088 4643 1103 4692 ;
1129 4627 1337 4682 Οὐκοῦν
1359 4629 1408 4681 εί
1438 4631 1692 4703 προήκει,
1718 4631 1875 4703 φησὶ,

298 4718 398 4772 καὶ
423 4717 516 4772 ἐπὶ
544 4718 606 4771 τὸ
633 4717 886 4788 λέγεσθαι
916 4719 1111 4790 γεννᾷν
1145 4721 1210 4773 ὲκ
1236 4717 1331 4773 τοῦ
1369 4719 1511 4774 κατὰ
1540 4720 1771 4792 δύναμιν
1794 4723 1876 4787 είς

299 4807 602 4880 ἐνέργειαν,
625 4809 686 4862 οὐ
713 4807 888 4880 τροπὴ
915 4808 976 4861 τὸ
998 4807 1204 4879 χρῆμα,
1240 4807 1336 4861 καὶ
1363 4807 1578 4880 κίνησις
1606 4809 1685 4873 είς
1709 4826 1875 4882 μετα-

299 4899 487 4970 δολὴν,
514 4900 652 4954 ἀλλά
703 4899 919 4969 φύσεως
954 4899 1153 4972 μᾶλλον
1207 4898 1603 4971 ἐπιτηδειότης,
1647 4900 1883 4972 ἐχούσης

298 4983 407 5045 ὧδε
435 4991 564 5060 περὶ
588 4989 687 5060 τὴν
720 4990 996 5059 γέννησιν.

369 5082 436 5135 Δ.
489 5079 578 5142 Ὠς
612 5079 832 5143 εὔκολός
865 5097 945 5133 σοι
969 5079 1103 5151 πρὸς
1132 5079 1394 5151 ἐλαφρίαν
1422 5081 1451 5134 ὁ
1474 5079 1618 5144 νοῦς,
1647 5081 1805 5153 εἴπερ
1824 5098 1879 5137 τι

296 5172 410 5227 τῶν
442 5173 756 5238 ἀναγκαίων
783 5171 1182 5244 ἐντεθυμῆσθαι
1218 5173 1396 5236 δοκεῖς
1429 5174 1552 5237 τοὺς
1585 5172 1881 5246 διεστραμ-

301 5263 524 5334 μένους.
551 5263 997 5318 Ὲκὸασανιστέον
1030 5264 1138 5334 γὰρ
1165 5264 1245 5317 ὅτι
1278 5263 1512 5334 μάλιστά
1541 5281 1628 5333 γε,
1659 5264 1750 5319 τὸν
1779 5263 1880 5334 τῆς

297 5356 390 5408 ἐπ’
416 5355 622 5426 ἀμφοῖν
673 5358 937 5426 κινήσεως
961 5356 1183 5426 τρόπον,
1215 5357 1312 5410 καὶ
1336 5355 1390 5410 τί
1427 5357 1490 5411 τὸ
1518 5356 1873 5430 μεσολαὸοῦν,

297 5447 396 5501 καὶ
424 5447 528 5518 τὴν
565 5446 770 5517 μεταξὺ
802 5446 1063 5518 κειμένην
1105 5446 1403 5517 ἐμφανίζον
1441 5448 1728 5520 διαφοράν,
1754 5447 1875 5521 εῖση

294 5555 362 5594 τι
389 5538 532 5593 οὕτω
556 5538 744 5594 λοιπὸν
764 5538 868 5609 τῆς
891 5540 1111 5595 ἐκείνων
1145 5539 1387 5611 ἀμαθίας
1417 5540 1507 5595 τὸν
1537 5539 1756 5614 γραώδη
1784 5541 1877 5595 λό-

374 5720 420 5751 ⁸·
456 5717 573 5775 lac.
610 5734 648 5787 t,
681 5720 766 5775 ¹7.

1987 4617 2207 4675 turam?
2275 4616 2347 4671 At
2388 4617 2511 4686 quis
2537 4617 2643 4674 hoc
2680 4618 2864 4674 dicere
2917 4618 3146 4675 audeat?
3194 4619 3564 4687 Quamobrem

1982 4710 2115 4768 licet
2138 4724 2205 4767 eo
2236 4710 2635 4782 progrediatur,
2681 4709 2953 4781 inquiunt,
2978 4718 3040 4767 ut
3067 4726 3330 4782 generare
3351 4713 3566 4769 dicatur

1983 4819 2011 4860 a
2066 4803 2310 4876 potentia
2368 4803 2436 4858 ad
2480 4812 2684 4869 actum,
2714 4817 2822 4859 non
2871 4804 3157 4860 conversio
3184 4804 3327 4862 istud
3357 4814 3459 4869 est,
3499 4821 3566 4860 ac

1982 4905 2161 4953 motus
2192 4896 2245 4951 in
2283 4896 2660 4964 mutationem,
2698 4896 2793 4952 sed
2857 4896 3102 4966 aptitudo
3136 4906 3343 4955 naturae
3382 4898 3565 4969 potius

1980 4988 2263 5060 quaehunc
2290 4988 2343 5043 in
2368 4990 2584 5044 modum
2602 4998 2914 5060 comparata
2934 4991 3104 5047 estad
3127 4992 3559 5063 generationem.

2050 5081 2117 5136 Α.
2146 5079 2317 5148 Quam
2353 5083 2599 5152 proxime
2646 5081 2712 5135 ad
2745 5081 3023 5138 levitatem
3052 5085 3287 5150 accedis,
3326 5083 3373 5139 si
3417 5084 3561 5154 quod

1978 5189 2156 5243 operae
2185 5174 2416 5245 pretium
2445 5173 2516 5229 ab
2545 5174 2818 5232 baereticis
2861 5177 3224 5247 excogitatum
3267 5185 3441 5246 putas.
3471 5175 3563 5232 in-

1977 5264 2240 5335 quirenda
2264 5262 2407 5318 enim
2439 5273 2523 5319 est
2548 5263 2717 5337 459
2749 5265 3019 5339 imprimis
3043 5268 3094 5322 in
3124 5277 3358 5339 utroque
3382 5279 3561 5325 motus

1976 5356 2136 5423 ratio,
2195 5360 2250 5410 et
2314 5355 2443 5427 quid
2468 5355 2769 5413 intercedat
2796 5397 2811 5424 ,
2870 5356 3069 5427 quidve
3136 5360 3465 5418 discriminis
3489 5364 3560 5417 sit

1978 5449 2125 5506 inter
2146 5449 2257 5517 iila,
2310 5465 2375 5507 ac
2395 5450 2475 5506 sic
2514 5450 2730 5508 demum
2768 5451 3037 5522 intelliges
3067 5468 3186 5523 quae
3227 5454 3336 5510 sint
3386 5455 3559 5523 impe·

1980 5540 2207 5598 ritorutn
2260 5541 2566 5599 istiusmodi
2644 5541 2816 5600 aniles
2846 5559 3018 5617 nngw.
3047 5543 3204 5612 Quod
3232 5545 3375 5604 enim
3406 5559 3473 5602 ex
3495 5557 3561 5601 se
