3809 6125
289 379 394 435 3¹3

1306 374 1364 430 S.
1403 367 1683 430 emtum
1720 361 2187 420 stamnum!
2223 363 2542 422 Ancutm’.

3429 360 3542 420 31⁸

285 494 634 551 crediderunt
671 511 685 551 ε
714 496 899 552 dicant
927 494 1081 551 uobis
1114 495 1383 565 quomodo
1426 495 1632 565 primus
1661 498 1860 561 pareus
1888 488 1935 545 Δ
1962 485 2178 556 τέμνειν
2196 484 2455 539 δύνασθαι
2486 482 2902 548 πεπιστεύκασι,
2924 480 3228 551 λεγέτωσαν
3249 479 3389 551 ἡμῖν
3416 479 3544 546 πῶς

287 583 457 637 Adam
473 582 945 641 consubstantialis
971 584 1075 640 erit
1104 583 1179 638 illi
1214 583 1393 652 quiex
1425 596 1484 638 se
1510 582 1722 652 genitus
1747 589 1854 644 eat,

288 688 407 728 cum
443 690 616 745 neque
640 676 754 745 ipse
787 676 956 745 possit
984 690 1106 730 esse
1143 674 1298 739 Abel,
1336 688 1510 744 neque
1571 672 1704 727 Abel
1758 687 1859 726 un·

288 777 449 832 quam
481 764 692 821 futurus
720 764 1023 821 sitAdam?
1048 765 1208 836 Atqui
1239 764 1521 821 nominum
1553 763 1857 818 differentia

289 856 607 911 substantiae
633 856 966 912 identitatem
991 872 1096 911 non
1123 856 1278 911 tollit.
1311 856 1488 926 Atque
1509 855 1613 911 boc
1639 855 1856 924 quidem

291 941 503 998 infacta
543 954 596 1000 et
625 955 805 1000 ereata
831 954 1044 1000 natura.
1076 944 1357 1012 Quomodo
1401 946 1564 1016 igitur
1613 959 1719 1000 non
1755 944 1862 999 sue·

291 1032 362 1087 rit
384 1032 604 1105 impium
640 1035 692 1090 in
724 1044 916 1091 natura
937 1036 1198 1100 increata,
1229 1051 1349 1106 quoe
1376 1037 1632 1092 omnibus
1654 1036 1856 1092 creatis

289 1124 444 1193 longe
470 1125 905 1193 antecellit,illud
934 1127 1211 1182 statuere?
1262 1127 1723 1196 Quemadmodum
1757 1126 1858 1195 igi-

291 1221 377 1266 tur
403 1213 448 1267 si
475 1224 619 1269 esset
647 1215 873 1271 diversae
892 1218 1163 1281 essentiae,
1196 1231 1302 1273 non
1335 1227 1480 1272 esset
1502 1231 1687 1273 verum
1717 1218 1856 1273 Ver-

291 1303 527 1369 bum,ita
561 1319 682 1361 eum
712 1305 1502 1375 sitconsubstantialis,verum
1536 1308 1698 1362 etiam
1725 1307 1861 1365 Ver-

291 1394 414 1448 bum
436 1402 540 1451 est.

955 1488 1183 1544 ALlUD.

360 1576 587 1633 Nomina
613 1593 734 1649 quae
763 1580 1121 1638 substantiam
1155 1596 1336 1638 rerum
1354 1583 1633 1639 declarant
1683 1583 1859 1653 prima

292 1668 635 1739 maximeque
657 1672 873 1742 propria
899 1684 1028 1728 sunt
1062 1691 1077 1729 ι
1109 1674 1335 1730 multam
1369 1683 1548 1729 tamen
1579 1673 1632 1728 in
1661 1673 1728 1730 iis
1751 1672 1856 1729 dit-

291 1756 572 1815 t'erentiam
611 1761 792 1818 videre
818 1763 1106 1820 licet.Alia
1141 1766 1284 1821 enim
1347 1765 1708 1822 universalius
1771 1780 1858 1821 res

291 1850 438 1917 ipsas
459 1853 795 1920 significant,
820 1864 873 1909 et
899 1856 1227 1925 generaliter
1254 1856 1555 1924 explicant;
1600 1855 1706 1912 alia
1731 1871 1861 1913 vero

292 1939 614 1995 universalia
655 1940 708 1995 in
726 1941 1024 2012 singularia
1061 1954 1271 2008 secant,
1300 1946 1602 2015 multasque
1640 1959 1729 2002 res
1771 1961 1861 2017 ap-

289 2041 479 2094 parere
498 2028 723 2089 faciunt.
751 2031 993 2103 Exempli
1025 2034 1216 2104 gratia,
1251 2035 1484 2091 bominis
1510 2050 1702 2091 nomen
1726 2036 1860 2092 sim·

290 2114 503 2184 pliciter
529 2127 691 2188 atque
715 2121 960 2177 absolute
986 2123 1209 2191 dictum,
1234 2126 1548 2183 universum
1571 2143 1741 2198 genus
1762 2128 1859 2183 bo·

290 2204 495 2261 urinum
526 2207 812 2277 significat,
859 2220 952 2264 aut
996 2213 1350 2269 substantiam
1404 2216 1572 2285 ipsam
1607 2235 1623 2271 ι
1657 2215 1855 2272 Paulus

289 2309 418 2351 vero
447 2297 768 2364 autPetrus,
806 2300 964 2371 187
992 2310 1085 2357 aut
1112 2301 1365 2371 lacobus,
1404 2316 1497 2361 aut
1518 2307 1734 2376 Ceplias
1761 2309 1858 2363 bu·

287 2384 601 2441 manitatem
633 2387 685 2443 in
715 2389 1006 2461 singularia
1040 2395 1294 2464 partitur,
1328 2398 1630 2468 multosque
1688 2399 1858 2454 bomi-

286 2490 383 2531 nes
409 2477 707 2533 constituit.
737 2479 1021 2538 Nominum
1048 2483 1232 2556 itaque
1253 2486 1554 2543 differentia
1585 2490 1857 2558 accipitur

285 2564 502 2631 quidem
533 2565 584 2621 in
623 2567 688 2623 iis
717 2569 808 2639 qui
829 2568 1068 2637 eiusdem
1113 2577 1436 2631 substantiae
1491 2586 1639 2640 sunt,
1677 2593 1856 2649 neque

286 2651 424 2708 tollit
471 2669 655 2710 eorum
690 2672 809 2727 quae
841 2659 1080 2729 ejusdem
1128 2664 1325 2732 speciei
1370 2674 1516 2726 sunt,
1548 2666 1853 2724 naturalem

284 2742 424 2798 inter
451 2760 508 2801 se
531 2746 962 2805 similitudinem.
997 2750 1128 2807 Cum
1201 2754 1363 2828 igitur
1451 2755 1613 2811 Pater
1647 2756 1857 2813 dicatur

283 2831 466 2900 Pater,
493 2836 664 2895 Filius
688 2856 815 2898 vero
847 2840 1101 2911 Verbum,
1127 2860 1236 2902 non
1264 2847 1370 2904 erit
1408 2848 1492 2904 vel
1520 2849 1610 2906 bic
1649 2848 1747 2918 illi,
1772 2851 1858 2908 vel

284 2925 373 2981 ille
399 2926 522 2983 buic
552 2931 828 2989 dissimilis
863 2947 1075 3003 natura,
1106 2952 1228 2993 eum
1253 2938 1382 2995 solis
1406 2939 1716 2999 nominibus
1741 2943 1854 3000 dis·

284 3017 618 3088 tinguantur.
671 3022 959 3082 ostensum
1017 3036 1196 3083 autem
1239 3038 1346 3094 est,
1394 3030 1672 3088 nominum
1707 3032 1855 3090 ditre·

283 3109 510 3165 rentiam
530 3113 831 3170 naturalem
853 3114 994 3172 iuter
1014 3132 1074 3174 se
1098 3117 1502 3177 similitudinem
1523 3135 1712 3179 eorum
1733 3138 1853 3196 quae

282 3201 763 3259 consubstantialia
792 3217 920 3261 sunt
960 3223 1300 3280 nequaquam
1326 3212 1662 3270 subvertere.
1705 3214 1851 3272 Nihil

285 3288 465 3360 itaque
488 3292 665 3348 obstat
695 3296 984 3364 quominus
1021 3298 1189 3356 Filius
1256 3304 1734 3362 consubstantialis
1780 3307 1853 3363 sit

281 3377 449 3446 Patri,
477 3385 686 3440 tametsi
711 3394 929 3442 vocetur
958 3387 1148 3456 Filius,
1175 3401 1230 3446 et
1251 3407 1355 3447 non
1417 3393 1486 3448 sit
1539 3394 1701 3452 Pater
1730 3399 1847 3469 ipse

279 3483 467 3525 verum
502 3471 669 3541 ipsius
710 3474 968 3534 Verbum.
989 3479 1122 3534 Cum
1156 3481 1300 3537 enim
1321 3483 1392 3538 sit
1413 3484 1852 3555 simplex,i’atris

279 3563 534 3627 essentia,
560 3566 761 3622 uultum
784 3569 927 3625 aliud
953 3571 1331 3640 intermedium
1363 3578 1595 3648 excipiet
1628 3593 1850 3651 genera·

280 3653 479 3710 tionem
516 3655 673 3713 Verbi
708 3661 1025 3717 naturaliter
1045 3678 1113 3720 ex
1143 3666 1258 3736 ipso
1284 3669 1646 3737 procedentis.
1668 3672 1851 3741 Quod-

278 3761 385 3816 que
423 3763 586 3804 unum
617 3763 804 3806 revera
846 3768 966 3808 euin
992 3754 1108 3823 ipso
1133 3766 1236 3822 est,
1274 3769 1543 3828 quatenus
1586 3765 1848 3821 naturali-

281 3847 363 3893 ter
391 3840 551 3896 etiam
579 3843 693 3912 lpse
724 3852 808 3899 est
845 3845 1006 3913 Deus,
1049 3857 1101 3904 et
1134 3851 1321 3908 vivens
1347 3867 1378 3909 e
1412 3854 1533 3910 vivo
1573 3855 1730 3914 Patre
1770 3857 1849 3913 es·

280 3927 446 3986 fulsit.

688 4046 774 4104 Ex
816 4051 1107 4123 objectione
1143 4053 1418 4113 Euutomii.

348 4134 408 4188 lu
455 4134 782 4207 Evangeliis,
823 4142 921 4204 ait,
955 4141 1125 4199 Filius
1169 4148 1235 4200 ad
1283 4147 1498 4206 Patrem
1545 4154 1617 4209 ita
1664 4157 1842 4215 dicit:

280 4241 299 4274 ι
329 4222 509 4289 Pater,
547 4226 786 4293 glorifica
814 4229 1007 4287 Filium
1041 4243 1224 4302 tuum;
1258 4255 1277 4289 ι
1319 4239 1489 4296 Filius
1518 4255 1709 4300 contra
1745 4263 1844 4303 au-

270 4602 375 4656 que
409 4592 575 4647 verbo
629 4592 743 4650 lieri
778 4611 884 4652 nou
917 4609 1117 4667 potest.
1145 4602 1254 4658 Aut
1295 4605 1458 4674 igitur
1489 4611 1719 4679 ipsemet
1747 4629 1836 4671 se-

269 4695 391 4734 cum
425 4683 682 4753 loquitur,
715 4699 809 4744 aut
840 4692 884 4746 si
911 4690 1074 4747 Patet·
1129 4711 1319 4753 revera
1360 4699 1556 4755 Filium
1601 4703 1836 4776 alloqui-

265 4950 578 5023 alloquitur,
601 4957 754 5026 juxta
782 4964 1112 5022 voluntatem
1148 4967 1348 5029 Patris.

755 5138 967 5195 Salutio
999 5146 1332 5215 objectionis.

334 5221 450 5277 Non
483 5225 692 5281 desinet
726 5228 825 5284 iste
874 5230 1248 5304 incorpoream
1283 5245 1580 5299 essentiam
1620 5252 1827 5306 caium·

264 5314 424 5374 niati,
458 5318 790 5383 persuadens
815 5320 917 5374 sibi
950 5338 1253 5385 sermonem
1293 5347 1356 5386 ex
1391 5349 1453 5387 ea
1485 5337 1717 5404 proferri
1745 5351 1826 5395 ta-

264 5403 388 5463 lem,
418 5407 594 5473 qualis
631 5419 718 5463 est
767 5411 1054 5478 luuuauus,
1084 5419 1174 5486 qui
1223 5421 1486 5479 labiorum
1531 5439 1588 5482 et
1631 5430 1827 5500 linguae

263 5493 591 5549 adminiculo
617 5504 1017 5569 pronuntietur,
1048 5516 1212 5578 atque
1245 5511 1332 5566 illa
1363 5516 1697 5573 adstantium
1728 5537 1826 5576 au-

263 5581 434 5638 ditum
463 5583 638 5649 feriat,
673 5597 733 5643 ut
767 5591 839 5646 ita
876 5593 1146 5662 loquentis
1179 5599 1421 5657 voluntas
1447 5603 1671 5678 intelligi
1705 5626 1825 5680 pos-

334 5735 379 5769 ⁸⁶
405 5734 557 5796 ἄνευ.
591 5756 688 5812 xn,
725 5742 817 5805 28.

1947 4244 2038 4297 τὸν
2069 4242 2195 4296 Υίὸν
2217 4242 2294 4308 ὡς
2318 4242 2454 4314 πρὸς
2474 4240 2566 4296 τὸν
2595 4243 2817 4314 Πατέρα
2837 4259 2852 4273 ·
2886 4262 2904 4295 ι
2944 4244 3149 4315 Πάτερ,
3173 4243 3394 4309 δόξασόν
3422 4254 3530 4345 q

276 4314 355 4369 «tit
379 4306 413 4370 ι’
439 4332 460 4367 ι
511 4315 576 4371 Et
621 4318 939 4387 glorificavi,
988 4334 1044 4380 et
1107 4343 1296 4386 rursus
1341 4333 1657 4402 glorificabo
1696 4340 1764 4396 ⁸⁰,
1819 4361 1838 4395 ι
1945 4334 2037 4387 τὸν
2065 4333 2213 4397 Υίὸν,
2248 4351 2266 4384 ι
2306 4332 2677 4388 ἀντακούοντα
2702 4332 2759 4386 δὲ
2799 4336 2933 4405 παρ’
2962 4334 3165 4388 αὐτοῦ·
3200 4353 3218 4386 ι
3259 4335 3371 4389 Καὶ
3397 4326 3538 4417 1335

272 4405 338 4460 At
367 4420 472 4476 quo
496 4419 652 4477 pacto
679 4410 850 4481 pessit
875 4413 1048 4472 Filius
1070 4432 1196 4474 vere
1225 4435 1346 4477 esse
1376 4423 1608 4482 Verbum
1638 4429 1837 4498 Patris,
1950 4425 2109 4490 ξασα,
2143 4426 2239 4479 καὶ
2262 4424 2423 4478 πάλιν
2443 4423 2673 4491 δοξάσω.
2718 4442 2737 4474 ι
2771 4423 2884 4477 Καὶ
2908 4425 3024 4489 πῶς
3048 4424 3113 4478 ἂν
3134 4422 3275 4479 εἶναι
3301 4424 3510 4511 605an-

271 4512 392 4552 cum
434 4496 592 4556 Patet·
630 4503 803 4572 ipsum
839 4507 1192 4579 alloquatur?
1221 4513 1475 4573 allocutio
1505 4529 1686 4575 autem
1711 4525 1838 4580 abs·
1869 4493 1920 4554 ¹)
1948 4517 2118 4586 Λόγος
2147 4516 2241 4571 τοῦ
2272 4517 2484 4587 Πατρὸς
2507 4514 2652 4571 κατὰ
2681 4514 2936 4585 ἀλήθειαν
2968 4516 2998 4570 ό
3030 4516 3180 4580 Υἱὸς.
3207 4518 3342 4571 ὅπου
3383 4510 3510 4593 φή.-

1941 4627 2091 4664 νεται
2120 4610 2257 4679 πρὸς
2282 4608 2444 4663 αὐτὸν
2463 4606 2845 4675 διαλεγόμενος
2872 4606 2902 4658 ό
2941 4607 3166 4678 naz-{293
3198 4598 3500 4685 &4255th

1941 4702 2099 4771 λόγου
2123 4701 2291 4770 χωρὶς
2319 4700 2420 4753 οὐκ
2449 4699 2517 4753 ἂν
2564 4696 2772 4767 γένοιτό
2818 4713 2971 4752 ποτε.
3024 4699 3095 4750 Ἢ
3130 4698 3314 4752 τοίνυν
3352 4694 3514 4765 aazia.

270 4780 377 4830 tur,
408 4772 546 4829 alius
571 4776 813 4845 profecto
841 4782 947 4835 erit
977 4798 1006 4836 a
1038 4783 1214 4841 Verbo
1229 4790 1371 4857 qnod
1406 4791 1629 4848 insitum
1664 4805 1831 4865 atque
1940 4791 2120 4862 ἐαυτῷ
2173 4792 2324 4845 ἔσται
2376 4789 2779 4859 διαλεγόμενος,
2808 4789 2842 4859 ἢ
2871 4788 3031 4858 εἰπερ
3061 4786 3234 4851 ὅντως
3270 4787 3415 4854 λέγει
3446 4798 3490 4837 τι
3551 4816 3558 4823 -

268 4860 594 4921 inea-sistens
629 4867 735 4924 Deo
756 4874 1053 4929 seeundum
1081 4885 1331 4933 naturam
1352 4891 1455 4948 est,
1483 4886 1627 4954 quod
1657 4887 1830 4957 ipsum
1940 4886 2076 4957 πρὸς
2114 4883 2275 4938 αὐτὸν
2299 4885 2328 4936 ό
2363 4882 2572 4953 Πατὴρ,
2602 4881 2790 4952 ἕτερός
2821 4882 2937 4933 ἐστι
2967 4879 3120 4950 παρὰ
3155 4879 3252 4932 τὸν
3275 4875 3534 4933 ἐνδιάθε-

1937 4991 2027 5027 τον
2060 4973 2152 5026 καὶ
2194 4971 2566 5042 ἐνυπάρχοντα
2602 4971 2682 5040 τῷ
2718 4968 2837 5040 Θεῷ
2871 4968 3009 5023 κατὰ
3045 4969 3209 5038 φύσιν
3228 4969 3419 5038 Λόγον,
3469 5032 3486 5051 ο

1936 5064 2089 5117 λαλεῖ
2123 5062 2259 5132 πρὸς
2287 5061 2469 5122 αὐτὸν,
2502 5060 2645 5114 κατὰ
2674 5060 2926 5132 βούλησιν
2942 5058 3032 5112 τοῦ
3065 5060 3303 5132 Πατρός.

1957 577 1987 628 ό
2013 577 2313 647 προπάτωρ
2352 576 2523 645 Ἀδὰμ
2550 573 2836 646 όμοούσιος
2862 572 3017 627 ἔσται
3050 570 3191 642 πρὸς
3221 570 3316 623 τὸν
3341 569 3404 637 ἐξ
3433 571 3541 625 αὖ·

1958 666 2053 721 τοῦ
2076 666 2354 736 γεγονότα,
2388 665 2511 720 οὔτε
2538 666 2703 729 αὐτὸς
2719 658 2887 718 Ἀὂελ
2915 659 3052 716 εἶναι
3072 660 3394 732 δυνάμενος,
3413 659 3540 717 οὔτε

1964 759 2070 827 μὴν
2092 755 2186 810 τοῦ
2225 756 2388 809 'Aeci
2426 754 2683 827 ἐσομένου
2709 755 2843 809 ποτὲ
2882 753 3072 823 Ἀδάμ.
3136 752 3277 806 Ἀλλ’
3306 753 3410 807 οὐκ
3447 753 3543 808 ὲκ·

1961 847 2147 901 δάλλει
2194 848 2291 918 τῆς
2342 848 2531 913 οὐσίας
2555 848 2655 920 τὴν
2684 848 3008 917 ταυτότητά,
3041 847 3075 917 ἡ
3116 844 3227 899 τῶν
3252 845 3544 918 ὀνομάτων

1959 939 2210 1009 διαφορά.
2243 939 2356 992 Καὶ
2381 938 2537 994 τοῦτο
2567 939 2659 992 ἐπὶ
2680 938 2917 1008 γενητῆς
2938 938 3033 992 καὶ
3062 938 3291 1010 κτιστῆς
3323 939 3541 1005 obelum

1960 1030 2085 1095 Πῶς
2103 1024 2195 1084 οὗν
2216 1029 2317 1083 οὐκ
2344 1027 2537 1093 άσεόὲς
2555 1028 2648 1081 ἐπὶ
2678 1028 2776 1099 τῆς
2815 1027 3079 1099 άγενήτου
3115 1024 3335 1096 φύσεως
3362 1028 3543 1082 ἐκεῖνο

1959 1122 2225 1188 δοξάζειν,
2254 1120 2435 1175 πάντα
2479 1117 2881 1190 ὑπερκειμένης
2902 1118 2983 1190 ,τὰ
3021 1119 3261 1190 γενητά;
3323 1120 3415 1185 Ὦς
3443 1116 3542 1175 οὖν

1960 1213 2118 1283 εἴπερ
2137 1207 2207 1283 ἦν
2228 1210 2586 1283 ἐτεροούσιος,
2618 1210 2720 1264 οὐκ
2747 1209 2815 1265 ἂν
2840 1205 2910 1281 ἦν
2938 1209 3110 1279 Λόγος
3139 1208 3421 1282 ἀληθινὸς,
3443 1210 3544 1266 οὗ·

1957 1321 2068 1368 τως
2101 1303 2397 1377 ἐπειδήπερ
2426 1303 2731 1375 ὁμοοὺσιος,
2761 1301 3013 1373 ἀληθινὸς
3048 1302 3116 1357 ἂν
3144 1301 3237 1373 εἴη
3265 1302 3467 1373 Λόγος.

2792 1484 2853 1535 Ο.

2033 1571 2351 1642 Σημαντικά
2400 1571 2499 1643 μὲν
2541 1572 2611 1626 τά
2636 1482 2880 1644 saxam
2925 1570 3036 1628 τῶν
3072 1573 3273 1630 οὐσιῶν
3303 1577 3448 1641 ἐστι,
3476 1577 3547 1632 τά

1962 1665 2151 1735 πρῶτα
2183 1659 2247 1735 δὴ
2288 1664 2525 1735 μάλιστα
2566 1666 2666 1720 καὶ
2691 1665 2762 1719 τά
2790 1664 3103 1737 κυριώτατα
3125 1685 3142 1701 ·
3170 1667 3313 1723 ἀλλὰ
3342 1668 3546 1741 πολλὴν

1962 1753 2029 1809 ἄν
2051 1772 2137 1819 τις
2159 1756 2219 1812 ὲν
2249 1757 2463 1821 τούτοις
2484 1755 2582 1810 ἴδοι
2604 1754 2702 1826 τὴν
2731 1757 3017 1830 διαφοράν.
3048 1757 3129 1812 Τά
3167 1759 3269 1829 μὲν
3298 1758 3415 1832 γὰρ
3446 1777 3548 1815 κα-

1893 1823 1939 1880 Β
1964 1845 2322 1919 θολικὼτερον
2343 1847 2412 1900 τὰ
2433 1849 2563 1901 ὄντα
2605 1849 2883 1919 σημαίνει,
2916 1848 3011 1904 καὶ
3056 1849 3279 1922 γενικὴν
3307 1854 3544 1909 ποιεῖται

1960 1936 2063 2009 τὴν
2089 1932 2355 2009 δήλωσιν·
2381 1938 2451 1992 τά
2476 1938 2533 1993 δὲ
2556 1939 2637 2003 είς
2662 1938 2725 1994 τὸ
2754 1938 2877 1993 καθ’
2899 1939 2957 1994 ἓν
2985 1938 3056 1994 τὰ
3083 1939 3315 1995 καθόλου
3344 1958 3546 2015 σημαι-

1962 2030 2165 2102 νόμενα
2189 2027 2568 2101 διατέμνοντα,
2596 2029 2767 2084 πολλά
2801 2030 2871 2086 τά
2902 2032 3030 2086 ὄντα
3057 2031 3349 2103 φαίνεσθαι
3375 2038 3544 2090 ποιεῖ.

1962 2114 2088 2174 Οἷον
2123 2122 2256 2191 φέρε
2286 2122 2480 2189 εἰπεῖν,
2514 2120 2577 2174 τὸ
2614 2120 2901 2192 ἄνθρωπος
2937 2121 3111 2193 ὄνομα
3146 2122 3338 2189 άπλῶς
3364 2141 3427 2180 τε
3448 2125 3544 2182 καὶ

1961 2208 2380 2282 άπολελυμένως
2399 2210 2709 2282 λεγόμενον,
2729 2211 2954 2283 σύμπαν
2975 2213 3234 2284 σημαίνει
3254 2214 3541 2288 τὸάνθρώ-

1961 2317 2113 2353 πειον
2144 2300 2323 2370 γένος,
2373 2301 2408 2374 ἢ
2434 2300 2532 2373 τὴν
2573 2302 2760 2357 οὐσίαν
2788 2303 2959 2376 αὐτήν
2978 2319 2991 2333 ·
3026 2303 3088 2359 τὸ
3124 2305 3180 2360 δὲ
3211 2304 3429 2373 Παῦλος
3451 2324 3541 2361 τυ-

1960 2394 2053 2465 χὸν
2079 2394 2114 2467 ἢ
2162 2395 2399 2466 Πέτρος,
2446 2396 2701 2460 Ἰάκωόος
2729 2395 2764 2468 ἢ
2805 2397 3005 2468 Κηφᾶς
3026 2437 3041 2461 ,
3081 2398 3164 2462 είς
3193 2397 3259 2453 τὸ
3294 2397 3421 2453 καθ’
3445 2399 3540 2455 ἕνα

1962 2486 2145 2557 σχίζον
2166 2486 2264 2558 τὴν
2295 2486 2714 2560 άνθρωπότητα,
2744 2488 2971 2554 πολλοὺς
2998 2485 3137 2545 εἶναι
3165 2492 3298 2556 τσὺς
3323 2491 3532 2564 ἀνθρώ-

1961 2593 2095 2641 πους
2121 2579 2282 2630 ποιεῖ.
2308 2577 2516 2632 οὐκοῦν
2540 2580 2573 2649 ἡ
2598 2578 2707 2632 τῶν
2743 2578 3025 2650 ὀνομάτων
3054 2578 3291 2652 διαφορὰ
3329 2580 3531 2653 λαμὸά·

1962 2682 2111 2732 νεται
2142 2667 2239 2737 μὲν
2261 2668 2357 2721 ἐπὶ
2387 2667 2498 2722 τῶν
2542 2670 2845 2740 όμοουσίων
2863 2708 2879 2735 ,
2906 2669 2967 2723 οὐ
3012 2670 3120 2743 μὴν
3161 2669 3419 2726 ὲκὸάλλει
3439 2672 3526 2744 τῆς

1962 2760 2099 2831 πρὸς
2120 2749 2325 2831 άλληλα
2350 2761 2588 2832 φυσικῆς
2609 2762 2908 2834 ὲμφερείας
2941 2762 3014 2816 τά
3035 2764 3148 2826 τοῖς
3188 2765 3384 2829 αὐτοῖς
3406 2763 3524 2819 et&-

1962 2868 2047 2905 σιν
2075 2849 2469 2907 ὑποπίπτοντα.
2522 2854 2693 2907 Ὅταν
2723 2848 2818 2908 οὖν
2860 2856 2890 2908 ὀ
2936 2854 3037 2926 μὲν
3076 2854 3271 2927 Πατὴρ
3310 2856 3531 2926 λέγηται

1960 2943 2169 3017 Πατὴρ,
2204 2945 2235 2998 ό
2255 2941 2312 2997 δὲ
2332 2943 2461 3008 Yth<
2488 2945 2681 3013 Λόγος,
2712 2946 2815 3000 οὐκ
2837 2945 2991 3000 ἔσται
3008 2945 3106 3018 τὴν
3131 2946 3300 3017 φύσιν
3329 2948 3367 3019 ἢ
3388 2942 3534 3012 οὗτος

1961 3031 2098 3105 πρὸς
2122 3034 2347 3098 ἐκεῖνον,
2377 3033 2412 3107 ἢ
2442 3037 2653 3101 ἐκεῖνος
2671 3036 2749 3102 ῶς
2776 3038 2915 3110 πρὸς
2938 3036 3129 3095 τοῦτον
3169 3039 3449 3112 ἀνόμοιος,
3475 3039 3538 3097 ἓν

1879 3155 1925 3216 c
1961 3125 2143 3194 μόνοις
2156 3125 2413 3197 ὀνόμασιν
2436 3127 2655 3198 ἔχοντες
2676 3128 2775 3202 τὴν
2793 3129 3097 3203 διαστολὴν.
3118 3132 3406 3188 Δέδεικται
3425 3130 3540 3208 γάρ

1958 3215 2035 3281 ὡς
2077 3219 2175 3272 οὐκ
2217 3218 2514 3291 ἀνατρέψει
2557 3221 2667 3275 τῶν
2712 3222 2969 3293 ὁμοφυῶν
3013 3224 3113 3295 τὴν
3144 3224 3282 3296 πρὸς
3328 3225 3432 3280 ἄλλ
3523 3224 3528 3229 ’
3561 3300 3566 3305 ¹

1960 3309 2194 3380 φυσικὴν
2231 3311 2528 3384 ὁμοιότητα
2552 3310 2660 3366 τῶν
2686 3313 2968 3384 ὀνομάτων
3006 3317 3041 3386 ἡ
3068 3314 3320 3386 διαφορά.
3368 3296 3540 3374 Οὺῧῦ

1956 3401 2065 3470 ἄρα
2094 3401 2291 3455 κωλύει
2319 3402 2415 3458 τὸν
2442 3394 2575 3458 Υίὸν
2601 3403 2887 3474 όμοούσιον
2917 3401 3057 3457 εἶναι
3084 3405 3163 3474 τῷ
3193 3407 3396 3477 Πατρὶ,
3428 3406 3538 3464 κᾶθ’

1956 3490 2083 3556 Υἱὸς
2111 3492 2354 3546 καλεῖται
2381 3493 2473 3545 καὶ
2502 3492 2577 3564 μὴ
2603 3478 2789 3562 Πᾰτὴρ
2814 3489 2981 3554 obed:
3024 3493 3175 3546 ἐστιν
3211 3494 3241 3542 ό
3267 3495 3540 3564 ἀληθινὸς

1956 3583 2119 3637 αὐτοῦ
2153 3585 2345 3653 Λόγος.
2377 3583 2548 3653 Ἀπλῆ
2570 3582 2681 3653 γάρ
2709 3576 2894 3652 οὗσαή
2944 3579 3040 3634 τοῦ
3073 3578 3289 3650 Πατρδς
3333 3583 3524 3650 οὐσία,

1953 3674 2106 3729 οὐδὲν
2131 3676 2216 3728 ἔτε
2226 3693 2317 3747 ρον
2344 3674 2644 3740 ὲπιδὲξεται
2673 3671 3004 3744 μεσολαδοῦν
3024 3671 3122 3744 τὴν
3142 3671 3397 3742 γέννησιν
3425 3673 3529 3728 τοῦ

1954 3767 2014 3832 ἐξ
2040 3767 2206 3821 αὐτοῦ
2236 3766 2483 3837 φυσικῶς
2507 3765 2864 3838 προελθόντος
2890 3765 3088 3833 Λόγου,
3120 3765 3212 3818 καὶ
3242 3763 3317 3828 ῶς
3344 3764 3407 3817 ἓν
3438 3765 3530 3821 ὅν·

1953 3874 2060 3920 τως
2092 3857 2226 3928 πρὸς
2249 3857 2434 3924 αὑτὸν,
2464 3855 2600 3910 καθὸ
2632 3856 2789 3926 φύσει
2811 3856 2909 3910 καὶ
2941 3855 3104 3920 αὐτὸς
3130 3854 3262 3915 Θεὸς
3291 3857 3389 3910 καὶ
3419 3852 3528 3921 ζῶν

1953 3947 2016 4000 ὲκ
2035 3946 2237 4012 ζῶντος
2270 3946 2583 4018 ἑξελάμφθη
2607 3947 2841 4018 Πατρός.
3507 3948 3544 3983 s

3511 4030 3530 4061 Ι·

2230 4059 2564 4127 Ἀντίθεσις
2585 4059 2668 4127 ὠς
2690 4060 2760 4114 ὲκ
2787 4057 2909 4114 τῶν
2927 4061 3252 4129 Εὐνομίαν.

2032 4153 2123 4207 Ἐν
2149 4155 2261 4215 τοῖς
2286 4151 2663 4221 Εὑαγγελίοις,
2695 4153 2885 4224 φησιν,
2932 4152 3263 4223 εὑρίσκομεν
3295 4153 3356 4207 λέ

2418 5155 2575 5221 Πρὸς
2606 5153 2789 5206 ταῦτα
2815 5152 3016 5216 λύσις.

2007 5248 2080 5302 Οὐ
2103 5246 2288 5319 παύσῃ
2315 5244 2665 5313 συκοφαντῶν
2682 5243 2777 5313 τὴν
2801 5244 3092 5312 ἀσώματον
3116 5242 3331 5308 οὐσίαν,
3354 5241 3429 5310 λά]

1935 5340 1993 5407 ἐξ
2019 5339 2188 5408 αὐτῆς
2220 5334 2601 5391 ἀποτελεῖσθαι
2627 5333 2900 5385 πιστεύων
2943 5332 3210 5398 τοιοῦτον,
3238 5335 3426 5398 §tuine

1934 5432 2018 5499 εἴη
2046 5431 2137 5483 καὶ
2162 5432 2193 5484 ὁ
2218 5427 2576 5499 ἀνθρώπινος,
2598 5423 2688 5477 διὰ
2713 5423 2939 5493 χειλέων
2968 5425 3065 5477 καὶ
3091 5423 3348 5496 γλόττης
3370 5424 3445 5479 ἀί

1933 5518 2142 5572 κτυπού
2150 5534 2311 5588 μενος
2327 5533 2347 5552 ·
2362 5517 2457 5569 καὶ
2473 5516 2572 5585 τὴν
2590 5515 2685 5567 τοῦ
2705 5514 2875 5576 πέλας
2896 5515 3304 5586 προσαράσσιιη
3315 5509 3468 5580 &mh-

1934 5612 2022 5666 ἰ’να
2045 5610 2110 5682 δὴ
2132 5611 2225 5666 καὶ
2254 5609 2465 5677 γένοιτο
2487 5606 2666 5677 σαφὴς
2706 5606 2803 5660 τοῦ
2840 5605 3132 5671 λαλοῦντος
3160 5608 3196 5678 η
3229 5605 3485 5678 paraq*
