3809 6125
288 290 425 348 ²⁹53
1253 305 1263 313 ‘
1341 299 1432 359 DE
1471 303 1569 360 SS.
1611 304 1987 383 'rmNt'rATE
2020 308 2367 385 DlALQGUS
2402 311 2487 368 Vl.
3404 308 3537 378 ¹05⁴

278 402 430 466 ⁰⁸²²<
471 402 712 478 Ppoetpijg,
741 407 884 481 Ἔφη
925 411 1033 483 γάρ
1082 429 1183 466 '¹²00
1227 413 1295 468 ΘΞ
1300 415 1378 481 ὸς,
1427 418 1526 488 τὴν
1558 418 1857 491 ὀργανικὴν
1885 425 1932 482 A
1958 426 2181 500 sterium
2224 426 2370 503 yelnt
2420 424 2609 495 inutile
2639 424 2935 480 deridens.
2976 442 2995 476 ι
3028 422 3167 479 Num
3213 423 3539 494 gloriabitur

174 521 187 527 “
277 494 585 567 ὖπθυρῖἶαν
610 498 687 563 ὡς
710 500 964 573 ἅνόνητῠν
984 503 1268 569 διαγελῶν·
1298 527 1316 559 ‹
1347 495 1438 580 Μὴ
1462 509 1856 583 δοξασθήσεται
1963 518 2169 573 securis
2209 519 2413 588 absque
2445 532 2511 572 eo
2544 517 2634 587 qui
2685 525 2832 571 secat
2865 515 2917 569 in
2953 515 3059 570 ea?
3086 522 3180 570 aut
3210 514 3539 571 exaltabitur

273 586 431 657 ἀξίνη
473 585 603 641 ἀνευ
649 590 741 643 τοῦ
789 580 1090 678 κόπτοντος
1123 598 1184 652 ἐν
1217 598 1317 651 αὐτ
1323 601 1392 668 ᾖ;
1441 599 1473 671 ἢ
1514 601 1860 673 ὑψωθήσεται

247 677 453 772 Ιἰτρίων
476 669 604 766 ἄνευ
631 681 726 735 τοῦ
758 670 1009 751 ἕλκοντος
984 687 1225 757 α’ὐτόν;
1253 709 1274 743 ι
1301 690 1532 759 Οὐκοῦν,
1574 694 1699 747 ὅσον
1724 689 1859 766 ἧκεν

271 770 355 834 είς
414 760 550 825 ἰδίαν
587 772 770 842 φύσιν,
808 778 968 830 νοοίτ’
995 777 1064 832 ἂν
1107 779 1280 846 οὐδὲν,
1327 783 1504 837 καίτοι
1551 783 1683 848 Θεὸς
1725 779 1795 856 ἦν
1831 785 1859 837 ὀ

273 860 476 931 Λόγος,
518 854 797 935 ἐνέργειαν
846 870 947 939 μὲν
974 870 1230 941 οὐδεμίαν
1257 872 1400 944 έχων
1430 874 1687 945 φυσικὴν,
1715 874 1858 945 ἀψύ-

273 972 360 1025 χοι
363 972 391 1020 ς
429 956 486 1011 δέ
513 957 702 1032 ὥσπερ
739 962 991 1033 ὀργάνοις
1044 965 1402 1040 προσεοικὼς,
1469 968 1565 1022 καὶ
1606 970 1720 1033 τοῖς
1763 967 1857 1021 τοῦ

274 1051 554 1116 κινοῦντος
591 1052 889 1125 θελήμασιν
917 1058 1297 1130 ὑποκείμενος.
1328 1059 1555 1125 Φύσεως
1587 1062 1644 1115 δὲ
1685 1060 1860 1125 οὕτως

271 1142 415 1214 ἔχων
446 1144 616 1215 (δοκεῖ
650 1146 760 1218 γὰρ
807 1142 910 1203 ὧδε
940 1150 1128 1223 ληρεῖν
1169 1153 1282 1215 τοῖς
1309 1151 1630 1215 διεναντίας)
1680 1151 1856 1220 λόγοις

269 1238 423 1309 ἡμᾶς
463 1237 687 1293 ἀνθότου
716 1243 830 1306 τοῖς
856 1242 1001 1315 ὑπὲρ
1046 1242 1205 1309 ἀξίαν
1239 1245 1596 1315 κατακροτεί,
1646 1242 1853 1310 λέγων·

277 1346 297 1381 ι
339 1328 399 1383 ⁹0
433 1330 619 1401 Πατήρ
655 1347 757 1402 μου
784 1331 886 1397 ἕως
920 1334 1046 1405 ἀρτι
1087 1333 1401 1405 ἐργάζεται,
1420 1319 1591 1402 ίκάγὼ
1627 1330 1861 1402 ἐργάζο-

274 1436 397 1491 μαι.
429 1439 450 1474 ι
492 1420 603 1474 Καὶ
635 1421 771 1493 πρός
799 1439 863 1493 γε
893 1423 1088 1496 τούτῳ,
1130 1424 1448 1494 σαφέστατά
1473 1421 1534 1477 τε
1568 1423 1663 1478 καὶ
1699 1425 1860 1494 ἐναρ·

269 1511 388 1581 γῶς
417 1516 539 1578 ταῖς
569 1514 915 1586 ίσοστάθμοις
950 1518 1139 1587 τιμαῖς
1181 1516 1343 1580 αὐτὸς
1383 1515 1483 1587 τὴν
1538 1514 1679 1570 ἰδίαν
1730 1532 1861 1569 κατ-

268 1604 505 1677 εχρύσου
531 1605 714 1677 φύσιν,
727 1608 1031 1677 ἀναφανδὸν
1050 1606 1466 1681 ἀνακεκραγώς·
1487 1590 1729 1677 «Ὥσπερ
1751 1607 1861 1677 γὰρ

267 1700 300 1752 ὀ
324 1696 514 1769 Πατὴρ
541 1698 745 1768 ἐγείρει
776 1699 903 1763 τους
928 1699 1154 1772 νεκροὺς
1184 1700 1281 1752 καὶ
1308 1696 1584 1780 ζωοποιεῖ,
1603 1695 1699 1750 οὖ-
1681 1714 1747 1775 ..ω
1766 1695 1860 1751 καὶ

268 1792 301 1844 ό
331 1789 479 1853 Υἱὸς,
509 1788 602 1854 οὒς
635 1789 777 1844 θέλει
818 1788 1093 1855 ζωοποιεῖ.
1121 1810 1139 1843 ι
1171 1773 1367 1844 Καίτοι
1397 1788 1521 1872 πῶς
1551 1788 1715 1844 οὐκ
1689 1789 1862 1857 εὐμα-
1891 1781 1980 1835 Β·

270 1882 385 1946 θὲς,
415 1881 509 1935 καὶ
533 1880 723 1951 ψευδοε
732 1882 888 1947 πείας
919 1866 1140 1960 ἀπάσης
1168 1863 1613 1962 ἀπηλλαγμένον,
1639 1879 1700 1932 τὸ
1727 1877 1863 1932 ἰδίαν

273 1971 377 2060 μὲν
405 1971 544 2037 ὅλως
581 1972 861 2043 ἐνέργειαν
895 1973 1030 2045 μηδὲ
1057 1972 1152 2027 ἐπὶ
1179 1971 1428 2043 γλώττης
1460 1972 1629 2054 ἔχειν,
1665 1969 1864 2024 ἀπονέ-

272 2084 399 2148 μειν
429 2067 488 2122 δὲ
528 2066 676 2137 μόνῳ
711 2068 812 2138 τὴν
840 2068 927 2137 ἐφ’
952 2068 1127 2123 ἅπασι
1169 2069 1282 2132 τοῖς
1321 2065 1623 2140 δρωμένοις
1661 2064 1862 2133 κατόρ-

269 2159 439 2214 θωσιν
455 2159 532 2232 τῷ
555 2159 675 2231 Θεῷ
692 2160 788 2214 καὶ
806 2160 1006 2231 Πατρὶ,
1031 2158 1274 2228 λέγοντα·
1300 2176 1319 2210 ι
1340 2157 1402 2211 'O
1426 2155 1617 2228 Πατήρ
1635 2172 1737 2226 μου
1757 2153 1864 2217 ἕως

267 2251 398 2324 ἄρτι
422 2249 734 2323 ἐργάζεται,
767 2249 921 2318 κάγὼ
948 2249 1283 2321 ἐργάζομαι·
1311 2267 1330 2300 ι
1363 2247 1427 2301 δι’
1450 2243 1586 2317 ἐμοῦ
1609 2261 1669 2298 τε
1683 2243 1779 2299 καὶ
1803 2244 1863 2296 ἐν

268 2342 426 2415 ἐμοὶ,
471 2342 564 2396 καὶ
601 2341 708 2413 μὴν
741 2339 833 2395 καὶ
860 2338 954 2404 οὓς
985 2340 1130 2394 Θέλει
1163 2339 1451 2405 ζωοποιεῖ;
1500 2334 1664 2391 Ἀλλὰ
1691 2334 1852 2388 τοῦτο

270 2435 374 2508 μὲν
413 2432 474 2488 οὗ
503 2449 687 2513 φησιν·
717 2432 994 2505 ἀναμέρος
1022 2431 1079 2484 δὲ
1107 2430 1296 2505 ὥσπερ
1322 2407 1597 2496 ἀνατιθεὶς
1622 2426 1719 2481 καὶ
1742 2428 1864 2491 ταῖς

265 2526 465 2584 ἑαυτοῦ
492 2528 754 2598 δυνάμεσι
797 2526 858 2579 τὸ
894 2525 1028 2597 δρᾷν
1056 2522 1385 2587 ἀκωλύτως,
1416 2520 1561 2592 ἅπερ
1588 2518 1659 2575 ἂν
1685 2515 1864 2573 ἐλοιτο

266 2620 591 2693 κατορθοῦν,
632 2619 694 2673 οὐ
727 2620 881 2690 μεῖον
916 2618 950 2689 ἢ
983 2619 1013 2672 δ
1051 2615 1266 2687 Πατὴρ,
1315 2614 1555 2685 δέδειχεν
1589 2610 1858 2684 ἐναργῶς,

266 2716 352 2771 ὅτι
379 2711 480 2785 τῆς
510 2712 605 2767 τοῦ
639 2710 773 2765 Θεοῦ
810 2710 907 2765 καὶ
940 2708 1155 2779 Πατρδς
1181 2706 1372 2790 οὐσίας
1403 2694 1735 2774 ἐκπεφυκὼς
1767 2701 1862 2756 καὶ

267 2805 532 2878 ὑπάρχων
565 2803 630 2871 ίδι
633 2804 983 2869 οσυστάτως,
1023 2799 1288 2869 ἐπάγεται
1336 2794 1591 2868 φυσικῶς
1610 2794 1675 2849 τὸ
1718 2793 1864 2848 κατὰ

199 2892 209 2900 ’
267 2902 379 2956 πᾶν
412 2896 592 2953 ὁτιοῦν
635 2895 905 2963 ίσοσθενές
938 2894 1034 2951 καὶ
1072 2880 1390 2961 ίσοστατοῦν
1428 2892 1514 2954 είς
1555 2875 1858 2962 ἐνέργειαν.

267 2989 344 3048 ou
370 2989 482 3061 γάρ
507 3004 591 3040 τοι
621 2988 734 3047 τοῖς
760 2984 880 3037 καθ
906 2986 1056 3055 ἡμᾶς
1074 2984 1145 3039 τά
1173 2981 1309 3052 πολυ
1338 2981 1462 3036 λίαν
1484 2965 1863 3060 ἀνρεστηκότα

267 3084 398 3158 [ἷσ.
440 3072 817 3145 ἀνεστηκότα]
867 3076 963 3145 xci.
1011 3065 1388 3160 ὑπερκείμενα
1439 3066 1817 3145 κανονῖζοντες

271 3171 626 3239 ἀνύπαρκτον
659 3160 798 3219 εἶναι
825 3163 1090 3236 δώσομεν,
1136 3157 1279 3219 κατά
1306 3180 1372 3233 γε
1395 3163 1489 3219 τὸν
1506 3163 1650 3221 ἴδιον
1677 3163 1859 3234 λόγον,

278 3265 379 3334 τὴν
422 3262 483 3314 ἐν
523 3256 641 3330 Θεῷ
688 3255 987 3327 νοουμένην
1039 3246 1212 3326 ίσχυν,
1264 3244 1514 3310 τουτέστι
1550 3242 1667 3310 ’ἰτδν
1711 3255 1861 3310 Υῑόν.

281 3353 437 3411 Ἔστι
461 3349 589 3423 γάρ,
612 3347 733 3403 ἔστι
761 3346 916 3413 ζῶσά
942 3363 1003 3400 τε
1032 3346 1126 3402 καὶ
1157 3338 1545 3419 ἐνυπόστατοςῐ,
1568 3344 1866 3420 ἀνίσχουσα

273 3443 376 3518 μὲν
405 3443 736 3519 ἀπορρήτως
772 3438 1025 3515 καθάπερ,
1065 3411 1179 3515 ἀτρὸ
1210 3440 1400 3513 πηγῆς
1444 3454 1543 3494 του
1584 3438 1718 3493 ἰδίου
1754 3440 1866 3494 Πα-

269 3534 423 3611 πρὸς,
461 3528 577 3609 τοῖς
601 3530 662 3589 δέ
687 3524 793 3605 τ’ῆς
812 3522 937 3588 δἐό-
918 3546 1069 3604 ..ητος
1097 3505 1410 3604 ίδιὼμασιν,
1453 3530 1556 3586 οὐκ
1584 3529 1865 3597 ἐπακτῶς,

268 3626 551 3691 οὐσιωδῶς
576 3626 634 3680 δὲ
675 3624 879 3700 μᾶλλον
923 3625 1229 3697 ἐκπρεπής.

343 3720 404 3773 Β.
441 3713 517 3772 Εὖ
551 3716 762 3785 λέγεις.

341 3813 410 3887 A.
444 3810 715 3885 Ταύτῃτοι
776 3809 871 3864 καὶ
908 3811 936 3864 ό
968 3808 1113 3877 Θεῖος
1153 3807 1252 3880 μὲν
1290 3807 1393 3880 ἔφη
1427 3808 1661 3880 Μωσῆς·
1717 3826 1737 3861 ι
1777 3808 1867 3862 Ἐν

273 3901 421 3973 ἀρχῇ
463 3899 722 3974 ἐποίησεν
768 3899 797 3952 ό
829 3889 965 3962 Θεὸς
995 3897 1088 3952 τὸν
1138 3896 1368 3974 οὐρανὸν
1403 3896 1500 3950 καὶ
1534 3896 1634 3967 τὴν
1684 3896 1811 3968 γῆν.
1840 3915 1861 3950 ι

277 3993 393 4049 Οὐκ
431 3982 664 4066 ἔκφυλον
706 3991 765 4045 δέ
796 3988 890 4045 τοῦ
930 3985 1069 4065 Θεοῦ
1129 3989 1229 4061 τὴν
1260 3987 1322 4055 ἐξ
1365 3987 1531 4043 αὐτοῦ
1575 4005 1637 4043 τε
1680 3988 1777 4042 καὶ
1808 3988 1868 4042 ἐν

276 4083 429 4157 αὐτῷ
472 4079 728 4160 δύναμιν,
771 4060 1021 4138 τουτέστι
1082 4079 1177 4136 τὸν
1228 4080 1380 4148 Υίδν,
1434 4080 1796 4152 ἐπιστάμενος
1839 4082 1869 4135 ὁ

279 4176 456 4252 μέγας
498 4175 602 4248 ἔφη
655 4175 861 4230 Δαὸίὸ·
899 4192 918 4247 ι
945 4171 1039 4248 Τῷ
1083 4171 1244 4244 Λόγῳ
1295 4171 1504 4245 Κυρίου
1549 4174 1599 4227 oi
1646 4171 1870 4253 οὐρανοὶ

275 4267 713 4341 ἐστερεώθησαν,
739 4263 835 4321 καὶ
862 4263 941 4343 τῷ
970 4261 1251 4343 Πνεύματι
1279 4262 1374 4319 τοῦ
1407 4264 1676 4337 στόματος
1702 4263 1867 4319 αὐτοῦ

276 4353 432 4416 πᾶσα
462 4361 498 4432 ἡ
525 4359 755 4430 δύναμις
801 4354 1002 4412 αὐτῶν.
1030 4375 1049 4410 ι
1075 4351 1154 4410 H
1189 4355 1289 4426 οὐχ
1317 4354 1525 4429 ἕτερος,
1552 4357 1697 4413 κατά
1721 4373 1786 4428 γε
1805 4356 1868 4413 τδ

1962 623 2112 664 serra
2145 608 2349 677 absque
2376 622 2441 663 eo
2474 608 2565 677 qui
2601 606 2769 661 trabit
2803 607 2975 680 ipsam
3000 606 3091 660 ⁸⁸?
3129 624 3149 659 ι
3185 605 3369 674 ltaque
3394 606 3539 675 quod

1961 702 2029 755 ad
2058 700 2329 772 propriam
2372 708 2623 776 naturam
2672 698 2891 763 attinet,
2926 696 3131 752 nullum
3182 695 3537 765 intelligetur,

1960 790 2089 848 licet
2125 790 2267 847 Deus
2305 781 2378 847 sit
2406 788 2666 856 Verbum,
2710 789 3082 859 operationem
3118 787 3336 857 quidem
3380 796 3540 841 natu·

1960 883 2129 938 ralem
2169 884 2373 938 nullam
2424 883 2654 957 habens,
2691 880 2817 946 sed,
2844 881 3015 936 instar
3041 879 3537 934 instrumentorum

1962 975 2141 1030 anima
2169 975 2498 1039 carentium,
2539 970 2771 1027 mot'oris
2794 970 3059 1025 voluntati
3106 969 3176 1024 sit
3206 968 3535 1037 subiectum.

1959 1068 2098 1123 Cum
2150 1074 2331 1120 autem
2376 1066 2493 1135 ejus
2523 1064 2595 1119 sit
2645 1070 2857 1117 naturas
2890 1059 2994 1132 (sic
3043 1060 3188 1115 enim
3235 1059 3535 1130 adversarii

1960 1157 2102 1212 ultro
2151 1156 2465 1228 nugantur),
2491 1170 2591 1211 cur
2638 1154 2781 1208 ultra
2821 1167 2983 1223 quam
3017 1152 3174 1207 decet
3220 1165 3320 1206 nos
3365 1149 3432 1205 ad
3480 1164 3539 1204 sc

1961 1247 2287 1303 laudandum
2339 1249 2564 1323 excitat,
2612 1246 2797 1302 dicens
2840 1263 2855 1299 :
2907 1260 2927 1295 ι
2957 1242 3121 1298 Pater
3167 1257 3318 1298 meus
3366 1243 3539 1311 usque

1962 1341 2124 1396 modo
2161 1348 2447 1410 operatur,
2490 1347 2547 1393 et
2575 1352 2676 1407 ego
2711 1351 2909 1407 operor
2927 1335 2995 1391 ⁸¹¹.
3025 1355 3046 1388 ›
3079 1334 3392 1406 Quinetiam
3423 1334 3539 1403 ipse

1963 1447 2116 1489 suam
2144 1441 2394 1486 naturam
2433 1429 2624 1503 iisdem
2652 1428 2954 1483 honoribus
2978 1425 3126 1482 clare
3153 1426 3385 1500 ornabat
3412 1439 3535 1479 eum

1964 1524 2139 1595 palam
2189 1524 2437 1578 diecret:
2472 1540 2490 1572 ι
2524 1520 2677 1594 Sicut
2722 1519 2865 1574 enim
2902 1517 3067 1587 Pater
3113 1518 3341 1574 suscitat
3392 1532 3540 1571 mor-

1964 1627 2105 1681 tuos,
2154 1624 2204 1671 et
2253 1614 2490 1669 vivificat
2529 1611 2655 1667 :sic
2706 1619 2760 1666 et
2805 1609 2975 1665 Filius
3018 1622 3156 1678 qnos
3194 1607 3311 1662 vult
3366 1606 3540 1662 vivili-

1963 1719 2054 1763 cat
2074 1708 2143 1763 ⁶⁸.
2175 1725 2195 1760 ι
2222 1706 2293 1761 At
2316 1703 2585 1776 quomodo
2614 1717 2722 1757 non
2752 1700 3097 1771 perspicuum
3130 1712 3403 1768 aevorum
3434 1709 3538 1765 est,

1968 1805 2145 1873 ipsum
2195 1814 2264 1855 ne
2291 1801 2461 1854 verbo
2488 1796 2705 1866 quidem
2732 1792 3101 1864 operationem
3135 1790 3407 1861 propriam
3441 1791 3540 1845 ba-

1967 1894 2118 1960 bere,
2166 1904 2459 1960 rerumque
2496 1888 2740 1944 omnium
2767 1884 2936 1984 618
2960 1882 3298 1953 effectionem
3335 1881 3450 1937 Deo
3485 1891 3539 1937 et

1966 1986 2112 2042 Patri
2147 1984 2409 2047 tribuere,
2440 1996 2563 2037 cum
2595 1980 2715 2035 ait.
2753 1997 2773 2032 ι
2780 1957 2972 2032 Pater
3003 1991 3156 2045 meus
3184 1990 3357 2047 usque
3382 1975 3546 2032 modo

1965 2085 2243 2148 operatur,
2273 2084 2330 2130 et
2355 2088 2456 2140 ego
2489 2085 2709 2142 operor,
2740 2087 2760 2123 »
2791 2084 2888 2140 per
2914 2082 3024 2132 me,
3058 2075 3114 2122 et
3157 2067 3211 2121 in
3254 2081 3363 2134 me,
3401 2080 3541 2137 proe·

1969 2179 2139 2232 terea,
2173 2181 2308 2235 quos
2340 2164 2455 2219 vult
2502 2162 2765 2217 viviticat.
2810 2160 2916 2216 Sed
2968 2160 3113 2214 istud
3161 2159 3377 2228 quidem
3431 2172 3539 2213 non

1968 2259 2102 2314 dicit
2153 2278 2166 2315 :
2215 2270 2407 2311 verum
2464 2253 2693 2308 seorsim
2746 2248 3149 2321 quodammodo
3193 2263 3306 2304 suae
3353 2248 3540 2302 virtuti

1967 2351 2214 2407 tribuens
2253 2355 2578 2419 potestatem
2631 2358 2694 2399 ea
2737 2342 2968 2398 faciendi
3024 2355 3144 2410 quae
3187 2338 3341 2403 velit,
3394 2336 3543 2393 nullo

1965 2451 2205 2522 vetante,
2250 2455 2359 2497 non
2403 2438 2584 2523 minus
2625 2451 2784 2508 quam
2836 2434 2998 2491 Pater
3042 2433 3191 2499 facit,
3239 2430 3533 2487 manifeste

1964 2517 2223 2600 ostendit,
2285 2533 2426 2603 quod
2476 2545 2598 2586 ctnn
2644 2530 2712 2585 de
2754 2528 2845 2583 Dei
2897 2543 2961 2583 ac
2998 2526 3179 2581 Patris
3230 2525 3532 2580 substantia

1966 2626 2254 2699 prodierit,
2286 2634 2342 2681 et
2373 2624 2427 2680 in
2459 2622 2679 2693 propria
2708 2620 2939 2678 exsistat
2969 2616 3276 2691 hypostasi,
3311 2615 3545 2671 intertui

1965 2719 2293 2777 naturaiiter
2343 2714 2653 2773 omnimoda
2722 2711 3008 2783 aequalitas
3079 2707 3363 2781 operandi.
3426 2706 3544 2763 Non

1966 2811 2112 2869 enirn
2150 2819 2337 2867 nostra
2365 2806 2683 2872 conditione
2705 2820 2796 2860 res
2817 2801 3285 2875 supereminentes
3305 2814 3370 2855 ac
3388 2798 3547 2869 louge

1965 2904 2190 2962 dissitas
2209 2904 2515 2976 metientes,
2562 2897 2905 2971 hypostatice
2950 2909 3057 2950 uon
3097 2892 3364 2950 exsistere
3408 2889 3546 2945 fate·

1965 2998 2145 3053 bimur
2182 2979 2481 3052 secundum
2516 2990 2793 3065 propriam
2833 2985 3125 3052 rationem,
3157 2999 3279 3040 eam
3321 2997 3440 3053 quae
3486 2982 3540 3035 iu

1841 3091 2079 3175 CDeo
2133 3086 2478 3161 intelligitur,
2524 3083 2807 3146 virtutem,
2867 3079 2971 3136 hoc
3033 3086 3117 3133 est
3176 3074 3393 3131 Filium.
3451 3072 3548 3127 Est

1965 3184 2135 3250 enim,
2191 3189 2279 3237 est
2317 3177 2415 3234 illa
2469 3177 2682 3241 vivens,
2729 3181 2785 3228 et
2838 3170 3166 3234 subsistens,
3217 3179 3545 3238 promanans

1967 3271 2185 3345 quidem
2232 3266 2578 3326 ineffabiliter
2607 3278 2678 3319 ex
2729 3277 2828 3318 suo
2841 3260 3055 3324 ·,Patre
3101 3255 3248 3313 velut
3296 3269 3328 3310 a
3373 3253 3547 3317 sonte,

1967 3358 2292 3434 deitatisque
2341 3340 2764 3432 proprietatibus
2806 3368 2914 3409 non
2968 3350 3224 3418 aliunde,
3274 3347 3370 3405 sed
3411 3347 3545 3402 sub·

1966 3455 2296 3515 stantialiter
2326 3452 2505 3526 potius
2531 3449 2811 3521 insignita.

3090 3534 3114 3565 N

2044 3715 2109 3772 Β.
2144 3714 2313 3771 necte
2345 3669 2502 3769 dicis.

2038 3808 2106 3865 A.
2144 3808 2354 3865 idcirco
2397 3802 2616 3860 divinus
2665 3813 2886 3871 quoque
2933 3795 3113 3852 Moses
3168 3794 3350 3852 aiebat
3388 3814 3403 3852 ι
3439 3815 3457 3848 ι
3488 3797 3545 3852 Ιιι

1970 3899 2239 3974 principio
2284 3895 2415 3953 fecit
2464 3882 2606 3950 Deus
2652 3890 2853 3948 coelum
2907 3897 2962 3944 et
3018 3901 3217 3944 terram
3239 3889 3306 3942 ⁸⁸.
3347 3906 3367 3942 ι
3430 3889 3549 3944 Non

1971 3993 2426 4048 alienamautem
2476 4002 2507 4043 a
2534 3985 2646 4042 Deo
2678 3984 2935 4039 virtutem
2980 3996 3101 4050 quae
3145 3997 3212 4037 ex
3246 3981 3366 4052 ipso
3401 3989 3460 4036 et
3494 3983 3548 4036 in

1972 4085 2090 4156 ipso
2134 4089 2247 4147 est,
2306 4080 2359 4136 id
2405 4089 2488 4136 est
2545 4076 2760 4157 Filium,
2802 4086 3125 4144 agnoscenS,
3180 4074 3271 4131 illc
3322 4089 3552 4145 magnus

1973 4176 2142 4255 David
2184 4173 2397 4232 dicebat
2428 4190 2443 4228 ι
2478 4189 2498 4226 ι
2529 4170 2708 4228 Verbo
2742 4168 2954 4226 Domini
2994 4169 3117 4225 coeli
3152 4167 3354 4235 firmati
3402 4175 3559 4232 sunt,

1973 4279 2027 4328 et
2048 4271 2255 4343 Spiritu
2283 4268 2397 4327 oris
2412 4269 2534 4340 ejus
2560 4269 2741 4347 omnis
2773 4269 2944 4323 virtus
2970 4280 3159 4339 eornm
3182 4263 3254 4342 ⁴⁹..
3284 4279 3304 4315 »
3336 4260 3417 4316 An
3446 4274 3552 4314 non

1974 4363 2349 4436 distinguitur,
2379 4364 2630 4428 obsecro,
2670 4375 2701 4417 a
2752 4361 2916 4418 Patre
2969 4368 3028 4415 et
3080 4357 3192 4415 Deo
3248 4353 3560 4412 secundum·

275 4447 419 4508 εῖναι
452 4452 616 4523 φημὶ,
642 4449 763 4505 καθ’
789 4430 1087 4505 ὑπόστασιν
1113 4447 1286 4519 ίδικὴν
1311 4449 1472 4503 νοοῖτ·
1488 4449 1578 4516 ἂν,
1606 4449 1728 4503 εἰπέ
1751 4466 1864 4520 μοι,
1897 4460 1944 4513 1)
1973 4455 2246 4527 propriam
2286 4454 2648 4527 hypostasim,
2680 4443 2942 4519 Verbum,
2990 4450 3134 4523 quod
3182 4463 3249 4504 εχ
3283 4447 3404 4525 ³9³⁰
3445 4453 3552 4510 est,

250 4545 434 4617 ’παρά
471 4559 534 4614 γε
563 4542 654 4597 τὸν
685 4518 910 4614 Πατέρα
940 4540 1034 4595 καὶ
1071 4539 1226 4605 θεὸν,
1255 4539 1285 4592 δ
1312 4537 1374 4604 ἐξ
1399 4538 1565 4596 αὐτοῦ
1594 4557 1655 4594 τε
1685 4539 1780 4596 καῖΙ
1808 4541 1868 4594 ἐν

273 4634 429 4708 αὐτῷ
454 4635 660 4705 Λόγος,
645 4653 658 4665 ·
1364 4627 1369 4631 ’

349 4726 413 4785 Β.
443 4727 672 4800 Ἕτερός
699 4743 803 4794 που
832 4725 1068 4815 πάντως.
1100 4722 1406 4797 ’Υφέστηκε
1441 4723 1548 4796 γὰρ
1583 4724 1787 4790 ῑδικῶς,
1817 4725 1864 4778 εἰ

276 4821 375 4879 καὶ
395 4820 544 4875 ἔστιν
572 4819 875 4892 όμοοῦσιος.

351 4914 419 4969 A.
452 4911 933 4985 Παρακομίζοντος
961 4901 1056 4964 ουν
1084 4910 1166 4975 είς
1195 4907 1258 4963 τὸ
1288 4903 1430 4964 εἶναι
1458 4907 1529 4963 τά
1567 4908 1745 4963 πάντα
1774 4909 1872 4962 τοῦ

277 5005 521 5081 Πατρδς,
548 5003 644 5057 καὶ
670 5001 1069 5075 διαπηγνύντος
1101 5002 1230 5068 τους
1259 5001 1543 5073 οὐρανοὺς,
1577 4999 1695 5064 πῶς
1722 5001 1751 5054 ὁ
1777 5000 1875 5054 Λό·

289 5114 376 5175 (ος
409 5096 581 5162 ἐστὶν,
607 5097 636 5149 ό
662 5095 830 5150 τῶνδε
861 5094 1196 5167 δημιουργός
1219 5110 1235 5162 ;

353 5189 416 5242 B.
452 5188 693 5260 Φράσαις
721 5187 788 5242 ἂν
816 5187 979 5252 αὐτὸς
1010 5185 1320 5258 γλιχομένῳ
1349 5202 1441 5258 μοι
1477 5182 1690 5257 μαθεῖν.

355 5279 422 5336 A.
455 5279 564 5334 Καὶ
612 5279 776 5349 μάλα.
819 5279 1022 5350 Πικρδς
1054 5277 1111 5332 δὲ
1136 5279 1165 5331 ό
1199 5276 1379 5347 λόγος,
1420 5276 1517 5332 καὶ
1552 5275 1688 5331 πολὺ
1734 5274 1869 5349 πρὸς

282 5371 575 5444 ἰσχνότητα
631 5369 1117 5444 κατερρινημένος.
1173 5366 1239 5423 Ἠ
1287 5367 1388 5440 τῆς
1439 5367 1570 5439 μιάς
1624 5365 1876 5438 θεότητος

281 5465 473 5539 φύσις,
511 5466 585 5518 ἐν·
599 5462 730 5536 ἁγίᾳ
759 5481 818 5518 τε
875 5465 968 5519 καὶ
998 5462 1269 5535 όμοουσίῳ
1309 5459 1499 5534 Τριάδι
1548 5456 1875 5529 γινώσκεται

1974 4550 2112 4633 etin
2146 4547 2304 4618 ipso?

2050 4719 2113 4776 tt.
2155 4720 2509 4791 Distinguitur
2555 4729 2726 4777 certe.
2763 4716 3025 4775 Subsistit
3078 4715 3223 4772 enim
3261 4710 3554 4786 peculiari·

1980 4826 2084 4883 ter,
2117 4814 2333 4871 tametsi
2364 4823 2448 4870 est
2472 4811 2956 4890 consubstantiale.

2042 4906 2107 4960 A.
2146 4907 2281 4992 Cum
2324 4906 2487 4978 igitur
2518 4905 2683 4961 Pater
2720 4905 2787 4958 ad
2814 4917 2935 4959 esse
2967 4901 3152 4983 omnia
3179 4900 3462 4972 producat,
3491 4911 3553 4952 ac

1976 4996 2142 5052 coelos
2172 4998 2370 5064 (irruet,
2399 4994 2675 5068 quomodo
2717 4992 2952 5050 Verbum
2983 5002 3069 5050 est
3103 4994 3295 5049 borum
3338 4990 3554 5062 opifex!

2053 5175 2113 5230 B.
2158 5174 2315 5230 Scire
2357 5171 2538 5228 aventi
2566 5171 2722 5237 mibi,
2753 5184 2956 5240 quaeso,
2988 5170 3220 5238 explica.

2052 5266 2120 5322 A.
2155 5265 2372 5321 Faciam
2418 5263 2610 5318 libens.
2641 5259 2749 5316 Sed
2792 5271 2949 5315 acuta
2975 5269 3030 5316 et
3065 5256 3280 5313 subtilis
3313 5262 3399 5311 est
3442 5253 3555 5309 dis·

1979 5357 2223 5428 quisitio.
2254 5355 2425 5411 Unius
2466 5352 2687 5410 deitatis
2730 5361 2949 5416 natura,
2997 5350 3052 5404 in
3086 5356 3278 5403 sancta
3318 5354 3375 5401 et
3418 5360 3556 5401 con·

1977 5450 2315 5508 substantiali
2344 5448 2609 5505 Trinitate
2634 5461 2665 5502 a
2712 5446 2872 5503 nobis
2899 5442 3033 5516 ipsis
3058 5450 3115 5498 et
3155 5438 3361 5497 sanctis
3392 5453 3554 5508 ange·

284 5556 426 5631 πρός
456 5574 516 5610 τε
554 5553 714 5629 ἡμῶν
749 5556 929 5613 αὐτῶν
978 5558 1074 5613 καὶ
1102 5556 1212 5613 τῶν
1252 5553 1425 5626 ἀγίων
1453 5552 1721 5624 ἀγγέὶων.
1760 5552 1871 5606 Καὶ
1981 5547 2047 5601 lis
2090 5544 2422 5614 agnoscitur.
2465 5540 2531 5598 Et
2562 5550 2648 5600 est
2684 5539 2901 5613 quidem
2950 5533 3247 5595 secundum
3265 5521 3554 5604 propriam

361 5741 411 5775 ⁸⁸
450 5740 554 5796 lsa.
589 5758 640 5809 x,
677 5740 757 5794 ¹5.

837 5740 881 5772 ⁸¹
912 5736 1066 5795 Joan.
1109 5753 1161 5806 v,
1204 5737 1289 5794 Π.
1365 5736 1410 5769 ⁸⁹
1440 5733 1574 5795 thid.
1599 5732 1688 5791 21.
1768 5731 1812 5765 ⁸⁹
1841 5729 2042 5797 Gen-¹,
2086 5729 2130 5783 l.

2209 5728 2252 5761 ‘¹⁰
2284 5726 2428 5785 Psal.
2457 5740 2628 5792 xxxn,
2660 5725 2714 5780 G.
