3809 6125
248 381 388 441 ttta

1253 361 1310 417 S.
1341 355 1615 417 thttLLt
1652 344 2471 441 ALEXANuRtNt‘AchtEr.

3362 324 3524 383 {120

244 492 426 552 credit
451 489 504 544 in
527 499 636 549 me,
661 484 803 550 sicut
824 481 954 538 dicit
978 478 1282 550 Scriptura,
1309 477 1527 531 flumina
1549 475 1615 530 de
1636 481 1824 529 ventre
1854 477 1896 530 Α
1925 465 2178 538 Χριστόν·
2222 481 2241 514 ι
2275 463 2343 516 Et
2366 476 2449 522 τις
2468 455 2611 527 διψᾷ,
2636 450 2881 521 ἐρχέσθω
2906 446 3042 522 πρός
3075 460 3141 517 με
3160 485 3175 510 ,
3226 439 3323 496 καὶ
3358 437 3517 493 πινέ-

246 584 373 655 ejus
408 581 576 643 {luent
594 590 750 645 aquae
771 574 910 630 vivae
938 572 1007 625 ¹¹⁸.
1039 590 1060 624 ι
1092 570 1248 638 Quod
1277 569 1494 624 divinus
1559 563 1828 636 evangeti-

251 684 337 730 sta
374 671 615 727 loannes
641 667 944 736 explanans
965 670 1021 718 et
1060 661 1237 732 palam
1269 659 1498 722 faciens,
1529 657 1596 712 ad
1654 656 1828 711 sancti

254 761 495 832 Spiritus
548 768 798 812 naturam
858 763 914 809 ct
952 752 1324 823 operationem
1375 749 1559 815 refert,
1605 749 1827 804 diceus:

258 874 280 907 ι
309 852 426 908 Hoc
452 859 631 906 autem
664 848 800 903 dixit
822 847 889 902 de
917 845 1147 916 Spiritu,
1173 857 1336 914 quem
1364 841 1634 913 accepturi
1680 848 1838 895 erant

255 945 541 1000 credentes
597 940 652 996 in
696 938 860 1010 657
904 951 1028 993 eum
1057 935 1126 991 ⁸⁸.
1171 954 1192 988 ι
1250 935 1391 990 Eece
1425 933 1611 1004 utique
1650 946 1837 986 rursus

255 1039 402 1094 clare
427 1043 485 1090 et
514 1032 820 1104 perspicue,
861 1043 999 1099 aqua
1033 1027 1156 1084 vitae
1184 1025 1379 1096 aequali
1439 1026 1598 1082 modo
1637 1038 1701 1079 ac
1731 1023 1840 1077 vir-

259 1139 375 1186 tute
421 1126 678 1199 Spiritus,
716 1131 774 1179 et
830 1121 1014 1189 Pater,
1074 1120 1320 1191 adeoque
1369 1118 1562 1183 Filius,
1605 1115 1839 1173 nominis

255 1217 642 1278 communione
687 1213 1047 1277 identitatem,
1094 1211 1310 1281 opinor,
1342 1206 1661 1264 substantiae
1712 1220 1841 1261 con-

258 1315 542 1381 sequente.
567 1306 641 1362 lta
680 1305 824 1361 enim
876 1319 990 1359 rem
1036 1317 1157 1359 esse
1194 1311 1409 1365 natura,
1446 1298 1605 1354 aliter
1629 1309 1842 1367 quoque

260 1401 391 1458 licet
403 1400 711 1457 ostendere.
738 1394 873 1451 Nam
891 1411 1012 1451 cum
1033 1393 1178 1450 Deus
1204 1402 1426 1448 sanetus
1453 1392 1524 1445 sit
1545 1388 1841 1445 secundum

266 1501 542 1557 naturam,
572 1498 794 1546 sanctus
823 1485 1254 1543 substantialiter
1277 1493 1360 1540 est
1389 1481 1647 1554 Spiritus,
1673 1489 1728 1534 et
1748 1493 1844 1549 per

267 1586 444 1655 ipsum
477 1597 541 1638 ac
572 1583 625 1637 in
654 1581 770 1651 ipso
801 1581 972 1635 sancti
1006 1578 1102 1634 Dei
1142 1577 1315 1635 cuivis
1346 1576 1474 1633 licet
1528 1589 1648 1632 esse
1676 1572 1844 1644 parti,-

262 1692 392 1747 cipi.

335 1930 396 1987 B.
433 1932 548 1989 Non
581 1931 724 2004 quod
755 1931 971 2003 propria
1008 1930 1078 1987 sit
1099 1929 1242 2002 ejus,
1274 1931 1544 2001 inquiunt,
1577 1927 1670 1984 sed
1700 1926 1846 1998 quod

266 2024 317 2082 ei
358 2025 652 2080 adventitia
688 2024 760 2081 sit
787 2021 1181 2089 sanctificatio,
1211 2037 1442 2097 eamque
1476 2038 1506 2076 a
1538 2022 1648 2077 Deo
1688 2032 1842 2078 crea·

267 2130 401 2178 turae
433 2120 659 2177 deserat.

335 2213 403 2268 A.
432 2212 600 2284 Igitur
639 2211 1010 2267 sanctificatus
1045 2211 1194 2281 prius
1249 2209 1484 2281 Spiritus
1537 2206 1848 2265 sanctitica-

268 2306 470 2361 tionem
513 2304 780 2361 creaturis
815 2303 952 2359 indit
996 2318 1116 2372 quoe
1145 2318 1240 2358 sua
1289 2317 1396 2358 non
1432 2311 1550 2366 est,
1582 2299 1848 2370 siquidem

269 2409 456 2451 verutn
486 2410 608 2452 esse
659 2394 910 2459 dicimus,
940 2394 1085 2465 quod
1118 2393 1171 2448 in
1205 2392 1353 2450 omni
1386 2407 1443 2449 re
1467 2405 1586 2461 quae
1610 2388 1852 2460 perferre

269 2496 489 2557 putatur
535 2487 587 2543 id
621 2486 764 2558 quod
820 2501 914 2556 per
947 2485 1118 2554 ipsam
1153 2485 1205 2538 in
1258 2483 1393 2538 alios
1436 2481 1651 2548 transit,
1708 2478 1850 2533 aliud

269 2581 456 2650 utique
483 2580 647 2635 etiam
704 2579 778 2636 sit
810 2579 880 2633 ab
933 2578 1070 2649 ipsa.
1104 2575 1254 2632 Nihil
1303 2574 1447 2631 enim
1495 2573 1733 2643 seipsum
1783 2570 1851 2625 ad

269 2670 406 2727 alios
435 2670 711 2737 detulerit,
737 2686 843 2727 nou
880 2679 939 2724 ut
968 2671 1226 2740 seipsum.

339 2848 403 2905 B.
434 2848 632 2905 Verum
657 2858 759 2904 est.

340 2942 406 2994 A.
438 2940 646 3010 ltaque,
675 2941 719 2993 si
753 2953 857 2993 non
890 2949 975 2995 est
999 2948 1225 2995 sanctus
1251 2949 1445 2995 natura
1475 2938 1729 3009 Spiritus,
1760 2940 1851 3010 qui

273 3032 329 3090 iu
362 3033 519 3090 nobis
547 3040 650 3100 est,
680 3032 862 3088 dicant
889 3031 987 3094 illi,
1013 3045 1239 3101 ecquam
1270 3033 1482 3088 demum
1511 3032 1734 3088 sortitus
1785 3032 1856 3088 sit

1932 572 2031 610 τω.
2074 555 2131 609 'O
2162 552 2433 608 πιστεύων
2458 549 2535 611 είς
2564 550 2685 617 ἐμὲ,
2713 542 2891 610 καθὼς
2928 536 3079 598 εἶπεν
3110 539 3145 608 ἡ
3169 531 3387 605 Γραφὴ,
3419 546 3521 583 πο·

1934 641 2101 715 ταμοὶ
2131 643 2196 696 ἐκ
2250 641 2349 711 τῆς
2393 636 2602 697 κοιλίας
2638 629 2803 685 αὐτοῦ
2838 632 3123 701 ῥεύσουσιν
3148 621 3341 683 ὓδατος
3382 616 3514 682 ζῶν-

1932 751 2046 798 τος.
2087 750 2107 784 ι
2151 732 2220 785 Ὃ
2262 728 2328 801 δὴ
2362 728 2460 782 καὶ
2497 718 2803 796 διατρανῶν
2838 714 2896 773 εῦ
2933 719 3079 790 μάλα
3120 714 3215 769 καὶ
3252 710 3526 775 καθιστὰς

1939 822 2173 896 ἐναργὲς
2204 824 2233 875 ὁ
2264 818 2549 880 θεσπέσιος
2577 809 2969 883 εύαγγελιστὴς
3010 807 3283 877 Ἰωάννης,
3314 804 3397 868 είς
3423 802 3528 873 τὴν

1936 914 2031 969 τοῦ
2072 912 2230 982 ἁγίου
2251 908 2571 979 Πνεύματος
2595 904 2758 976 φύσιν
2780 918 2841 955 τε
2876 900 2969 954 καί.
3000 898 3277 969 ἐνέργειαν
3319 891 3535 962 ἀποφέ-

1942 1024 2046 1079 ρει,
2073 1005 2268 1073 λέγων·
2312 1023 2331 1054 ι
2371 1000 2543 1055 Τοῦτο
2570 997 2629 1052 δὲ
2662 993 2786 1050 εἷπε
2817 991 3059 1066 περὶτοῦ
3092 988 3437 1059 Πνεύματος,
3468 980 3531 1041 οῦ

1940 1095 2163 1167 ἔμελλον
2187 1092 2485 1164 λαμὸάνειν
2509 1087 2559 1144 οἱ
2579 1085 2923 1147 πιστεύοντες
2956 1084 3037 1146 εἰς
3064 1079 3247 1136 αὐτόν.
3263 1098 3283 1132 ι
3306 1077 3440 1132 Ἰδοὺ
3466 1078 3533 1147 δὴ

1942 1182 2009 1242 αῦ
2035 1184 2226 1255 σαφῶς
2250 1200 2308 1236 τε
2336 1181 2431 1236 καὶ
2464 1178 2732 1252 ἐναργῶς,
2763 1175 2907 1245 ὕδωρ
2935 1171 3081 1243 ζωῆς
3110 1168 3415 1239 ίσοτρόπως
3437 1167 3534 1221 καί

1947 1277 2256 1340 ίσοσθενῶς,
2288 1275 2351 1329 τὸ
2380 1274 2607 1345 Πνεῦμα
2626 1273 2721 1327 καὶ
2740 1273 2768 1325 ὁ
2798 1268 3013 1339 Πατὴρ,
3043 1266 3137 1320 καὶ
3160 1263 3293 1335 γοῦν
3320 1264 3351 1316 ὀ
3380 1263 3535 1327 Υἱὸς,

1942 1371 2012 1442 τῇ
2044 1369 2142 1439 τῆς
2192 1366 2382 1434 οὐσίας
2433 1363 2720 1436 ταυτότητι
2745 1358 3170 1434 παρεπομένης,
3206 1352 3366 1428 οἶμαί
3404 1372 3537 1419 που,

1944 1462 2041 1533 τῆς
2069 1458 2408 1530 ὁμωνυμίας.
2429 1451 2560 1509 Ὧδε
2597 1454 2707 1525 γὰρ
2742 1452 2863 1523 ἔχον
2911 1452 2976 1521 τῇ
3016 1448 3176 1518 φύσει
3218 1446 3282 1501 τὸ
3321 1446 3536 1519 χρῆμα,

1946 1550 2043 1605 καὶ
2070 1548 2192 1602 καθ’
2220 1546 2408 1619 ἔτερόν
2439 1561 2563 1600 τινα
2592 1543 2793 1617 τρόπον
2818 1538 3085 1605 ἐπιδείξαι
3114 1556 3197 1603 τις
3224 1538 3315 1592 ἄν.
3348 1536 3537 1605 Ἀγίου

1947 1640 2059 1711 γὰρ
2080 1639 2232 1702 ὄντος
2260 1636 2397 1692 Θεοῦ
2424 1636 2564 1689 κατὰ
2586 1634 2771 1704 φύσιν,
2796 1633 2950 1702 ἅγιον
2973 1629 3251 1693 οὐσιωδῶς
3280 1629 3343 1683 το
3363 1628 3539 1683 Πνεῦ·

1955 1732 2033 1803 μά
2068 1731 2209 1795 ἐστι,
2238 1729 2306 1783 δι’
2344 1726 2509 1784 αὐτοῦ
2551 1744 2611 1781 τε
2655 1725 2750 1780 καὶ
2801 1726 2860 1779 ἐν
2889 1724 3040 1796 αὐτῷ
3065 1722 3159 1777 τοῦ
3198 1721 3361 1791 ἁγίου
3401 1720 3542 1777 Θεοῦ

1875 1812 1917 1867 Β
1950 1820 2243 1894 μεταλάχοι
2262 1835 2348 1884 τις
2372 1820 2456 1874 ἄν.

2018 1913 2081 1966 Β.
2117 1910 2325 1983 Ούχώς
2356 1910 2505 1974 ἴδιον,
2545 1908 2731 1979 φασὶν,
2761 1906 2875 1961 ἀλλ’
2905 1906 2982 1970 ὡς
3028 1905 3274 1960 ἐπακτὸν
3327 1904 3543 1978 ἔχοντος

1947 2005 2040 2059 τὸν
2064 1999 2359 2076 ἀγιασμδν,
2379 1998 2793 2073 διακομίζοντός
2817 2016 2878 2053 τε
2906 2001 2974 2070 τῇ
2997 1999 3176 2052 κτίσει
3197 1997 3358 2071 παρὰ
3383 1998 3543 2053 Θεοῦ.

2018 2195 2084 2248 A.
2114 2189 2560 2263 Προηγιασμένον
2590 2184 2686 2243 οῦν
2733 2187 2843 2260 ἄρα
2885 2187 2946 2241 τὸ
2999 2187 3232 2261 Πνεῦμα
3263 2229 3280 2253 ,
3316 2191 3407 2246 τὸν
3449 2196 3547 2265 οὐχ

1952 2281 2147 2338 ἐαυτοῦ
2174 2282 2288 2345 τοῖς
2312 2279 2612 2350 κτίσμασιν
2641 2278 2849 2350 ἐνίησιν
2883 2278 3183 2349 ἁγιασμὸν,
3217 2280 3384 2352 εἰπερ
3411 2278 3547 2337 εἷναί

1954 2391 2134 2446 φαμεν
2171 2365 2391 2445 ἀληθὲς,
2421 2370 2493 2434 ὡς
2517 2369 2576 2424 ἐν
2600 2387 2666 2439 γε
2702 2370 2867 2424 παντὶ
2894 2370 2972 2442 τῷ
3014 2371 3367 2444 διακομίζειν
3395 2377 3549 2430 ὑπει-

1953 2465 2240 2537 λημμένῳ,
2265 2462 2327 2522 τὸ
2346 2462 2415 2516 δι’
2447 2462 2609 2517 αὐτοῦ
2637 2464 2801 2535 τυχὸν
2842 2464 2921 2528 είς
2952 2462 3176 2535 ἐτέρους
3196 2466 3417 2539 διᾴττον
3461 2470 3546 2540 εἴη

1952 2557 2017 2627 δή
2048 2573 2153 2611 που
2184 2553 2401 2618 πάντως
2429 2554 2497 2609 ἂν
2527 2555 2622 2609 καὶ
2642 2554 2832 2627 ἓτερον
2868 2556 2995 2627 παρ’
3018 2556 3174 2612 αὐτό.
3220 2561 3552 2632 Διακομίσαι

1953 2648 2063 2720 γὰρ
2083 2647 2149 2701 ἂν
2177 2645 2297 2701 οὔτι
2319 2635 2429 2699 ἕπου
2454 2645 2563 2700 τῶν
2579 2646 2748 2700 ὄντων
2774 2646 2925 2700 οὐδὲν
2940 2648 3108 2702 ἑαυτὸ
3140 2651 3285 2723 πρὸς
3305 2652 3538 2726 ἐτέρους,

1954 2739 2053 2810 οὐχ
2084 2738 2160 2803 ὡς
2188 2739 2374 2793 ἐαυτό.

2027 2832 2091 2886 Β.
2138 2830 2385 2904 Ἀληθές.

2024 2923 2091 2979 A.
2124 2923 2354 2991 Οὐκοῦν,
2382 2926 2432 2979 εί
2469 2925 2546 2997 μὴ
2578 2925 2729 2981 ἔστιν
2753 2927 2911 2997 ἆγιον
2945 2927 3112 2998 φύσει
3142 2927 3201 2983 τὸ
3220 2924 3427 2999 Πνεῦμα
3458 2925 3519 2979 τὸ

1956 3015 2016 3070 ἐν
2042 3016 2195 3087 ἡμῖν,
2223 3014 2543 3087 φραζόντων
2577 3019 2799 3086 ἐκεῖνοι,
2824 3020 2947 3075 τίνα
2968 3020 3033 3094 δὴ
3060 3022 3168 3095 ἄρα
3198 3018 3376 3074 λοιπὸν
3417 3018 3516 3074 ἅττ·

269 3133 546 3180 naturam.
590 3124 743 3192 Quod
798 3123 842 3179 si
879 3123 1050 3178 nolint
1079 3124 1130 3178 ei
1161 3133 1407 3180 sanctam
1463 3132 1712 3179 naturam
1749 3123 1854 3180 tri·
1883 3145 1929 3204 C
1960 3106 2310 3178 εκληρώσατο
2337 3106 2523 3202 φύσιν·
2552 3108 2666 3162 Καὶ
2713 3110 2763 3161 εἶ
2800 3111 2877 3182 μὴ
2911 3110 3192 3180 βούλοιντο
3235 3111 3332 3184 τὴν
3373 3110 3525 3180 extu

273 3216 459 3280 liuere,
490 3217 728 3285 nunquid
761 3217 815 3271 in
845 3214 1230 3287 blasphemiam
1261 3215 1628 3272 inevitabilem
1669 3230 1856 3273 eorum
1963 3198 2261 3269 ἀπονέμειν
2281 3197 2453 3271 αὐτῷ»
2477 3194 2567 3272 ἆρ’
2596 3200 2718 3272 ⁰020·
2744 3201 2923 3275 ’πάντη
2951 3221 3010 3257 τε
3046 3206 3143 3260 καὶ
3170 3205 3389 3268 πάντως
3412 3205 3537 3258 &²⁰-

271 3307 444 3363 nratio
469 3319 680 3365 corruet
709 3308 732 3363 2

345 3486 409 3541 B.
449 3486 527 3540 lta
573 3499 815 3556 prorsus,
863 3486 1246 3542 Verumtamen
1287 3487 1438 3542 aiunt
1485 3487 1760 3544 Christum
1792 3488 1860 3544 de

276 3583 395 3650 ipso
438 3579 685 3634 dixisse:
722 3597 742 3631 ι
782 3577 916 3645 Quia
946 3578 1012 3633 de
1038 3592 1156 3634 meo
1198 3579 1452 3648 accipiet,
1487 3588 1540 3635 et
1568 3579 1860 3637 annuntia-

276 3674 355 3730 bit
381 3670 533 3727 vobis
561 3669 629 3725 ⁸¹.
665 3689 684 3724 ι
713 3669 988 3740 particeps
1015 3670 1193 3741 igitur,
1222 3671 1492 3742 inquiunt,
1519 3671 1753 3743 Spiritus
1774 3681 1860 3730 est

277 3765 421 3821 Filii.

347 3868 414 3922 A.
461 3866 680 3922 Minime
734 3879 895 3931 vero,
934 3866 1168 3933 ‚multum
1229 3867 1405 3935 abest,
1458 3876 1516 3923 ut
1559 3882 1701 3924 reor.
1754 3868 1857 3936 Qui

279 3959 423 4014 enim
459 3974 522 4015 ex
566 3959 707 4030 ipso,
736 3967 792 4013 et
823 3959 876 4013 in
914 3958 1028 4027 ipso
1058 3967 1112 4013 et
1136 3959 1386 4029 proprius
1418 3959 1536 4029 ejus
1584 3968 1688 4028 est,
1719 3976 1857 4029 quo·

282 4049 442 4106 modo
474 4049 642 4120 ipsius
671 4049 888 4104 demum
919 4048 1024 4104 erit
1052 4049 1341 4118 particeps,
1366 4058 1419 4105 et
1450 4049 1673 4117 perinde
1701 4065 1765 4105 ac
1794 4064 1856 4104 ca

281 4156 402 4212 qitae
431 4140 646 4196 aliunde
692 4140 1034 4195 sanctitatem
1083 4140 1376 4208 accipiunt,
1428 4139 1689 4196 relatione
1725 4156 1861 4210 qua·

280 4238 403 4291 dam
435 4232 884 4299 sanctificabitur,
920 4232 1238 4302 alienusque
1274 4233 1568 4287 secundum
1612 4241 1857 4286 naturam

285 4327 496 4382 tuturus
519 4332 608 4380 est
632 4322 700 4378 ab
721 4337 808 4386 eo,
830 4320 985 4390 eujus
1017 4322 1179 4377 etiam
1210 4321 1460 4391 proprius
1483 4334 1606 4376 esse
1625 4321 1860 4376 dieitur?

280 4415 440 4472 Acuti
467 4416 663 4471 'autem
699 4413 773 4469 illi
795 4412 1100 4468 divinorum
1147 4425 1483 4477 sermonum,
1518 4427 1582 4467 ac
1614 4411 1858 4468 subtilis-

1963 3290 2204 3344 νεύσειεν
2235 3290 2303 3345 ἂν
2341 3291 2526 3356 αὐτοῖς
2556 3292 2638 3357 είς
2666 3291 2996 3363 ἀδιάφυκτον
3032 3295 3356 3368 δυσφημίαν
3393 3297 3422 3349 ὁ
3458 3295 3547 3348 λό-

2000 3400 2087 3449 0ἰῖ

1962 3400 1998 3455 γ
2032 3483 2075 3535 Β
2134 3483 2342 3539 Ἐοικε.
2387 3481 2764 3555 Πλὴν-ἐκεῖνό
2803 3501 2990 3556 φασιν,
3038 3484 3127 3540 ὃτι
3171 3482 3420 3554 Χριστὸς
3452 3479 3557 3552 ἔφη

1963 3574 2093 3646 περὶ
2124 3576 2313 3630 αὐτοῦ·
2345 3594 2364 3627 ι
2411 3577 2505 3630 Ἐκ
2533 3574 2627 3630 τοῦ
2659 3578 2796 3649 ἐμοῦ
2829 3578 3061 3648 λήψεται
3082 3617 3097 3642 ,
3135 3576 3242 3630 καὶ
3272 3573 3561 3644 ἀναγγελεῖ

1964 3667 2115 3738 ὑμῖν.
2143 3687 2162 3720 ι
2186 3663 2545 3756 Μέτοχονρῦν
2578 3669 2685 3740 ἄρα
2716 3670 2850 3738 φασὶ
2878 3669 2939 3722 τὸ
2966 3667 3202 3739 Πνεῦμα
3242 3668 3340 3723 τοῦ
3370 3667 3526 3724 Υίοῦ.

2033 3871 2096 3924 A.
2131 3870 2371 3925 Ἷίκιστοί
2401 3888 2487 3941 γε,
2516 3871 2714 3925 πολλοῦ
2745 3889 2829 3941 γε,
2865 3868 3042 3943 οἶμαι,
3075 3874 3175 3926 καὶ
3210 3863 3315 3927 δεῖ.
3349 3874 3428 3928 Τὸ
3458 3873 3552 3943 γὰρ

1961 3960 2023 4025 ἐξ
2043 3958 2208 4014 αὐτοῦ
2229 3977 2287 4013 τε
2320 3961 2414 4014 καὶ
2436 3963 2495 4014 ὲν
2526 3960 2676 4031 αὐτῷ
2702 3962 2795 4015 καὶ
2830 3962 2958 4015 ἴδιον
2996 3962 3191 4024 αὑτοῦ,
3229 3962 3356 4026 πῶς
3382 3964 3451 4018 ἂν
3468 3964 3555 4016 αύ-

1961 4050 2054 4106 τοῦ
2082 4051 2373 4122 μεταλὰχοι
2400 4050 2643 4118 πώποτε,
2674 4054 2771 4106 καὶ
2804 4053 2862 4105 ἐν
2887 4051 2987 4123 ἴσῳ
3011 4055 3126 4116 τοῖς
3160 4052 3407 4124 θύραθεν
3437 4069 3552 4123 σχε·

1961 4142 2129 4204 τικῶς
2165 4141 2467 4210 ἁγιάζοιτο,
2501 4142 2594 4195 καὶ
2619 4142 2898 4214 ἀλλότριον
2927 4141 3084 4195 ἔσται
3114 4143 3261 4195 κατὰ
3288 4141 3474 4213 φύσιν,
3493 4133 3550 4195 οῦ

1964 4232 2061 4286 καὶ
2094 4233 2225 4286 ἴδιον
2265 4227 2405 4286 εἶναι
2438 4233 2694 4302 λέγεται;
2744 4233 2919 4287 Δεινοὶ
2947 4231 3025 4294 δὲ,
3054 4232 3132 4291 ὡς
3173 4234 3405 4297 οἴονται,
3452 4232 3550 4285 τῶν

1962 4322 2123 4377 Οείων
2153 4322 2324 4393 λόγων
2368 4325 2654 4394 γεγονότες
2686 4323 3029 4395 βασανισταὶ,
3059 4325 3153 4378 καὶ
3193 4325 3370 4395 ἰσχνοὶ
3416 4325 3546 4386 λίαν,

1960 4415 2209 4480 ὰνῠότου,
2227 4416 2494 4486 παρέντες
2528 4416 2589 4470 τὸ
2615 4415 3091 4471 κατασκέπτεσθαι
3110 4417 3228 4470 δεῖν
3252 4419 3315 4471 τὸ
3336 4417 3546 4489 ἐτύμως

267 4506 402 4575 ,simi
424 4548 441 4573 ‚
477 4515 536 4560 ut
584 4503 684 4560 sibi
717 4503 1066 4574 persuadent,
1116 4503 1482 4574 indagatores»,
1505 4503 1856 4573 quamobrem
1889 4481 1935 4537 D
1965 4506 2110 4578 ἔχον,
2139 4507 2654 4579 κεκιὸδηλευμὲνοις
2683 4508 2779 4562 καὶ
2805 4508 2981 4572 νόθοις
3009 4509 3372 4580 ἐπινήχονται
3404 4510 3542 4577 λογι·

283 4598 480 4668 rejecta
510 4597 752 4654 veritatis
776 4595 1250 4664 contemplatione,
1292 4597 1611 4653 adulterinis
1637 4607 1694 4652 et
1724 4611 1855 4667 spu·

285 4692 379 4747 riis
397 4687 715 4746 ratiunculis
739 4687 1022 4744 innatant?
1047 4686 1162 4744 Non
1199 4689 1340 4744 enim
1373 4691 1585 4744 ‘naturae
1615 4689 1861 4744 differen-

286 4784 417 4838 tiam
459 4783 715 4838 innuebat
738 4779 929 4848 Filius,
959 4795 1082 4835 cum
1107 4779 1172 4835 de
1201 4793 1261 4834 se
1291 4787 1344 4833 et
1375 4777 1576 4848 Spiritu
1605 4779 1809 4833 dican-t
1838 4797 1853 4835 ι

287 4874 460 4942 «Quia
479 4874 546 4929 de
567 4887 691 4929 meo
705 4872 953 4943 accipiet,
980 4881 1036 4927 et
1062 4870 1401 4926 annuntiabit
1429 4869 1601 4927 vobis.
1618 4870 1856 4940 »Alioqui

284 4968 454 5030 enim,
484 4964 767 5021 manifeste
794 4965 1021 5021 dixisset
1050 4981 1065 5019 ι
1111 4963 1185 5019 De
1215 4977 1335 5019 meo
1361 4962 1584 5032 accipiet
1620 4963 1861 5018 sanctiti-

285 5057 590 5121 cationem,
639 5061 693 5110 et
737 5052 973 5107 vicissim
1021 5053 1138 5125 ipse
1182 5067 1279 5108 vos
1309 5053 1690 5109 sanctific-abit.
1734 5052 1859 5108 llaec

287 5149 429 5203 enim
488 5157 693 5203 naturae
747 5145 1053 5200 distinctam
1113 5155 1169 5202 et
1216 5146 1534 5215 inaequalem
1594 5144 1859 5201 rationem

287 5239 653 5303 ostenderent,
669 5246 727 5293 et
748 5234 908 5290 aliam
929 5235 1325 5306 quodammodo
1351 5237 1403 5291 in
1421 5235 1527 5291 alio
1555 5236 1862 5291 sanctitica-

292 5332 495 5386 tionem
528 5331 581 5387 in
613 5330 817 5401 Spiritu
861 5328 1065 5400 liquido
1098 5328 1458 5385 declararent.
1510 5325 1710 5384 Verum
1761 5329 1864 5385 ista

292 5422 510 5492 quidem
581 5438 689 5478 non
756 5423 967 5479 dicebat
990 5461 1032 5498 ,ἱ
1070 5420 1167 5476 sed
1223 5422 1339 5478 suis
1401 5422 1584 5478 verbis
1642 5437 1865 5478 usurum

292 5524 511 5586 propter
547 5514 880 5569 identitatem
913 5512 1231 5569 substantias
1279 5522 1334 5571 et
1378 5513 1742 5571 omnimodam
1776 5528 1869 5568 na·

296 5619 430 5664 turae
455 5616 511 5663 et
544 5605 792 5674 loquendi
841 5605 1208 5676 operandique
1247 5607 1629 5677 aequalitatem,
1683 5606 1754 5670 ita
1786 5614 1864 5669 ut,

1966 4601 2160 4670 σμοῖς;
2188 4598 2267 4653 Οὐ
2305 4598 2415 4669 γάρ
2436 4615 2520 4653 τοι
2555 4599 2772 4668 φύσεως
2797 4599 2984 4671 ἐδήλου
3012 4601 3314 4672 διαφορὰν,
3356 4599 3545 4657 ἐαυτοῦ

1957 4705 2018 4741 τε
2051 4688 2179 4759 πέρι
2209 4688 2303 4741 καὶ
2358 4688 2451 4742 τοῦ
2482 4689 2804 4760 Πνεύματος
2833 4690 3008 4759 λέγων
3034 4693 3064 4745 ὁ
3092 4692 3241 4758 Υἱὸς,
3265 4693 3353 4747 ὅτι
3397 4712 3419 4747 ι
3461 4694 3546 4747 Ἐκ

1962 4781 2055 4836 τοῦ
2088 4781 2220 4852 ἐμοῦ
2250 4782 2479 4854 λήψεται
2500 4823 2514 4846 ,
2548 4783 2644 4837 καὶ
2688 4783 2981 4853 ἀναγγελεῖ
3007 4784 3158 4854 ὑμῖν.
3194 4805 3213 4838 ι
3252 4787 3327 4840 Ἢ
3352 4787 3460 4858 γὰρ
3486 4784 3545 4838 ἄν

1966 4873 2071 4943 ἔφη
2101 4874 2197 4926 καὶ
2238 4873 2382 4943 μάλα
2417 4873 2625 4941 σαφῶς,
2659 4874 2736 4939 ὡς
2765 4875 3009 4946 Λὴψεται
3040 4875 3141 4946 μὲν
3190 4876 3251 4943 ἐξ
3272 4860 3278 4866 ’
3298 4878 3440 4949 ἐμοῦ
3463 4877 3545 4930 τὸν

1966 4963 2260 5034 ἁγιασμὸν,
2293 4963 2614 5032 ἀνῠαγιάσει
2640 4964 2697 5017 δὲ
2726 4965 2820 5018 καὶ
2852 4966 2996 5036 ὑμᾶς
3026 4965 3180 5019 αὐτό.
3203 4966 3428 5030 Φύσεως
3447 4965 3546 5035 γὰρ

1964 5057 2154 5127 ἐδήλου
2177 5057 2334 5109 ταυτὶ
2354 5055 2454 5126 τὴν
2486 5056 2568 5117 είς
2596 5056 2890 5126 ἀνισότητα
2911 5055 3204 5126 διακοπὴν,
3225 5057 3323 5110 καὶ
3342 5057 3422 5121 ὡς
3442 5058 3548 5110 ἓτε-

1972 5167 2064 5221 ρον
2095 5151 2151 5203 ἐν
2177 5148 2349 5219 ἐτέρῳ
2369 5148 2461 5200 τὸν
2494 5146 2786 5218 ἀγιασμδν,
2819 5148 2880 5201 ἐν
2907 5147 2985 5218 τῷ
3014 5148 3298 5219 Πνεύματι
3319 5148 3549 5204 κατεδεί·

1970 5258 2069 5296 κνυ
2115 5241 2321 5310 σαφῶς.
2364 5239 2527 5293 Ἀλλὰ
2552 5240 2703 5293 τουτὶ
2754 5240 2853 5311 μὲν
2882 5239 2984 5294 οὐκ
3012 5239 3139 5312 ἔφη,
3174 5240 3360 5310 λόγοις
3387 5242 3447 5296 δέ
3472 5241 3549 5294 ὅτι

1971 5334 2300 5404 κεχρήσεται
2322 5333 2435 5395 τοῖς
2460 5328 2627 5385 αὐτοῦ
2656 5328 2747 5384 διὰ
2768 5329 2828 5383 τὸ
2848 5330 2947 5401 τῆς
2972 5330 3164 5394 οὐσίας
3201 5331 3407 5386 ταυτὸν
3425 5372 3441 5396 ,
3466 5331 3552 5384 καὶ

1970 5423 2204 5478 εἰσάπαν
2237 5421 2476 5492 ίσοφυὲς,
2513 5419 2762 5490 ίσουργόν
2787 5437 2847 5474 τε
2885 5420 2982 5474 καὶ
3011 5419 3253 5486 ίσοεπές.
3290 5421 3371 5488 ὡς
3402 5424 3552 5490 εἴπερ

1970 5533 2025 5569 τι
2049 5514 2149 5568 καὶ
2177 5515 2395 5585 ἐνηχεῖν
2434 5515 2548 5577 τοῖς
2577 5512 2753 5581 ἁγίοις
2787 5510 2962 5564 ἕλοιτο
3002 5510 3192 5581 τυχὸν,
3226 5511 3390 5582 λόγον
3418 5507 3552 5566 εἶναι

1972 5605 2129 5659 τοῦτο
2154 5602 2408 5675 Χριστοῦ.
2444 5621 2462 5656 ι
2497 5603 2571 5656 Οὐ
2599 5601 2707 5673 γὰρ
2745 5599 2985 5669 λαλήσει,
3021 5602 3210 5672 φησὶν,
3233 5603 3329 5673 ἀφ’
3359 5598 3549 5659 ἐαυτοῦ

358 5787 412 5820 ‘⁵
440 5783 601 5846 Ioan.
643 5802 734 5854 vn,
773 5785 863 5856 3⁷,
898 5784 986 5843 38.
1066 5783 1111 5818 ⁸⁸
1149 5784 1280 5841 lbid.
1335 5783 1422 5839 59.
1501 5784 1544 5817 '¹'
1571 5782 1729 5840 Joan.
1763 5800 1871 5849 m,
1905 5782 1988 5838 tt.
