3809 6125
197 253 207 261 ο
285 300 428 362 1029

1349 296 1438 353 DE
1475 295 1578 354 SS.
1621 298 2007 363 'mmmm
2042 302 2394 364 olamans
2426 303 2521 363 Π.

3399 299 3557 359 ‘milo

279 414 434 486 φαίς.
467 407 581 466 Καὶ
620 409 756 482 γοῦν
801 412 898 469 τοῦ
925 411 1182 485 Σωτῆρος
1219 411 1249 466 δ
1288 408 1566 483 μαθητὴς,
1613 409 1875 474 Ἰάκωΰος
1902 415 1949 470 Α
1976 422 2134 480 patus
2161 421 2267 468 est.
2292 410 2445 466 Unde
2467 408 2776 467 servatoris
2789 409 3111 481 discipulus,
3129 410 3364 469 lacobus
3386 410 3555 469 nimi-

278 492 439 566 οὗτος
478 495 551 572 ἦν
575 515 588 529 ·
623 518 644 553 ι
681 501 950 573 Ἀδελφοί,
982 502 1139 575 φησι,
1171 500 1248 574 μὴ
1276 501 1337 555 ἐν
1385 498 1872 573 προσωποληψίαις

280 591 440 664 ἔχετε
483 590 585 664 τὴν
617 592 804 648 πίστιν
833 593 929 649 τοῦ
973 593 1183 667 Κυρίου
1212 591 1373 666 ἡμῶν
1409 590 1584 665 Ἰησοῦ
1631 590 1870 663 Χριστοῦ

275 682 380 756 τῆς
411 680 592 754 δόξης·
624 700 645 734 0

353 776 417 830 B.
451 772 588 828 Εἶτα
619 774 707 840 τίς
743 775 777 847 ἡ
818 773 914 829 τοῦ
949 773 1083 829 Υίοῦ
1118 771 1270 844 δόξα,
1304 775 1459 848 παρὰ
1490 773 1589 847 τὴν
1615 774 1706 829 τοῦ
1755 774 1871 828 Πα-

273 864 445 937 τρόςι

349 960 415 1014 Δ.
452 957 565 1029 Οὐχ
595 955 916 1027 ὑπέρτονος,
935 950 1123 1024 ὧτᾶν,
1142 955 1265 1012 οὐδὲ
1287 956 1479 1029 μείων,
1504 955 1676 1027 ἀλλ’ἢ
1705 954 1866 1027 αὐτη·

278 1052 487 1127 μᾶλλον
516 1050 596 1118 δὲ,
638 1049 828 1123 ὥσπερ
859 1049 977 1105 ἐστὶ
1023 1051 1188 1120 σοφία
1226 1049 1324 1105 καὶ
1358 1048 1587 1121 δύναμις
1611 1048 1707 1103 τοῦ
1752 1048 1868 1101 Πα-

272 1147 426 1221 τρὸς,
463 1142 634 1208 οὕτως
674 1143 741 1199 ἂν
774 1143 860 1216 εἴη
902 1145 999 1199 καὶ
1035 1142 1185 1210 δόξα,
1219 1142 1322 1214 τῆς
1350 1140 1448 1196 τοῦ
1485 1141 1736 1205 τεκόντος
1774 1141 1868 1194 ού-

273 1240 403 1305 σίας
442 1236 741 1309 ἀφράστως
785 1236 1241 1309 ἀπηυγασμένος,
1288 1235 1384 1289 καὶ
1410 1234 1509 1306 τὴν
1539 1232 1662 1287 ὃθεν
1703 1232 1866 1301 ἐξέφυ

269 1335 343 1391 δι’
384 1331 582 1389 ἑαυτοῦ
623 1330 1051 1402 κατασημαίνων
1085 1328 1268 1400 φύσιν,
1314 1327 1569 1399 καθάπερ
1597 1342 1682 1390 τις
1715 1324 1865 1397 ἡλίου

272 1425 430 1500 βολὴ,
457 1424 552 1479 καὶ
604 1422 782 1493 φωτὸς
824 1421 1170 1492 ἀπαύγασμα
1210 1419 1312 1491 τῆς
1361 1417 1456 1472 τοῦ
1492 1416 1754 1492 προέντος
1785 1416 1866 1469 δι-

268 1520 551 1576 εκκύπτον
579 1516 793 1582 οὐσίας,
825 1515 921 1570 καὶ
959 1513 1036 1578 ὡς
1066 1515 1245 1568 ἐκεῖνο
1284 1512 1493 1576 λοιπὸν,
1519 1509 1582 1566 τὸ
1602 1508 1662 1577 ἐξ
1694 1500 1865 1582 οὗπέρ

268 1612 419 1677 ἐστι,
448 1610 537 1665 διὰ
565 1608 668 1681 τῆς
697 1610 777 1674 είς
824 1609 994 1680 ἀκρον
1044 1605 1344 1678 ὲμφερείας
1381 1602 1477 1658 καὶ
1521 1599 1865 1663 ταυτοειδοῦς

269 1704 589 1776 ποιότητος,
620 1700 680 1757 εῦ
714 1700 859 1774 μάλα
889 1697 1201 1770 νοούμενον.

1945 517 2093 582 ‘rum
2128 520 2144 559 ι
2176 521 2195 555 ι
2223 502 2468 569 Fratres,
2496 502 2697 574 inquit,
2721 500 2890 557 nolite
2922 502 2976 556 in
3001 513 3357 570 personarum
3394 515 3557 558 acce-

1972 593 2158 663 ptione
2191 592 2395 650 habere
2426 594 2585 650 iidem
2618 593 2832 649 Domini
2861 591 3033 648 nostri
3058 589 3185 648 Jesu
3207 590 3409 648 Christi
3436 591 3554 664 glo·

1972 685 2153 741 riae¹¹.
2193 703 2214 737 ι

2041 775 2106 834 Β.
2145 778 2216 832 At
2244 792 2492 850 quaenatn
2542 787 2624 834 est
2660 775 2786 832 Fitn
2837 777 3034 847 glorta,
3078 784 3275 849 praeter
3325 776 3554 849 gloriam

1969 866 2152 924 Patris
2171 868 2197 924 i

2040 960 2107 1015 Α.
2135 958 2253 1015 Νοιι
2284 961 2556 1030 superior,
2577 962 2771 1028 amice,
2796 975 2969 1030 neque
2990 961 3185 1026 minor,
3210 960 3304 1016 sed
3326 959 3552 1017 cadem:

1971 1052 2081 1107 imo
2109 1065 2240 1107 vero
2271 1051 2728 1122 quemadmodum
2763 1060 2848 1105 est
2878 1051 3144 1121 sapientia
3174 1062 3230 1108 et
3257 1054 3429 1108 virtus
3456 1052 3555 1108 Pa-

1971 1144 2091 1210 tria,
2124 1144 2205 1198 sic
2232 1144 2337 1199 erit
2359 1153 2413 1200 et
2445 1144 2641 1215 gloria,
2670 1159 2699 1198 a
2730 1142 3006 1200 Genitoris
3037 1146 3343 1202 substantia
3371 1145 3555 1201 ineffa-

1967 1233 2151 1290 biliter
2172 1233 2787 1307 effulgens,etnaturam
2815 1236 2957 1291 unde
2981 1226 3182 1307 'prodiit
3198 1250 3295 1309 per
3314 1237 3552 1307 seipsum

1968 1326 2279 1382 denotans:
2323 1342 2433 1382 non
2476 1341 2637 1383 secus
2680 1342 2747 1384 ac
2791 1326 2924 1382 solis
2966 1328 3151 1384 radius
3194 1343 3260 1385 ac
3294 1330 3555 1401 splendor

1967 1416 2191 1474 luminis
2210 1418 2278 1474 de
2300 1420 2602 1476 substantia
2627 1420 2745 1488 eius
2766 1435 2794 1474 a
2819 1436 2926 1491 quo
2948 1421 3214 1477 emittitur
3233 1425 3552 1493 procedens,

1967 1509 2170 1580 quique
2211 1521 2434 1581 propter
2475 1526 2741 1567 summam
2775 1511 3187 1568 similitudinem
3217 1523 3271 1568 et
3303 1518 3552 1571 eamdem

1969 1600 2311 1671 qualitatem,
2345 1603 2395 1659 ei
2440 1617 2472 1658 a
2502 1618 2610 1675 quo
2650 1604 2993 1675 progreditur
3017 1618 3113 1675 per
3138 1606 3322 1660 omnia
3361 1605 3554 1661 similis

1971 1689 2305 1762 intelligitur.

350 1795 413 1848 B.
447 1787 595 1865 Ἆρα
619 1791 684 1847 ἂν
706 1790 850 1863 ἔχοις
882 1790 1060 1842 εἰπεῖν
1089 1788 1156 1841 ὲκ
1184 1786 1294 1840 τῶν
1333 1783 1494 1857 ίερῶν
1508 1781 1862 1855 Γραμμάτων
1895 1773 1937 1829 Β
2038 1779 2100 1835 Β.
2139 1780 2374 1839 Potesne
2403 1784 2587 1842 dicere
2616 1801 2680 1842 ex
2697 1786 2875 1854 ⁴sacris
2892 1785 3117 1844 Litteris
3139 1802 3388 1858 qnaenam
3419 1788 3554 1845 fides

265 1888 358 1955 τίς
384 1886 455 1943 ἂν
477 1885 688 1956 γένοιτο
713 1880 973 1937 τοιούτων
1001 1880 1035 1952 ἡ
1066 1880 1287 1944 πίστις;

347 1983 414 2036 Δ.
453 1976 647 2033 Καίτοι
697 1974 906 2049 βραχὺς
947 1973 1144 2045 κομιδῇ
1190 1970 1633 2043 δαπανηθήσεται
1677 1968 1860 2032 πόνος,

269 2066 654 2143 συναγείροντί
703 2082 786 2120 σοι
828 2065 929 2129 τὰς
976 2062 1087 2116 τῶν
1126 2061 1297 2131 ἀγίων
1344 2059 1546 2132 φωνάς.
1593 2057 1866 2126 Ἐφεσίοις

271 2165 383 2240 μὲν
420 2162 528 2234 γὰρ
579 2157 914 2214 ἐπιστέλλων
958 2157 987 2210 ό
1031 2154 1244 2220 Παῦλος
1270 2170 1284 2183 ·
1315 2172 1332 2205 ι
1364 2152 1465 2207 Διά
1494 2149 1674 2217 τοῦτο,
1704 2148 1861 2221 φησι,

266 2256 436 2330 κάγὼ
462 2252 702 2316 ἀκούσας
753 2248 853 2321 τὴν
911 2246 1034 2303 καθ’
1058 2247 1204 2319 ὑμᾶς
1244 2244 1427 2300 πίστιν
1466 2245 1526 2298 ἐν
1566 2241 1646 2314 τῷ
1673 2241 1866 2312 Κυρίῳ

284 2346 492 2424 Ἰησοῦ,
525 2345 623 2401 καὶ
646 2345 749 2416 τὴν
775 2342 998 2412 ἀγάπην
1024 2339 1124 2413 τὴν
1155 2340 1235 2403 είς
1264 2338 1473 2401 πάντας
1502 2337 1632 2399 τοὺς
1653 2334 1864 2404 ἀγίους,

274 2442 344 2500 οὐ
374 2439 624 2513 παύομαι
667 2432 1010 2508 εὐχαριστῶν
1062 2431 1203 2504 ὑπὲρ
1252 2429 1431 2503 ὑμῶν,
1477 2427 1673 2500 μνείαν
1709 2425 1864 2500 ὑμῶν

268 2532 599 2607 ποιούμενος
631 2528 724 2583 ἐπὶ
760 2526 873 2581 τῶν
902 2520 1225 2596 προσευχῶν
1268 2538 1394 2594 μου,
1429 2519 1517 2575 ίνα
1544 2520 1574 2574 ό
1598 2518 1734 2584 Θεὸς
1767 2515 1866 2572 τοῦ

266 2624 487 2696 Κυρίου
534 2618 696 2694 ἡμῶν
738 2615 914 2690 Ἰησοῦ
957 2612 1220 2686 Χριστοῦ,
1250 2614 1280 2668 ό
1319 2610 1514 2682 Πατὴρ
1544 2610 1647 2681 τῆς
1683 2605 1862 2679 δόξης,

264 2718 392 2793 δῳη
423 2716 554 2789 ὑμῖν
592 2708 819 2785 Πνεῦμα
861 2709 1058 2780 σοφίας
1095 2706 1190 2761 καὶ
1222 2701 1625 2773 ἀποκαλύψεως
1650 2701 1711 2755 ὲν
1740 2703 1864 2756 ἐπι-

268 2807 478 2880 γνώσει
507 2802 695 2861 αὑτοῦ.
720 2821 739 2855 ι
766 2801 965 2873 Συνίης
990 2794 1087 2855 οῦν
1114 2798 1199 2853 ὅτι
1227 2794 1452 2867 Πατέρα
1482 2791 1744 2865 Χριστοῦ,
1769 2794 1867 2849 καὶ

269 2899 502 2972 Πατέρα
536 2897 637 2969 τῆς
658 2893 817 2964 δόξης
848 2891 1244 2964 κατωνόμασεν
1268 2887 1431 2953 εὐθὺς
1463 2886 1556 2941 τὸν
1589 2885 1743 2953 Θεὸν,
1766 2886 1866 2959 οὐχ

263 2993 487 3064 ἕτερον,
523 2984 701 3058 οἶμαι,
724 2986 779 3038 τι
810 2985 961 3055 παρὰ
986 3000 1050 3052 γε
1079 2982 1177 3054 τὴν
1215 2980 1375 3048 δόξαν
1402 2978 1498 3034 τοῦ
1531 2975 1748 3052 Πατρὸς
1774 2978 1868 3032 τὸν

263 3082 515 3155 Χριστὸν
545 3073 883 3142 ἀποφαίνων.
913 3073 1058 3144 Ἔφη
1082 3071 1140 3126 δέ
1161 3088 1265 3124 που
1307 3070 1473 3125 πάλιν
1491 3087 1506 3103 ·
1537 3088 1559 3125 t
1587 3068 1783 3141 Ἡμεῖς
1808 3067 1866 3122 δὲ

269 3174 509 3234 πάντες,
535 3161 1043 3234 ἀνακεκαλυμμένῳ
1065 3162 1343 3236 προσώπῳ
1363 3159 1461 3233 τὴν
1484 3160 1642 3230 δόξαν
1657 3162 1865 3234 Κυρίου

276 3257 808 3334 κατοπτριζόμενοι,
863 3255 965 3326 τὴν
1014 3255 1187 3326 αὐτὴν
1236 3253 1422 3308 εἰκόνα
1478 3254 1866 3328 μεταμορφού·

275 3353 464 3428 μεθα,
509 3350 617 3406 ἀπὸ
659 3348 820 3418 δόξης
853 3349 936 3412 είς
977 3344 1166 3412 δόξαν,
1217 3343 1470 3419 καθάπερ
1517 3343 1628 3401 ἀπὸ
1659 3345 1867 3420 Κυρίου

268 3447 622 3516 Πνεύματος.
643 3461 664 3495 ι
681 3473 750 3484 -
766 3460 786 3494 ι
818 3437 1251 3502 Ἀποδλέποντες
1275 3435 1358 3500 είς
1387 3436 1481 3491 τὸν
1499 3436 1600 3505 τῆς
1627 3438 1867 3502 πίστεως

192 3580 207 3597 .
267 3538 440 3615 ἡμῶν
469 3535 717 3610 ἀρχηγὸν
747 3534 843 3589 καὶ
880 3527 1177 3602 τελειωτὴν
1214 3527 1445 3600 Ἰησοῦν,
1489 3549 1506 3582 ι
1534 3529 1594 3595 ὃς
1635 3531 1784 3584 ἐστιν
1831 3529 1866 3602 ἡ

178 3566 408 3881 ἒωξα
435 3629 530 3685 τοῦ
564 3627 708 3684 κατά
756 3627 921 3697 φύσιν
951 3625 1049 3683 καὶ
1075 3620 1291 3694 ἀληθῶς
1340 3623 1549 3694 Κυρίου
1570 3663 1585 3688 ,
1631 3622 1774 3694 φημὶ
1801 3621 1865 3694 δὴ

252 3712 374 3787 {eoo
399 3721 636 3793 Πατρὸς,
658 3714 1124 3790 ἀναμορφούμεθα
1152 3714 1293 3786 πρὸς
1312 3713 1476 3768 αὐτὸν
1497 3715 1565 3769 δι’
1591 3712 1865 3785 ἀγιασμοῦ

188 3838 227 3883 ,·
268 3814 337 3874 ὃν
379 3813 684 3885 Πνεύματι.
745 3810 952 3881 Πέτρος
978 3808 1034 3863 δὲ
1082 3803 1179 3874 αῦ,
1228 3806 1413 3861 καίτοι
1442 3805 1761 3876 διαπρέπων
1808 3808 1866 3860 ὲν

178 3890 193 3953 ἶ
272 3909 576 3983 μαθηταίς,
622 3907 738 3970 τοῖς
772 3901 943 3957 ἰοῦσιν
983 3902 1048 3955 ὲκ
1086 3899 1398 3972 περιτομῆς
1442 3900 1525 3962 είς
1556 3898 1863 3965 δικαίωσιν,

178 3998 181 4003 ’
267 4001 379 4073 τὴν
407 4000 466 4053 έν
497 3996 721 4072 Χριστῷ
736 3995 828 4050 διὰ
848 3994 1106 4060 πίστεως,
1123 3990 1469 4064 προσεφώνει
1490 3989 1693 4058 λέγων,
1725 4008 1744 4042 ι
1778 3991 1866 4054 Ὡς

264 4092 347 4150 τὰ
381 4091 560 4147 πάντα
595 4092 729 4163 ἡμῖν
762 4088 861 4158 τῆς
901 4086 1053 4151 θείας
1095 4086 1379 4158 δυνάμεως
1414 4083 1580 4138 αὐτοῦ
1611 4083 1681 4138 τὰ
1730 4084 1867 4155 πρὸς

267 4186 426 4259 ζωὴν
454 4185 550 4240 καὶ
589 4183 872 4239 εύσέδειαν
915 4179 1320 4251 δεδωρημένης,
1362 4177 1451 4232 διὰ
1496 4177 1593 4248 τῆς
1626 4175 1866 4244 ἐπιγνώ-

270 4291 421 4340 σεως
469 4273 564 4328 τοῦ
608 4272 949 4335 καλέσαντος
979 4270 1130 4341 ἡμᾶς
1185 4267 1291 4338 ίδίᾳ
1328 4265 1457 4338 δόξῃ
1484 4266 1578 4321 καὶ
1606 4267 1797 4338 ἀρετῇ.
1837 4284 1858 4318 s

265 4364 457 4437 Εἴπερ
484 4358 579 4418 οῦν
608 4363 760 4416 ἐστιν
798 4359 904 4415 ἰδία
943 4356 1072 4423 δόξα
1102 4355 1198 4410 τοῦ
1228 4354 1442 4427 Πατρὸς
1483 4357 1513 4411 ό
1538 4353 1688 4419 Υἱὸς,
1710 4354 1776 4408 δι’
1801 4349 1863 4411 οῦ

1964 1871 2157 1928 horum
2188 1874 2302 1930 sit?

2035 1961 2102 2018 A.
2142 1961 2287 2018 Sane
2321 1964 2375 2020 id
2426 1979 2685 2037 perquam
2723 1965 2827 2025 levi
2879 1966 3065 2024 labore
3108 1966 3462 2034 coniicietur,
3506 1968 3552 2023 si

1967 2055 2113 2112 dicta
2156 2067 2473 2115 sanctorum
2508 2060 2819 2131 collegeris.
2876 2060 3135 2117 Scribens
3176 2061 3319 2115 enim
3355 2059 3555 2115 Paulus

1965 2147 2218 2217 Ephesiis
2244 2166 2261 2206 ι
2292 2167 2310 2203 ι
2344 2148 2662 2223 Propterea,
2699 2153 2892 2221 inquit,
2920 2163 2974 2208 et
3006 2167 3107 2223 ego
3138 2152 3363 2207 audiens
3394 2152 3552 2207 tidem

1964 2250 2205 2324 vestram
2230 2254 2352 2312 quae
2383 2252 2468 2299 est
2494 2242 2549 2297 in
2583 2242 2813 2299 Domino
2836 2241 2993 2310 iesu,
3020 2251 3077 2298 et
3113 2241 3458 2298 dilectionem
3499 2243 3553 2297 in

1966 2346 2160 2389 omnes
2199 2342 2446 2401 sanctos,
2478 2349 2586 2391 non
2616 2349 2773 2391 cesso
2808 2336 3015 2406 gratias
3050 2349 3218 2403 agens
3249 2349 3348 2405 pro
3377 2334 3553 2401 vobis,

1966 2425 2289 2483 memoriam
2334 2427 2501 2484 vestri
2555 2426 2763 2483 faciens
2813 2427 2866 2482 in
2917 2427 3255 2483 orationibus
3301 2427 3457 2493 meis,
3495 2433 3556 2479 ut

1970 2518 2111 2573 Deus
2140 2516 2355 2575 Domini
2398 2520 2570 2576 nostri
2612 2517 2741 2576 Jesu
2770 2518 2997 2585 Christi,
3030 2516 3192 2575 Pater
3225 2518 3429 2599 gloriae,
3462 2520 3555 2573 det

1969 2609 2123 2667 vobis
2166 2610 2430 2681 Spiritum
2463 2611 2744 2682 saptentiae
2786 2620 2842 2667 et
2885 2611 3257 2678 revelationis,
3303 2612 3356 2666 in
3397 2611 3553 2681 agni·

1968 2703 2115 2759 tione
2140 2701 2261 2775 ejus
2302 2703 2368 2758 ¹².
2409 2721 2429 2757 r
2492 2701 2755 2772 intelligis
2801 2718 2933 2777 ergo
2980 2719 3089 2775 qno
3132 2713 3291 2774 pacto
3335 2701 3555 2758 Patrem

1966 2792 2196 2861 Christi,
2217 2802 2272 2848 et
2297 2792 2513 2849 Patrem
2541 2793 2729 2865 gloriae
2753 2796 3012 2850 continuo
3034 2795 3332 2851 nominavit
3364 2796 3555 2861 Deum,

1972 2883 2106 2940 nihil
2127 2885 2523 2957 aliud,opinor‚
2552 2882 2719 2959 604
2746 2885 3018 2942 Christum
3047 2886 3360 2953 ostendens,
3389 2901 3554 2957 quam

1967 2975 2147 3034 Patris
2178 2977 2426 3049 gloriam.
2471 2978 2616 3034 Dixit
2657 2987 2836 3033 autem
2872 2978 3071 3035 alicubi
3116 2994 3306 3035 rursus
3335 2996 3354 3035 ι
3396 2997 3416 3031 ι
3446 2977 3557 3034 Nos

1969 3088 2101 3130 vero
2115 3087 2305 3129 omnes
2323 3072 2555 3128 revelata
2570 3071 2712 3129 l'acie
2722 3071 2945 3144 gloriam
2962 3073 3171 3128 Domini
3188 3071 3552 3143 speculantes,

1971 3166 2027 3221 in
2058 3167 2303 3222 eamdem
2334 3165 2624 3237 imaginem
2657 3165 3115 3220 transformamur
3146 3180 3177 3220 a
3210 3165 3459 3223 claritate
3497 3166 3553 3221 itt

1969 3258 2296 3322 claritatem.
2333 3268 2592 3326 tanquam
2624 3273 2653 3313 a
2684 3257 2895 3313 Domini
2923 3255 3127 3328 Spiritu
3154 3258 3221 3312 ¹⁸.
3250 3276 3272 3311 s
3301 3275 3416 3311 -ι
3443 3255 3556 3314 tte-

1967 3351 2259 3423 spieientes
2285 3351 2428 3406 enim
2460 3351 2513 3405 in
2535 3350 2656 3407 lidei
2686 3333 2886 3406 nost'rae
2912 3362 3189 3407 auctorem
3218 3359 3271 3406 et
3300 3365 3552 3406 consum·

1970 3453 2234 3499 matorem
2262 3440 2448 3499 Jesum
2477 3442 2545 3509 ¹·,
2578 3463 2599 3497 ι
2626 3445 2720 3514 qui
2746 3453 2831 3500 est
2859 3442 3030 3515 gloria
3059 3443 3323 3500 naturalis
3349 3458 3413 3499 ac
3436 3445 3550 3500 veri

1968 3535 2206 3601 Domini,
2249 3532 2429 3590 Patris
2479 3535 2756 3602 nimirum,
2809 3535 3217 3592 conformamur
3259 3536 3326 3590 ad
3374 3535 3551 3604 ipsum

1968 3644 2069 3701 per
2103 3627 2596 3686 sanctificationem
2644 3628 2700 3683 in
2736 3627 2965 3700 Spiritu.
3002 3627 3195 3685 Petrus
3221 3627 3373 3695 item,
3406 3626 3552 3681 inter

1968 3721 2260 3791 discipulos
2302 3722 2655 3792 conspicuus.
2692 3736 2762 3777 ex
2792 3721 3214 3777 circumcisione
3243 3721 3311 3776 ad
3342 3718 3547 3792 justili-

1966 3815 2233 3872 cationem
2255 3813 2311 3870 in
2336 3811 2559 3871 Christo
2578 3813 2919 3869 venientibus
2944 3827 3039 3884 per
3061 3812 3221 3867 tidem
3256 3810 3548 3879 clamabat,

1968 3907 2155 3964 dicens
2184 3923 2199 3961 ι
2228 3924 2248 3960 ι
2276 3905 2560 3974 Quomodo
2576 3904 2760 3960 omnia
2788 3905 2947 3962 uobis
2963 3905 3157 3961 divinae
3171 3904 3390 3959 virtutis
3412 3918 3546 3970 sue,

1966 4011 2089 4068 quae
2116 3996 2184 4052 ad
2214 3997 2380 4051 vitam
2416 4005 2473 4052 et
2504 3997 2784 4067 pietatem,
2816 3996 3012 4050 donata
3055 4005 3202 4062 sunt,
3234 4009 3334 4066 per
3360 3994 3549 4066 cogni·

1966 4096 2169 4148 tionem
2198 4091 2318 4162 ejus
2343 4091 2436 4162 qui
2481 4091 2696 4147 vocavit
2740 4104 2840 4145 nos
2881 4088 3100 4158 propria
3145 4089 3316 4161 gloria
3352 4099 3406 4144 et
3438 4089 3550 4142 vir-

1965 4194 2080 4239 tnte
2122 4185 2187 4239 ¹⁸.
2216 4203 2237 4237 s
2276 4182 2334 4240 Si
2369 4198 2503 4255 ergo
2540 4184 2758 4256 propria
2799 4180 2978 4237 Patris
3021 4181 3189 4259 gloria
3230 4192 3313 4239 est
3352 4179 3543 4248 Filius,

1967 4290 2062 4345 per
2102 4291 2262 4347 quem
2302 4284 2356 4332 et
2398 4275 2469 4333 ad
2528 4275 2894 4348 cognitionem
2939 4272 3057 4344 eius
3101 4272 3278 4329 vocati
3333 4286 3546 4338 sumus.

1965 4366 2088 4435 quis
2120 4365 2305 4423 dicere
2339 4367 2536 4422 audeat
2578 4367 2763 4421 datum
2803 4374 2860 4421 et
2896 4364 3192 4421 ascititium
3222 4378 3343 4421 esse
3366 4363 3549 4435 glot-ite

266 4457 378 4516 καὶ
407 4455 725 4528 κεκλήμεθα
753 4451 892 4524 πρὸς
936 4451 1238 4519 ἐπίγνωσιν
1280 4445 1472 4513 αὑτοῦ.
1519 4448 1606 4513 τίς
1638 4449 1667 4502 ὁ
1697 4446 1863 4519 φάναι
1894 4465 1940 4521 n
1968 4455 2166 4521 Patris.
2195 4468 2255 4512 ut
2281 4457 2353 4513 sit
2377 4457 2429 4512 id
2459 4458 2606 4527 quod
2637 4458 2757 4512 esti
2786 4457 2921 4525 Quis
2944 4457 3089 4513 enim
3119 4457 3297 4513 Patris
3318 4457 3547 4529 gloriam

264 4547 515 4622 ςολμῶν,
539 4548 622 4602 ὃτι
647 4546 798 4600 δοτὸν
819 4546 915 4598 καὶ
935 4540 1247 4612 εἰσποιητὸν
1272 4541 1340 4611 τῇ
1362 4538 1488 4611 δόξῃ
1509 4539 1603 4594 τοῦ
1626 4540 1860 4611 Πατρὸς,

265 4645 340 4704 τὸ
367 4638 510 4698 εἶναι
561 4639 708 4695 τοῦθ’
743 4639 882 4711 ὅπερ
924 4635 1044 4689 ὲστί
1069 4651 1085 4703 ;
1129 4633 1228 4696 Τίς
1269 4631 1404 4703 γάρ,
1440 4635 1469 4686 ὀ
1519 4633 1684 4705 ἑτέρᾳ
1735 4631 1864 4705 δόξῃ

264 4733 762 4807 καταλαμπρύνων
790 4728 910 4785 ἐστὶ
939 4727 1039 4800 τὴν
1069 4724 1164 4782 τοῦ
1206 4723 1418 4796 Πατρὸς
1451 4724 1637 4793 δόξαν;
1665 4725 1736 4778 ’Ἡ
1761 4725 1864 4779 οὐκ

262 4833 336 4890 ἐν
366 4829 470 4901 ίσῳ
502 4826 660 4898 τίθης
689 4825 771 4891 τὸ,
798 4824 892 4878 καὶ
918 4822 1141 4894 ἐτέρους
1170 4820 1368 4893 χρῆναι
1392 4816 1759 4890 κατατολμᾷν,
1781 4820 1864 4883 είς

265 4922 447 5000 μέσον
478 4921 714 4993 ἥκοντας
741 4916 944 4985 λέγειν,
977 4915 1053 4979 ὡς
1083 4914 1392 4982 σεσόφωται
1424 4909 1523 4982 μὶν
1549 4908 1687 4982 πρός
1712 4926 1860 4974 τινος

258 5017 306 5091 ἡ
335 5011 504 5083 σοφία
528 5010 626 5065 τοῦ
674 5008 912 5079 Πατρὸς,
939 5006 1002 5060 τὸ
1047 5005 1105 5060 δὲ
1143 4999 1286 5059 εἶναι
1318 5002 1570 5074 δύναμις,
1599 5001 1634 5072 ἡ
1663 4997 1861 5056 ἐνοῦσα

262 5106 422 5166 κατὰ
450 5103 613 5177 φύσιν
638 5100 791 5173 ἰσχὺς
816 5098 988 5171 αύτῷ,
1015 5096 1294 5152 τουτέστιν
1323 5097 1352 5150 ό
1378 5093 1529 5160 Υἱὸς,
1561 5091 1858 5164 κεκέρδακε

266 5195 410 5271 παρ’
426 5195 640 5268 ἐτέρου,
662 5192 758 5248 καὶ
777 5188 984 5244 ὀθνεῖον
1007 5187 1122 5260 ἔχει
1142 5187 1205 5242 τὸ
1223 5185 1451 5258 αὔχημα
1475 5183 1640 5255 σοφόν
1664 5196 1754 5249 τες
1780 5179 1857 5235 Οὐ

266 5291 393 5364 γὰρ
423 5291 474 5344 εί
511 5289 580 5363 [Ι.
609 5283 699 5360 ἂν]
750 5284 866 5347 τοϊς
914 5280 1141 5335 τοιοῖσδε
1180 5274 1616 5350 κατακηλοῦντες
1654 5271 1855 5344 λόγοις,

262 5382 604 5455 ἁποφίροιεν
620 5379 768 5452 ἡμᾶς
785 5376 836 5430 oi
851 5371 1154 5436 διεναντίας
1166 5370 1302 5444 πρὸς
1322 5370 1432 5425 πᾶν
1452 5365 1633 5424 ὁτιοῦν
1650 5365 1760 5422 τῶν
1775 5364 1858 5422 δι·

265 5472 712 5548 εστραμμίνωνς
739 5470 802 5525 Et
831 5469 930 5541 μὲν
961 5460 1056 5522 οῦν
1077 5463 1298 5536 ἀπόχρη
1328 5461 1396 5518 τὰ
1424 5459 1693 5535 είρημένα
1721 5457 1860 5532 πρὸς

271 5567 557 5632 ἀπόδειξιν
596 5559 806 5636 ἐναργῆ
831 5559 927 5615 τοῦ
956 5557 1116 5628 δόξαν
1142 5551 1286 5612 εῖναι
1324 5554 1425 5628 τὴν
1463 5553 1597 5609 ίδίαν
1622 5550 1716 5607 τοῦ
1743 5550 1858 5606 Πα-

1970 4546 2074 4602 alia
2106 4547 2277 4617 gloria
2312 4546 2600 4602 nobilitet?
2630 4546 2873 4618 Alioqui,
2907 4561 3088 4605 nonne
3115 4548 3339 4620 perinde
3370 4557 3458 4605 est
3482 4561 3554 4604 ae*

1968 4636 2016 4693 si
2043 4637 2229 4694 dicant
2266 4636 2437 4707 aliqui
2476 4638 2803 4708 sapientiam
2846 4635 3028 4696 Patris
3064 4640 3133 4695 ab
3169 4638 3349 4710 aliquo
3391 4638 3545 4696 reddi

1968 4729 2308 4798 sapientem:
2335 4729 2588 4786 virtutem
2623 4744 2753 4786 vero
2778 4729 2895 4800 ejus
2937 4730 3262 4797 naturalem,
3303 4732 3406 4789 hoc
3437 4740 3544 4800 est,

1971 4820 2198 4885 Filium,
2228 4822 2298 4878 ab
2332 4821 2441 4879 alio
2464 4825 2744 4895 accepisse
2774 4835 2831 4879 ut
2860 4823 2931 4880 sit
2961 4822 3083 4893 ejus
3106 4825 3299 4892 virtus,
3338 4834 3394 4879 et
3430 4826 3546 4897 glo-

1969 4913 2103 4969 riam
2148 4913 2218 4970 ιώ
2245 4914 2352 4970 alio
2402 4915 2605 4972 habere
2652 4931 2718 4973 ae
2760 4915 3127 4988 sapientiam?
3170 4913 3360 4972 Nonne
3394 4917 3544 4973 enim

1967 5006 2274 5064 istiusmodi
2320 5010 2665 5067 sermonibus
2704 5025 2803 5067 nos
2844 5011 3138 5068 adversarii
3174 5012 3544 5068 dentulcentes

1965 5096 2022 5153 in
2056 5096 2467 5167 perversissima
2492 5114 2721 5171 quaeque
2752 5099 3124 5158 deducerent?
3151 5099 3207 5157 Si
3244 5114 3375 5174 ergo
3398 5100 3546 5156 dicta

1965 5183 2237 5243 sufficiunt
2280 5187 2346 5243 ad
2384 5188 2531 5245 clare
2574 5190 3049 5247 demonstrandum
3096 5195 3369 5265 propriam
3417 5205 3544 5247 esse

1963 5275 2143 5332 Patris
2167 5276 2391 5347 gloriam
2416 5277 2630 5346 Filium.
2689 5280 2827 5338 bene
2853 5281 3034 5349 babet.
3087 5283 3352 5339 silendum
3384 5283 3541 5339 nobis

1964 5377 2071 5426 est.
2114 5367 2213 5426 Sia
2249 5379 2457 5438 autem,
2486 5380 2547 5429 ut
2577 5373 2737 5440 reor‚'
2757 5373 2880 5431 aliis
2912 5387 3051 5444 opus
3090 5387 3305 5446 quoque
3330 5383 3415 5432 est
3461 5383 3540 5433 te·

1963 5459 2259 5531 stimoniis,
2283 5459 2504 5519 afferam
2532 5463 2773 5520 divinum
2803 5464 3037 5522 Psaltem
3067 5465 3134 5521 ad
3163 5464 3538 5524 universorum

1965 5553 2186 5613 Patrem
2225 5569 2292 5612 ac
2322 5553 2513 5625 Deum,
2556 5565 2812 5627 tanquam
2840 5572 2905 5613 ex
2930 5572 3120 5614 eorum
3169 5571 3399 5630 persona
3444 5559 3539 5630 qui

348 5744 393 5780 ¹¹
423 5741 541 5802 «lac.
579 5759 639 5811 ιι,
672 5743 724 5810 l,
797 5742 839 5773 ss
880 5738 1077 5810 Ephes.
1117 5751 1157 5807 ι,
1194 5734 1385 5794 15-17.
1466 5729 1732 5791 ¹·1tc0r.
1767 5745 1855 5802 ιιι,
1889 5730 1981 5790 ts.
2063 5731 2109 5767 ¹⁸
2132 5731 2301 5794 Βοῦν.
2325 5746 2425 5805 ιιι,
2452 5733 2509 5791 2.
2590 5735 2634 5770 ⁸⁸
2659 5735 2707 5793 l1
2737 5735 2880 5796 Petr.
2899 5753 2939 5807 ι,
2974 5739 3032 5798 5.
