3809 6125
299 254 416 311 837
1372 270 1462 325 DE
1505 271 1605 327 SS.
1642 272 2022 333 'rammam
2055 277 2401 340 ntALOGus
2442 280 2533 339 tv.
3454 289 3556 345 8¹18

297 368 648 442 ὶργάσασθαι
678 370 877 445 βραχὺ,
910 377 1002 432 καὶ
1025 379 1086 431 τὸ
1110 377 1190 433 ἔτι
1215 383 1529 456 κατωτέρω,
1555 389 1677 452 ταῖς
1700 388 1888 460 ἐτέρου
1919 398 1967 455 Α
1996 395 2181 451 virtuti
2215 398 2553 454 tribuemus?
2583 397 2753 454 Satin*
2804 398 2923 455 sani
2953 399 3349 471 comperientur
3398 402 3444 459 si
3477 405 3558 460 sic

296 462 448 525 τινος
493 462 796 535 δυνάμεσιν
843 468 1216 543 ἀναθήσομεν;
1264 470 1399 530 Εἶτα
1443 477 1499 531 τί
1551 479 1885 549 φρονοῦντας
1988 488 2330 545 sentiamus?

297 554 454 626 ὑγιὲς
479 555 712 619 ἑαυτοὺς
739 558 1082 632 εὐρήσομενς

365 669 432 724 Β.
472 668 761 741 Οὐδαμῶς.
819 690 838 722 ι
873 671 1060 727 Πάντα
1081 672 1192 743 γὰρ
1216 674 1408 743 γέγονε
1467 677 1536 730 δι’
1565 677 1760 746 αὐτοῦ,
1790 681 1883 734 καὶ

292 762 466 833 χωρὶς
491 759 661 815 αὐτοῦ
689 760 910 829 ἐγένετο
938 761 1122 829 οὐδὲν,
1154 782 1176 817 ι
1207 765 1353 819 κατὰ
1380 766 1442 820 τὸ
1469 768 1877 839 γεγραμμένον.

2054 679 2117 735 Β.
2145 680 2385 737 Minime.
2428 700 2448 735 ι
2488 683 2680 739 Omnia
2711 684 2857 740 enim
2884 699 2982 755 per
3019 685 3193 755 ipsum
3234 687 3376 743 sacta
3406 698 3555 756 sunt,

1981 782 2038 827 et
2068 772 2187 828 sine
2213 772 2331 843 ipso
2362 772 2566 829 sactum
2587 776 2853 843 estnihil,
2879 794 2900 829 ι
2928 776 3071 832 sicut
3095 777 3353 847 scriptum
3380 788 3464 835 est
3485 780 3553 837 ⁸⁹.

361 875 431 932 A.
469 871 581 927 Καὶ
609 872 727 939 πῶς
752 874 815 929 οὐ
844 876 1040 947 μικρὸν
1071 877 1139 933 ἂν
1176 878 1264 949 εἴη
1315 879 1410 934 καὶ
1437 880 1657 945 εὐτελὲς
1682 885 1750 955 τῇ
1781 882 1878 936 τοῦ

289 966 426 1022 Υίοῦ
455 963 619 1037 φύσει
660 965 722 1019 τὸ
749 966 1195 1042 πλαστουργῆσαι
1225 971 1542 1044 στρουθίον;
1585 973 1726 1027 Ἀνθ’
1754 975 1877 1028 ὅτου

287 1059 350 1113 δὲ
399 1059 498 1114 καὶ
544 1056 711 1112 εἰκὼν
742 1060 837 1113 καὶ
880 1060 1142 1130 ὁμοίωσις
1189 1062 1454 1136 ὑπάρχων
1484 1063 1581 1119 τοῦ
1610 1065 1747 1120 Θεοῦ
1783 1068 1878 1121 καὶ
1977 1067 2050 1124 sit
2078 1067 2256 1136 imago
2279 1076 2331 1121 et
2372 1067 2672 1122 similitudo
2720 1065 2816 1122 Dei
2859 1082 2923 1123 ac
2963 1067 3165 1137 Patris,
3229 1083 3333 1123 non
3387 1069 3553 1123 etiam

290 1148 540 1223 Πατρὸς,
570 1147 646 1221 μὴ
669 1148 792 1220 οὐχὶ
823 1149 918 1203 καὶ
948 1152 1178 1224 ταυτηνὶ
1201 1152 1504 1210 διεσώσατο
1537 1156 1677 1228 πρὸς
1714 1156 1876 1213 αὐτὸν
1978 1156 2120 1212 banc
2148 1157 2386 1212 servavit
2422 1172 2543 1212 cum
2567 1158 2687 1229 ipso
2716 1157 3147 1224 similitudinem,
3196 1170 3258 1216 ut
3288 1157 3553 1214 nimirum

285 1238 391 1311 τὴν
435 1237 715 1309 ὁμοίωσιν,
764 1238 826 1292 τὸ
878 1237 1193 1304 ἀπαξιῶσαί
1257 1260 1424 1313 φημι,
1459 1244 1697 1309 καὶτοῖς
1732 1246 1876 1299 οὕτω
1976 1247 2303 1304 detrectaret
2356 1248 2517 1306 rebus
2560 1251 2697 1306 adeo
2737 1250 2963 1322 abjectis
3015 1250 3287 1306 vivificam
3334 1250 3445 1306 vim
3498 1259 3554 1306 et

286 1328 791 1399 καταδεσλημένοις
811 1371 826 1392 ,
869 1328 971 1401 τὴν
1017 1329 1284 1395 ζωοποιὸν
1326 1334 1421 1386 καὶ
1453 1332 1592 1405 πρὸς
1635 1335 1697 1389 τὸ
1733 1331 1872 1390 εἶναι
1973 1338 2345 1409 productivam
2379 1339 2672 1395 immittere
2692 1340 2817 1395 iAn
2843 1354 2949 1395 non
2973 1339 3427 1411 quemadmodum
3455 1339 3551 1394 Dei

285 1419 779 1493 παρακομίζουσαν
806 1421 1096 1490 ἐπαφεῖναι
1129 1419 1534 1495 δύναμινςἸρῗ
1555 1425 1655 1496 οὐχ
1681 1425 1870 1502 ὥσπερ
1972 1443 2038 1485 ac
2055 1428 2233 1484 Patris
2260 1444 2568 1499 supremam
2602 1429 2940 1499 majestatem
2966 1430 3324 1497 admirantes,
3350 1444 3548 1502 parum

283 1516 389 1586 τὴν
417 1512 514 1568 τοῦ
542 1512 678 1568 Θεοῦ
713 1513 808 1566 καὶ
840 1513 1055 1583 Πατρὸς
1087 1514 1406 1587 ὑπερτάτην
1434 1516 1712 1590 ὑπεροχὴν
1741 1518 1894 1573 Onu-⁴
1972 1534 2091 1575 esse
2125 1519 2227 1590 ipsi
2256 1520 2412 1574 aiunt
2441 1534 2629 1575 creare
2662 1522 2906 1592 angelos,
2934 1522 3059 1592 jure
3087 1522 3251 1578 etiam
3284 1521 3546 1588 dixerint,

279 1605 556 1679 μάξοντες
581 1645 598 1673 ,
631 1604 830 1675 μικρὸν
867 1602 1197 1674 εἶναίφασιν
1225 1606 1376 1679 αὐτῷ
1406 1606 1468 1662 τὸ
1511 1605 1867 1680 δημιουργεῖν
1969 1611 2092 1666 Filii
2124 1622 2319 1666 statum
2364 1612 2505 1680 apud
2553 1626 2612 1666 se
2666 1623 3004 1684 reputantes,
3057 1613 3287 1669 multum
3318 1612 3387 1668 ab
3432 1612 3551 1682 ejus

279 1697 590 1768 ἀγγέλους,
631 1700 789 1766 φαῖεν
823 1695 890 1749 ἂν
916 1695 1144 1759 εἰκότως
1174 1694 1614 1768 ἀναμετροῦντες
1646 1697 1740 1750 καὶ
1775 1698 1866 1750 τὸν
1901 1729 1944 1787 Β
1972 1702 2236 1773 dignitate
2261 1702 2452 1759 abfore
2477 1704 2687 1773 reptilis
2732 1704 2963 1776 alicujus
3003 1703 3444 1774 productionem,
3484 1716 3541 1757 et

2051 888 2117 942 A.
2159 888 2447 955 Quomodo
2478 901 2610 945 vero
2631 888 2738 945 vile
2767 903 2871 944 non
2900 889 3005 945 erit
3033 905 3098 945 ac
3143 892 3398 961 exiguum
3432 891 3555 948 Filii

1981 986 2191 1034 naturae
2219 978 2584 1050 passerculum
2638 980 2989 1036 condidisse?
3028 979 3144 1037 Cur
3190 990 3393 1051 autem,
3430 998 3554 1039 cum

281 1789 439 1854 Υίὸν,
471 1789 549 1852 ὡς
568 1786 863 1859 ἀφεστήξει
892 1787 1028 1841 πολὺ
1059 1788 1158 1858 τῆς
1184 1786 1335 1857 αὐτῷ
1365 1785 1685 1860 πρεπούσης
1709 1785 1867 1851 ἀξίας

279 1886 316 1956 ἡ
349 1881 589 1956 ἑρπετοῦ
617 1882 836 1954 ποίησις
855 1922 870 1948 ,
902 1881 998 1936 καὶ
1027 1880 1314 1954 στρουθίου
1342 1881 1593 1951 γένεσις,
1628 1882 1724 1935 καὶ
1757 1879 1868 1933 τῶν

276 1976 409 2032 κατ’
441 1975 648 2048 ἀγροὺς
674 1973 884 2028 ἀνθέων
913 1977 946 2045 ὴ
981 1973 1352 2046 παμποίκιλος
1370 1973 1642 2045 διαφοράς
1672 1974 1865 2028 Καίτοι

277 2067 334 2122 τί
364 2065 570 2138 δήποτε
590 2066 703 2129 τοῖς
732 2065 873 2135 ὑπὲρ
898 2065 1055 2135 λόγον
1085 2067 1332 2131 ἐπαίνοις
1363 2066 1522 2121 ταυτὶ
1545 2065 1867 2138 δεδημιουρ-

278 2157 496 2230 γηκότα
527 2160 818 2226 στεφανοῖ,
853 2157 1031 2226 λέγων
1081 2158 1110 2210 ὀ
1155 2156 1489 2229 Ψαλμῳδός·
1530 2176 1553 2212 ι
1591 2157 1653 2212 ‘0
1676 2157 1868 2222 ἐξανα-

280 2248 492 2303 τέλλων
537 2248 732 2321 χόρτον
775 2252 889 2313 τοῖς
921 2249 1177 2320 κτήνεσι,
1206 2247 1304 2303 καὶ
1347 2248 1513 2320 χλόην
1554 2250 1624 2321 τῇ
1654 2235 1868 2318 δουλείᾳ

286 2331 405 2387 τῶν
451 2332 771 2407 ἀνθρώπων.
807 2354 826 2387 ι
871 2332 941 2388 Ἦ
973 2336 1155 2390 τοίνυν
1184 2337 1316 2408 ἡμῖν
1366 2336 1866 2409 παρεισκρινόντων

288 2424 515 2497 ἶτέρους
537 2424 810 2494 ἀναλόγως
848 2426 1072 2497 ἔχοντας
1112 2430 1179 2498 τῇ
1210 2427 1370 2497 φύσει
1411 2426 1520 2481 τῶν
1545 2405 1866 2497 ’γεγονότων

292 2513 685 2588 δημιουργοὺς,
738 2516 772 2589 ἢ
819 2516 1207 2588 καθυόριοῦσιν
1249 2518 1352 2572 οὐκ
1396 2515 1738 2589 ἀσυμφανῶς
1773 2518 1866 2571 τὸν

283 2605 600 2679 Μονογενῆ,
639 2608 1025 2680 γενεσιουργὸν
1055 2608 1405 2680 εἰσφέροντες
1430 2610 1527 2664 καὶ
1550 2608 1660 2664 τῶν
1689 2607 1864 2672 οὕτως

275 2695 707 2756 εὐτελεστάτων.

350 2810 415 2868 Β.
456 2813 866 2868 Κινδυνεύσειεν
899 2813 965 2868 ἂν
997 2813 1180 2878 αὐτοῖς
1209 2813 1270 2868 οὐ
1320 2813 1560 2886 μετρίως
1604 2813 1633 2866 ό
1677 2812 1855 2881 λόγος.

334 3015 413 3068 A.
456 3012 580 3077 Πῶς
624 3012 668 3065 δ’
703 3012 768 3066 ἂν
796 3011 918 3082 οὐχ).
948 3011 1116 3082 τῦφον
1147 3029 1206 3066 τε
1252 3014 1346 3068 καὶ
1379 3012 1625 3084 ἀμαθίαν
1656 3017 1862 3088 καταρ-
1889 3065 1932 3124 C

266 3104 668 3176 ραψῳδήσειαν
697 3102 791 3156 τοῦ
840 3102 1074 3173 Πατρὸς,
1101 3100 1239 3167 εἶτα,
1263 3098 1447 3175 ὧνπερ
1475 3104 1541 3158 ἂν
1563 3098 1706 3159 εἶναι
1732 3104 1860 3176 βού-

264 3194 430 3249 λοιτό
457 3210 516 3246 τε
559 3194 652 3247 καὶ
693 3192 807 3247 ἐστι
848 3192 1014 3256 Θεὸς,
1065 3192 1333 3256 ἀπαξιοῦν
1381 3194 1567 3265 ἐροῦσι
1596 3197 1861 3269 δημιουρ·

273 3289 433 3358 γεῖν;
466 3284 659 3339 Καίτοι
687 3283 936 3354 λέγοντος
963 3283 1150 3339 ἀκούω
1203 3285 1463 3356 Χριστοῦ,
1510 3286 1607 3341 καὶ
1630 3287 1730 3359 τὴν
1766 3285 1860 3341 τοῦ

272 3379 418 3434 Θεοῦ
452 3378 547 3432 καὶ
582 3378 798 3450 Πατρὸς
827 3376 1347 3448 καταθαυμάζοντος
1370 3375 1650 3451 πρόνοιαν·
1677 3399 1696 3432 ι
1728 3381 1862 3453 Οὐχὶ

268 3470 374 3527 δύο
404 3470 667 3542 στρουθία
700 3468 969 3544 ἀσσαρίου
992 3467 1276 3536 πωλεῖται,
1306 3469 1398 3524 καὶ
1426 3469 1486 3524 ἓν
1513 3469 1573 3540 ἐξ
1599 3471 1775 3526 αὐτῶν
1797 3474 1858 3526 οὐ

274 3562 530 3617 πεσεῖται
555 3561 649 3616 ἐπὶ
671 3562 774 3634 τὴν
802 3561 905 3632 γῆν
927 3601 943 3626 ,
967 3559 1097 3617 ἄνευ
1123 3559 1216 3614 τοῦ
1248 3561 1462 3632 Πατρός
1488 3562 1641 3633 ὐμῶν
1671 3563 1767 3616 τοῦ
1798 3564 1858 3617 ὲν

275 3657 394 3719 τοῖς
422 3655 706 3726 οὐρανοίς;
743 3675 761 3707 ι
802 3654 861 3707 ὐ
890 3655 948 3708 δὲ
972 3654 1070 3708 καὶ
1102 3654 1264 3726 μέχρι
1304 3655 1587 3726 στρουθίου
1621 3656 1723 3727 τὴν
1759 3656 1858 3727 τῆς

266 3750 478 3805 ἑαυτοῦ
513 3749 765 3821 προνοίας
806 3749 1050 3820 εὐρύνων
1096 3747 1426 3821 περιόολὴν,
1474 3749 1587 3815 πῶς
1629 3750 1696 3805 ἂν
1738 3750 1859 3803 δια-

279 3842 484 3897 πτύσαι
512 3841 574 3895 τὸ
598 3842 949 3914 δημιουργεῖν
973 3840 1264 3910 ἀγγέλους,
1288 3842 1384 3896 καὶ
1405 3842 1662 3913 στερεοῦν
1693 3842 1753 3895 οὐ
1763 3859 1857 3915 ρα-

277 3933 390 3998 νύν,
421 3934 516 3986 καὶ
541 3933 907 4006 διαπήξασθαι
948 3931 1074 4003 γῆν,
1100 3931 1253 4003 ἥλιόν
1283 3949 1344 3986 τε
1376 3933 1469 3987 καὶ
1497 3932 1730 4004 σελήνην
1762 3933 1857 3987 καὶ

274 4025 455 4094 &spa
484 4027 878 4095 παρενεγκεῖν,
911 4023 997 4094 ἐφ’
1033 4018 1115 4087 οἷς
1148 4023 1244 4079 καὶ
1269 4021 1649 4094 τεθαύμασται
1693 4040 1856 4076 κατα-

277 4116 617 4186 κροτούντων
645 4117 887 4182 ἐπαίνοις
927 4116 1038 4171 τῶν
1074 4114 1247 4185 ἁγίων
1270 4115 1518 4184 ἀγγέλων
1540 4115 1616 4178 ὼς
1648 4116 1854 4185 μεγαλ-

276 4209 478 4282 ουργόν
501 4227 519 4278 3
546 4211 694 4281 Ἔφη
734 4209 880 4282 γὰρ,
920 4209 1003 4263 ὅτι
1048 4227 1067 4260 ι
1102 4209 1231 4263 Ὅτε
1273 4207 1608 4278 ἐγενηθησαν
1651 4208 1848 4278 ἄστρα,

274 4297 480 4371 ᾔνεσαν
515 4315 583 4370 με
609 4301 761 4370 φωνῇ
793 4298 1008 4371 μεγάλῃ
1033 4297 1235 4362 πάντες
1263 4297 1490 4366 ἄγγελοί
1518 4314 1642 4369 μου.
1680 4317 1699 4350 ι
1724 4292 1850 4371 Ἆρ’

1972 1793 2265 1863 passerculi
2291 1794 2747 1863 procreationem,
2781 1803 2834 1849 et
2874 1794 3171 1865 agrestium
3204 1793 3398 1849 florum
3447 1808 3545 1845 va-

1972 1884 2239 1955 riegatam
2268 1883 2608 1940 discrimen?
2638 1887 2708 1940 At
2739 1900 2839 1941 cur
2866 1886 3081 1940 demum
3110 1884 3364 1941 laudibus
3397 1888 3543 1940 ouini

1973 1977 2225 2031 oratione
2268 1975 2565 2048 majoribus
2617 1988 2804 2031 earum
2860 1991 3041 2032 rerum
3088 1976 3338 2047 opiticem
3380 1989 3545 2034 ornat

1973 2062 2293 2130 Psalmista,
2330 2064 2517 2119 dicens
2553 2081 2569 2117 ι
2619 2081 2639 2117 ι
2683 2061 3001 2121 Producens
3050 2064 3234 2122 senum
3280 2064 3541 2134 iumentis

1969 2165 2025 2212 et
2055 2155 2276 2211 herbam
2306 2155 2558 2211 servituti
2587 2155 2867 2212 bominum
2901 2156 2968 2210 η.
3005 2174 3027 2209 ι
3064 2155 3175 2212 Aut
3210 2170 3339 2228 ergo
3391 2160 3546 2214 nobis

1969 2244 2106 2301 alios
2127 2245 2628 2316 inducantopitices
2657 2245 2749 2316 qui
2781 2244 3131 2318 proportione
3169 2249 3400 2317 quadam
3454 2266 3541 2305 re·

1968 2348 2089 2390 rum
2118 2342 2425 2390 creatarum
2464 2344 2670 2389 naturae
2704 2337 3081 2405 respondeant,
3135 2346 3228 2391 aut
3255 2335 3545 2409 Unigenito

1970 2438 2077 2480 non
2126 2424 2358 2481 obscure
2408 2426 2642 2481 dedecus
2674 2426 2914 2491 inurent,
2970 2436 3078 2483 tam
3132 2426 3318 2484 vilium
3362 2444 3543 2486 rerum

1968 2524 2244 2573 auctorem
2281 2514 2428 2571 illum
2456 2526 2782 2574 astruentes.

2039 2808 2099 2863 Β.
2127 2807 2243 2863 Non
2284 2807 2557 2864 mediocre
2587 2806 2723 2878 ipsis
2757 2804 3004 2863 imminet
3038 2809 3106 2864 ab
3153 2808 3255 2865 bac
3299 2808 3540 2882 disputa·

1970 2896 2122 2953 tione
2144 2895 2464 2967 pericnlum.

2036 3008 2104 3066 Δ.
2139 3006 2419 3077 Quomodo
2461 3020 2591 3063 vero
2628 3007 2825 3087 tastum
2879 3014 2933 3060 et
2981 3006 3342 3080 ignorantiam
3388 3008 3536 3068 Patri

1964 3101 2128 3159 stulte
2152 3115 2258 3157 non
2284 3098 2575 3164 ascribent,
2600 3108 2765 3169 atque
2808 3099 3027 3155 interim
3072 3115 3261 3181 eorum
3287 3104 3523 3159 creatio-

1964 3207 2088 3248 nem
2136 3190 2417 3261 dedignari
2465 3189 2665 3256 dicent,
2720 3204 2953 3260 quorum
3007 3190 3081 3246 sit
3121 3205 3186 3248 ac
3239 3191 3369 3248 velit
3418 3209 3539 3251 esse

1963 3282 2145 3340 Deus!
2174 3281 2309 3337 Nam
2358 3281 2636 3338 Christum
2692 3281 2961 3338 dicentem
3010 3281 3314 3359 audio,·et
3360 3285 3538 3342 Patris

1963 3373 2355 3444 providentiam
2389 3370 2746 3427 admirantem
2784 3389 2799 3426 :
2842 3389 2862 3422 ι
2901 3369 3089 3426 Nonne
3134 3371 3241 3427 duo
3282 3388 3537 3443 passeres

1963 3481 2086 3523 asse
2148 3473 2426 3529 veneunt,
2474 3471 2530 3517 ct
2567 3478 2706 3519 unus
2748 3477 2816 3517 cx
2855 3462 2964 3518 illis
3016 3478 3126 3518 non
3172 3465 3334 3520 cadet
3373 3481 3538 3536 snper

1966 3566 2165 3614 terram
2207 3555 2326 3611 sine
2373 3553 2537 3610 Patre
2586 3563 2771 3610 vestro
2821 3554 2913 3623 qui
2968 3553 3024 3609 in
3065 3552 3223 3610 coeiis
3260 3566 3344 3612 est
3391 3557 3478 3610 ¹¹?
3508 3576 3528 3610 ι

1961 3646 2065 3715 Qui
2092 3656 2271 3702 autem
2304 3644 2369 3699 ad
2392 3658 2641 3717 passeres
2655 3644 2818 3700 etiam
2845 3659 3016 3714 usqne
3040 3645 3393 3716 providentiae
3417 3663 3528 3703 snae

1961 3739 2223 3794 ambitum
2250 3736 2513 3804 extendit,
2539 3737 2810 3805 quomodo
2840 3734 3163 3791 detrectavit
3198 3751 3388 3793 creare
3430 3751 3531 3793 an·-

1960 3828 2132 3919 gel'os,
2172 3836 2227 3885 et
2256 3828 2479 3883 firmare
2529 3826 2768 3893 coelum,
2802 3835 2859 3881 et
2898 3826 3254 3884 constabilire
3306 3837 3531 3896 terram,

1964 3921 2267 3991 solemque,
2304 3928 2359 3975 et
2384 3919 2600 3987 innam,
2633 3927 2688 3974 et
2714 3927 2862 3974 astra
2901 3919 3203 3989 producere
3232 3959 3249 3986 ,
3296 3934 3435 3990 quas
3461 3920 3533 3977 ob

1958 4024 2048 4067 res
2074 4009 2239 4065 etiam
2283 4007 2631 4064 admirationi
2700 4016 2784 4062 est
2822 4008 3031 4063 sanctis
3060 4007 3304 4080 angelis,
3354 4009 3528 4079 ipsum

1959 4111 2018 4157 nt
2048 4114 2304 4172 magnum
2341 4099 2591 4169 opiticcm
2636 4095 2985 4155 laudantibus
3025 4112 3091 4154 ac
3129 4097 3534 4169 plaudentibus?

1957 4192 2105 4248 Dixit
2136 4190 2320 4247 enim:
2358 4207 2378 4243 ι
2410 4188 2637 4259 Quando
2668 4187 2812 4245 sacta
2847 4197 2973 4245 sunt
3020 4198 3192 4258 astra,
3243 4189 3528 4246 laudarunt

1958 4298 2044 4339 me
2074 4298 2205 4339 voce
2236 4295 2426 4354 magna
2468 4279 2646 4351 angeli
2678 4279 2782 4336 mei
2814 4278 2882 4334 ⁷⁸.
2923 4296 2943 4332 ι
2971 4277 3051 4334 An
3079 4293 3185 4335 non
3214 4279 3309 4336 tibi
3342 4279 3528 4334 videor

272 4389 338 4445 οὐ
365 4406 450 4444 σοι
481 4389 623 4444 δοκῶ
650 4389 966 4460 διεσκέφθαι
994 4390 1064 4444 τὰ
1092 4389 1276 4443 εἰκότα
1305 4388 1401 4444 καὶ
1428 4388 1607 4458 λέγειν
1636 4389 1850 4460 ὀρθῶςς
1885 4402 1930 4457 D
1958 4374 2318 4447 pmbabffloe‘
2341 4373 2546 4430 8θῦῑῖΐο
2573 4386 2639 4429 ²0
2676 4379 2824 4428 Γθῦῑθ
2852 4370 3121 4428 differem
3143 4369 3170 4424 ²

345 4481 409 4539 B.
452 4480 602 4535 Πάνυ
640 4483 740 4552 μὲν
775 4477 889 4536 οὗν.
922 4538 933 4553 .

343 4575 410 4628 A.
449 4574 620 4644 Φαίης
651 4574 697 4627 δ’
729 4573 816 4640 ἂν,
850 4573 973 4628 εἰπέ
1011 4590 1123 4644 μοι,
1153 4571 1263 4626 τῶν
1289 4572 1676 4642 πεποιημένων
1700 4572 1734 4644 ῆ
1760 4590 1851 4644 μι-

271 4662 407 4732 κρὸν
433 4661 467 4733 ἢ
504 4662 646 4733 μέγα
674 4702 690 4728 ,
729 4662 802 4733 μὴ
835 4663 956 4734 οὐχὶ
978 4661 1129 4727 θείας
1169 4661 1330 4733 ἔργον
1359 4654 1500 4716 εἶναι
1529 4661 1849 4734 δυνάμεως;

342 4840 407 4895 Β.
445 4840 731 4913 Οὐδαμῶς.

342 4932 409 4985 Δ.
447 4926 586 4985 Εἶτα
619 4932 736 4996 πῶς
782 4931 884 4985 οὐκ
907 4928 1118 5001 ἀμαθὲς
1146 4927 1265 4982 θεῖα
1315 4929 1413 4998 μὲν
1445 4927 1582 5001 ἔργα
1609 4944 1847 4984 κατωνο-

272 5021 478 5095 μάσθαι
512 5023 608 5078 καὶ
629 5022 882 5092 λέγεσθαι
913 5022 985 5076 τὰ
1023 5021 1092 5074 δι’
1133 5019 1265 5073 Υἱοῦ
1296 5020 1579 5089 γεγονότα,
1622 5019 1755 5074 Θεὸν
1789 5018 1846 5075 δὲ

267 5114 433 5171 αὐτὸν
464 5116 566 5170 οὐκ
593 5110 735 5169 εἶναι
767 5115 1067 5179 πιστεύειν,
1107 5112 1589 5183 συγκαταγράφειν
1623 5111 1679 5165 δὲ
1710 5113 1845 5183 μᾶλ-

264 5202 358 5259 λον
387 5208 505 5270 τοῖς
539 5205 945 5275 πεποιημένοις,
977 5203 1052 5267 ὡς
1080 5203 1260 5267 αὐτοῖς
1287 5202 1536 5274 ὀμοφυᾶς
1571 5201 1704 5267 Θεὸς
1733 5202 1844 5273 γὰρ

266 5294 368 5349 οὐκ
397 5294 516 5349 ἔστι
555 5295 616 5349 τὸ
645 5293 892 5364 γεγονὸς,
936 5295 1052 5349 ἀλλ’
1094 5293 1203 5349 οὐδ’
1246 5292 1314 5349 ἂν
1343 5289 1454 5348 εἷεν
1486 5290 1567 5346 ἔτι
1608 5292 1707 5364 τῆς
1745 5293 1842 5346 τοῦ

268 5387 630 5459 πεποιηκότος
669 5387 961 5451 οὐσιώδους
1009 5387 1284 5458 ὑπεροχῆς
1328 5385 1576 5442 δεικτικὰ
1615 5386 1686 5440 τὰ
1725 5384 1844 5439 κτί-

269 5492 454 5548 σματα
478 5515 494 5542 ,
528 5477 604 5549 μὴ
649 5476 770 5550 οὐχὶ
800 5477 935 5550 μείω
983 5494 1043 5531 τε
1077 5476 1171 5532 καὶ
1201 5475 1456 5549 ἐτεροίως
1481 5476 1710 5549 ἔχουσαν
1743 5476 1839 5530 λα·

2030 4465 2090 4521 Β.
2118 4465 2196 4521 lta
2227 4479 2474 4535 prorsus.

2030 4558 2093 4611 Α.
2119 4553 2361 4611 Obsecro
2385 4566 2538 4619 vero,
2564 4551 2843 4608 dixerisne
2868 4551 3128 4622 quidquid
3150 4560 3235 4609 cst
3256 4561 3523 4620 creatum,

1954 4663 2050 4705 seu
2091 4645 2252 4716 527
2281 4659 2505 4715 parvum
2541 4658 2637 4700 seu
2670 4658 2919 4715 magnum
2952 4643 3085 4699 illud
3126 4646 3220 4710 sit,
3255 4660 3361 4700 non
3401 4659 3525 4703 esse

1957 4739 2151 4797 divium
2183 4735 2399 4794 virtutis
2426 4749 2564 4806 opus
2588 4735 2613 4789 2

2028 4831 2089 4886 Β.
2120 4827 2281 4885 Nullo
2307 4829 2486 4884 modo.

2027 4925 2093 4978 A.
2141 4922 2214 4977 At
2248 4937 2431 4978 nonne
2455 4919 2627 4992 ignari
2674 4929 2730 4976 et
2778 4917 2976 4990 stupidi
3006 4927 3090 4975 cst
3122 4926 3311 4990 putare
3340 4918 3521 4975 divina

1953 4998 2118 5088 opera
2153 5013 2458 5083 nuncupari
2506 5027 2571 5068 ac
2615 5012 2719 5067 dici
2756 5027 2818 5068 ea
2862 5027 2980 5083 quae
3021 5026 3116 5084 per
3148 5007 3345 5066 Filium
3380 5011 3521 5066 sacta

1952 5117 2100 5172 sunt,
2134 5106 2309 5177 ipsum
2338 5117 2466 5160 vero
2504 5101 2731 5181 credere
2779 5101 2950 5157 Deum
2986 5117 3092 5158 non
3117 5115 3242 5157 esse
3264 5142 3282 5166 ,
3329 5099 3426 5156 sed
3468 5101 3521 5154 in

1952 5208 2326 5257 creaturarum
2382 5209 2665 5252 numerum
2712 5193 2892 5265 potius
2936 5193 3227 5258 ascribere,
3264 5201 3520 5261 tanquam

1949 5290 2190 5362 ejusdem
2217 5303 2342 5345 cum
2374 5286 2507 5359 ipsis
2536 5297 2742 5341 naturae
2762 5284 2787 5338 2
2810 5283 2952 5341 Deus
2986 5287 3134 5341 enim
3161 5299 3267 5338 non
3305 5293 3391 5338 est
3436 5297 3518 5338 res

1949 5386 2168 5446 creata;
2226 5379 2320 5436 sed
2386 5393 2455 5434 ne
2499 5386 2765 5434 creaturae
2821 5374 3038 5445 quidem
3076 5373 3357 5431 creatoris
3389 5374 3514 5430 sub·

1949 5472 2260 5530 statutialem
2289 5471 2637 5528 eminentiam
2657 5469 3028 5536 ostenderent,
3066 5467 3171 5527 nisi
3199 5465 3513 5526 inferiorem

345 5651 389 5687 ⁸·
423 5650 581 5710 Joan.
618 5670 658 5720 t,
694 5654 788 5729 ὅ.-
817 5655 870 5741 {⁰
906 5653 1049 5712 Psal.
1100 5669 1216 5726 ctu,
1259 5655 1347 5712 ¹5.
1398 5657 1465 5733 J'
1509 5655 1695 5712 nanti.
1733 5668 1788 5721 x,
1819 5652 1912 5711 29.
1987 5652 2031 5685 '¹
2059 5650 2164 5709 «lob
2194 5664 2416 5719 xxxviii,
2445 5650 2499 5705 ⁷.
