3809 6125
204 303 313 361 ῦῦῐ

1271 302 1359 357 ΒΕ
1398 304 1499 364 SS.
1543 308 1923 366 'rmNtTATE
1963 311 2304 372 mametis
2341 314 2400 369 1.<

3365 298 3473 357 (³62

199 418 305 490 μὲν
327 413 574 485 ἀπηνοῦς
602 415 699 468 καὶ
712 414 1115 485 δυσηχεστάτου
1136 417 1501 487 διακυκῶντος
1526 424 1584 478 τὸ
1606 426 1804 497 ῥόθιον,
1836 430 1880 487 Α
1912 439 2031 485 ctus
2065 429 2439 495 commoverit,
2484 435 2538 483 ct
2573 441 2763 497 magno
2793 442 2916 482 cum
2956 425 3189 480 stridore
3216 423 3476 480 incubue-

195 512 295 567 καὶ
334 507 585 583 ῥοιζηδὸν
627 506 1136 578 καταθρώσκοντος,
1170 515 1455 585 χηραμούς
1500 533 1556 568 τε
1591 519 1716 580 τοὺς
1746 520 1802 571 ὲν

203 604 355 677 βυθῷ
382 600 506 657 καθ’
541 600 641 654 ἕνα
668 616 728 652 τε
759 600 856 653 καὶ
893 601 1158 675 ἀγεληδὸν
1203 606 1527 675 είσχέονται,
1573 608 1665 661 καὶ
1694 607 1802 662 ῶσ-

201 711 312 766 περ
346 692 471 748 τινὰ
497 688 703 763 δρυμὸν
737 688 770 758 ἣ
813 688 1025 762 λόχμην
1059 691 1159 764 τὴν
1203 694 1404 766 εὐανθῆ
1447 696 1800 763 εἰσδύνοντες,

200 782 626 857 ἐπιμηχανῶνται
668 780 730 834 τὸ
757 779 1033 849 ὠφελοῦν·
1060 783 1282 838 ἐπειδὰν
1321 785 1379 838 δὲ
1417 790 1530 851 τοῖς
1561 787 1715 841 ὕδασι
1744 789 1804 842 τὸ

195 879 299 948 τῆς
337 876 490 949 ἡλίου
526 872 693 945 βολῆς
737 863 1083 945 ὲπινήχηται
1117 875 1298 944 σέλας,
1341 880 1470 951 ὃλην
1501 896 1558 934 τε
1592 876 1660 934 αὖ
1701 880 1801 952 ἤδη

196 966 612 1040 καταθρησειαν
647 963 817 1017 οἱονεὶ
848 963 1098 1033 γελῶσαν
1141 969 1244 1040 τὴν
1272 969 1570 1039 θάλασσαν,
1605 971 1804 1027 &2200-

199 1059 360 1131 ροῦσί
401 1075 460 1113 τε
493 1056 588 1113 καὶ
616 1057 1003 1128 άνανήχονται,
1037 1060 1133 1113 καὶ
1167 1059 1255 1114 ἐπ’
1294 1063 1482 1136 άκρων
1516 1063 1805 1135 σκαίρουσι

199 1152 488 1224 κυμάτων,
525 1149 692 1223 δεῖμά
728 1166 785 1203 τε
822 1148 959 1221 ὁμοῦ
992 1151 1089 1203 καὶ
1133 1151 1293 1207 ὄκνον
1322 1154 1801 1225 ἀποπεμψάμενοι.

273 1246 336 1299 Β.
386 1244 476 1308 Ὦς
511 1238 572 1297 εὗ
610 1242 719 1296 ἴσθι
747 1258 830 1295 τοι
878 1240 954 1313 μὴ
988 1242 1194 1313 ἑτέρως
1221 1244 1283 1298 τό
1327 1259 1395 1313 γε
1425 1246 1581 1316 ἐμὸν,
1609 1240 1655 1299 ὧ
1682 1247 1802 1313 τᾶν,

198 1338 234 1409 ἢ
259 1334 437 1399 οὕτως
466 1333 637 1404 ἔχειν.

276 1431 342 1483 A.
373 1427 572 1498 Ὀχλου
593 1425 652 1480 δὲ
677 1426 742 1498 δὴ
772 1427 865 1481 καὶ
891 1429 1235 1500 πραγμάτων
1259 1423 1313 1482 εἷ
1332 1426 1473 1493 τὲως
1503 1429 1802 1494 ἀπωτάτω,

201 1521 301 1575 καὶ
334 1519 596 1591 ὲνηρεμεῖ
635 1533 720 1571 σοι
758 1518 902 1573 κατὰ
938 1517 1035 1590 τὴν
1069 1519 1253 1574 ἑστίαν
1282 1520 1311 1573 ὁ
1345 1517 1506 1586 νοῦς,
1553 1521 1807 1593 καθάπερ

200 1603 448 1680 ἐγῷμαι·

276 1703 340 1757 Β.
371 1704 485 1757 Καὶ
521 1704 578 1758 τί
607 1702 670 1756 τὸ
714 1699 1003 1765 ὲντεῦθεν;

1904 518 1998 582 rit,
2046 520 2098 573 iu
2135 519 2432 589 profundos
2476 531 2723 573 recessus
2754 517 2819 571 ad
2858 530 3022 570 uuum
3067 526 3255 569 omnes
3286 528 3474 583 grega-

1904 610 1997 663 tim
2047 609 2359 676 illabuntur,
2410 624 2473 665 ac
2522 608 2664 664 velut
2710 609 2764 664 in
2810 606 2999 663 silvam
3039 606 3325 675 quamdam
3381 613 3474 658 aut

1901 699 2079 754 locum
2114 700 2297 756 densis
2335 697 2619 755 arboribus
2645 698 2913 753 consitum
2949 695 3244 752 subeuntes
3279 692 3474 748 adver-

1903 809 1995 849 sus
2020 793 2164 848 aeris
2196 792 2447 862 injuriam
2487 806 2556 861 ,se
2596 798 2860 846 tuentur:
2892 788 2984 844 sed
3020 795 3303 858 postquam
3340 784 3473 839 radii

1903 886 2098 942 solaris
2135 884 2313 956 fulgor
2344 882 2501 954 aquis
2531 883 2810 946 innatat-it,
2863 895 2927 936 ac
2962 881 3075 952 jam
3113 886 3282 933 totum
3324 891 3476 931 mare

1903 976 2298 1050 quodammodo
2330 974 2507 1030 ridere
2527 973 2925 1044 perspexerint,
2949 982 3065 1026 tum
3092 970 3324 1035 receptis
3357 967 3476 1022 ani-

1907 1071 2007 1125 mis
2040 1082 2339 1136 emergere,
2375 1075 2429 1122 et
2470 1064 2682 1134 abiecto
2715 1074 2863 1119 metu
2889 1078 2953 1118 ac
2992 1072 3211 1133 torpore
3241 1060 3295 1114 iu
3328 1075 3477 1114 stinu-

1908 1158 2008 1213 mis
2034 1157 2287 1213 fluctibus
2318 1154 2589 1211 lascivire.

1978 1252 2039 1306 B.
2086 1253 2257 1321 Quam
2300 1263 2449 1309 certo
2484 1262 2655 1317 tenes,
2701 1248 2896 1313 amice,
2934 1246 3070 1303 nibil
3120 1261 3221 1302 nos
3264 1247 3331 1301 ab
3363 1244 3480 1299 istis

1904 1338 2154 1395 differre!

1980 1431 2047 1486 A.
2091 1428 2137 1485 A
2167 1431 2338 1485 turbis
2374 1430 2630 1485 uiiuirum
2667 1437 2722 1484 et
2750 1427 2982 1498 negotiis
3025 1423 3211 1497 procul
3244 1432 3481 1479 remotus

1905 1541 1988 1591 ea,
2027 1534 2083 1581 ct
2116 1527 2181 1580 ad
2229 1527 2408 1582 focum
2463 1525 2581 1584 tibi.
2627 1535 2682 1581 ut
2719 1525 2938 1595 opinor,
2977 1520 3211 1594 quiescit
3241 1519 3476 1574 animus.

1978 1708 2038 1763 Β.
2081 1707 2219 1776 Quid
2249 1718 2361 1764 tum
2395 1709 2551 1764 iude?

275 1796 342 1851 Α·
376 1795 610 1866 Πλείστη
657 1811 740 1859 τίς
777 1793 876 1865 ὅση
914 1792 1008 1847 καὶ
1053 1794 1394 1866 ἅῖιῡπρεπὴς
1425 1797 1458 1867 ἡ
1494 1795 1702 1868 ὄνησις·
1732 1798 1802 1851 Ἥ
1836 1784 1878 1839 Β
1976 1801 2042 1854 A.
2091 1800 2372 1856 Commodi
2423 1812 2570 1858 certe
2606 1801 2917 1872 plurimum,
2965 1797 3219 1869 quodque
3269 1803 3485 1850 sanctos

201 1884 326 1957 οὐχ).
364 1886 429 1957 δή
459 1902 513 1939 τι
538 1882 650 1938 τῶν
683 1882 912 1953 ἀγαθῶν
943 1884 1034 1938 καὶ
1069 1886 1185 1949 ταῖς
1218 1885 1479 1957 ἡρεμίαις
1520 1884 1800 1957 δώσομεν;

275 1976 338 2030 Β.
378 1974 637 2030 Μάλιστά
666 1991 752 2045 γε.
1277 2011 1297 2026 .

279 2070 344 2124 A.
393 2067 470 2121 Τὸ
507 2066 616 2139 γάρ
654 2083 736 2120 τοι
772 2067 924 2138 παρὰ
956 2066 1093 2120 Θεοῦ
1132 2067 1221 2122 διὰ
1250 2067 1351 2138 τῆς
1380 2068 1476 2123 τοῦ
1508 2068 1803 2139 ψάλλοντος

208 2158 476 2230 ᾀδόμενον
503 2157 697 2227 λύρας,
739 2156 912 2228 ἀληθῆ
964 2175 1065 2210 που
1117 2158 1335 2221 πάντως
1379 2157 1470 2212 τὸν
1508 2159 1601 2213 ἐπὶ
1634 2160 1807 2231 τούτῳ

213 2250 380 2319 λόγον
418 2251 712 2318 ἁποφανεῖ.

296 2342 364 2397 Β.
396 2341 475 2395 Τὸ
512 2343 658 2395 ποῖον
680 2340 740 2413 δὴ
772 2342 903 2413 φής;

304 2440 369 2489 A.
403 2453 422 2487 ι
451 2432 740 2503 Σχολάσατε
772 2434 865 2487 καὶ
896 2434 1095 2502 γνῶτε,
1140 2437 1221 2489 ὄτι
1253 2437 1364 2506 ἐγώ
1392 2440 1506 2508 εἰμι
1536 2440 1567 2494 ὀ
1600 2437 1749 2503 Θεός.
1784 2459 1803 2491 ι

236 2528 397 2599 'apte
426 2528 526 2599 μὲν
556 2526 659 2600 γὰρ
703 2529 737 2600 ἡ
770 2529 1082 2600 σωματικὴ,
1134 2529 1341 2594 κόνεώς
1377 2548 1436 2584 τε
1473 2532 1571 2588 καὶ
1598 2531 1808 2585 καπνοῦ

222 2621 316 2674 καί
360 2620 546 2691 ἑτέρου
581 2619 781 2687 παντὸς
819 2619 914 2674 τοῦ
950 2620 1285 2677 καταθολοῦν
1337 2621 1612 2694 ἰσχύοντος
1656 2623 1810 2675 ἐλευ-

213 2710 368 2782 θέρα,
411 2710 612 2783 λεπτὴν
642 2713 738 2765 καὶ
768 2712 1252 2782 άπαρεμπόδιστον
1303 2712 1480 2782 ἐνίησι
1526 2714 1626 2783 τὴν
1656 2712 1810 2782 ὲνέρ-

210 2820 368 2874 γειαν
408 2808 518 2868 τοίς
555 2805 889 2859 ὑποπίπτειν
927 2804 1175 2860 εἰωθόσιν
1209 2806 1370 2876 αὐτῇ.
1407 2804 1469 2857 Εἰ
1497 2804 1556 2860 δὶ
1594 2806 1658 2875 δή
1708 2803 1810 2858 πού

206 2916 262 2951 τι
317 2896 658 2952 κατασίνοιτο
699 2897 808 2951 τῶν
862 2896 1076 2965 παθῶν,
1130 2900 1282 2969 μεῖον
1335 2898 1436 2968 μὲν
1479 2897 1525 2970 ἢ,
1550 2897 1660 2969 χρὴ
1696 2899 1811 2962 τοῖς

208 2989 511 3060 ὁρωμένοις
544 2987 866 3059 προσὸαλεῖ,
896 2989 1286 3060 ἁφαμαρτήσει
1308 2989 1366 3042 δὲ
1405 2989 1489 3043 ὃτι
1517 2987 1613 3041 καὶ
1639 2987 1814 3057 αὐτῆς

1905 1892 2115 1948 deceat.
2142 1893 2331 1947 Annon
2367 1894 2511 1949 euim
2546 1894 2670 1949 boui
2713 1890 2918 1962 aliquid
2954 1888 3122 1959 quieti
3151 1886 3487 1942 tribuemus!

1979 1983 2041 2039 B.
2086 1983 2339 2040 Omnino.

1990 2076 2052 2131 A.
2102 2076 2310 2147 Quippe
2344 2077 2439 2131 Dei
2478 2090 2700 2131 carmen
2738 2073 2933 2130 Psaltae
2957 2072 3092 2144 -lyra
3141 2072 3485 2126 decantatum

1912 2181 2096 2223 verum
2129 2168 2180 2223 id
2207 2183 2330 2224 esse
2365 2182 2588 2238 prorsus
2614 2166 3037 2224 demonstrabit.

1984 2346 2045 2400 B.
2093 2344 2264 2413 Quale
2298 2346 2557 2401 carmen?

1985 2440 2051 2495 A.
2105 2458 2123 2492 ‹
2156 2437 2381 2504 Vacate,
2426 2447 2480 2494 et
2528 2439 2724 2504 videte,
2754 2438 2923 2510 386
2951 2436 3209 2508 quoniam
3238 2448 3339 2503 ego
3372 2450 3491 2490 sum

1914 2531 2056 2586 Deus
2078 2529 2146 2586 ⁸⁸.
2175 2548 2195 2583 ι
2237 2529 2439 2586 Oculus
2466 2530 2609 2586 euim
2650 2544 2943 2600 corporeus
2977 2525 3199 2598 pulvere
3247 2540 3311 2581 ac
3344 2523 3495 2579 sumo

1915 2625 2145 2696 aliisque
2183 2624 2341 2680 rebus
2375 2639 2579 2679 vacuus
2607 2638 2730 2699 quae
2768 2622 3042 2677 turbidum
3087 2620 3237 2675 illum
3285 2617 3494 2675 efficere

1917 2726 2143 2789 queunt,
2173 2716 2358 2780 subtili
2389 2730 2491 2771 nec
2523 2714 2780 2785 impedita
2814 2715 2865 2770 vi
2897 2730 2982 2769 res
3016 2711 3257 2781 obiectas
3281 2711 3493 2781 perspi-

1918 2810 2015 2864 cit.
2076 2807 2173 2864 Sin
2224 2814 2405 2861 autem
2456 2803 2655 2861 affectu
2705 2804 2940 2875 quodam
2999 2803 3264 2867 lzedatur,
3314 2803 3495 2856 miuus

1919 2917 2081 2973 quant
2107 2915 2205 2971 par
2230 2907 2314 2955 est
2348 2898 2403 2954 in
2436 2912 2529 2954 eas
2554 2896 2802 2953 obtutum
2837 2897 2985 2967 liget,
3025 2909 3125 2950 nec
3162 2892 3381 2949 dubium
3414 2902 3498 2947 est

1921 2995 2050 3065 quin
2080 2993 2148 3047 ab
2178 2992 2292 3063 ipsa
2317 2990 2588 3046 interdum
2619 2997 2809 3045 exacta
2836 2989 3051 3043 ratione
3076 2985 3308 3041 deerret.
3335 2986 3498 3054 Atqui

210 3079 312 3151 τῆς
351 3079 641 3151 ἅκρῑὸεὲας
676 3078 789 3133 ἔσθ’
816 3079 928 3143 ὅτε,
963 3079 1025 3132 τὺ
1062 3078 1290 3142 ἀπεικὸς
1338 3077 1513 3133 οὐδέν.
1563 3077 1710 3141 Νοῦς
1750 3094 1815 3146 γε
1842 3120 1887 3177 C
1924 3100 2073 3140 meus
2100 3085 2333 3139 bumana
2382 3083 2426 3137 si
2472 3083 2656 3152 quieta
2688 3090 2742 3136 et
2777 3079 3067 3148 tranquilla
3103 3077 3194 3144 sit,
3236 3086 3291 3132 et
3341 3077 3497 3131 vanis

216 3170 326 3242 μὴν
351 3171 381 3224 ὀ
413 3168 777 3244 ἀνθρώπινος,
806 3169 855 3223 εἰ
892 3169 992 3240 μὲν
1018 3167 1284 3239 ἠρεμαίός
1323 3185 1409 3232 τις
1436 3167 1522 3240 εἴη
1557 3167 1652 3223 καὶ
1683 3167 1817 3222 καθ-

215 3255 491 3330 εστηκὼς,
535 3259 633 3314 καὶ
678 3256 979 3328 φαντασίας
1026 3257 1193 3311 ἑώλου
1230 3257 1325 3311 καὶ
1378 3256 1641 3328 βδελυρᾶς
1675 3257 1814 3311 ἁπο-

214 3351 413 3421 φοιτᾷν
448 3349 780 3421 εἰθισμένος,
821 3348 914 3417 ὀξύ
962 3364 1023 3402 τε
1064 3349 1164 3403 καὶ
1194 3346 1389 3412 διειδὲς
1439 3331 1814 3419 ἐμδλέπεταὶ,

214 3442 320 3497 καὶ
342 3440 559 3515 ἁπλανῆ
587 3441 698 3497 τῶν
726 3440 899 3498 ὅντων
924 3438 1227 3512 εἰσδέχεται
1259 3439 1481 3508 γνῶσιν.
1521 3439 1586 3493 El
1611 3455 1674 3508 γε
1711 3438 1817 3509 μὴν

219 3528 335 3589 ὑπό
374 3551 472 3589 του
518 3531 960 3607 καταπαχύνοιτο
1012 3532 1119 3585 τῶν
1159 3531 1366 3600 παθῶν,
1414 3531 1525 3585 οὔτ’
1571 3530 1637 3584 ἂν
1685 3529 1819 3582 αὑτό

222 3643 359 3682 ποτε
402 3625 464 3680 τὸ
496 3625 642 3680 θεῖον
691 3625 931 3696 διόψεται
983 3625 1213 3692 κ-ἁλλος,
1261 3625 1498 3696 ἑνιζήσει
1537 3624 1594 3678 δὲ
1631 3624 1818 3697 ὥσπερ

224 3723 343 3784 τοῖς
382 3719 796 3792 γεωδεστὲροις,
829 3719 1079 3790 καθάπερ
1106 3717 1176 3770 τὰ.
1213 3717 1322 3770 τῶν
1364 3717 1659 3787 στρουθίων
1700 3718 1819 3774 διά-

226 3813 429 3884 ὅροχα,
465 3813 562 3883 τὴν
592 3814 671 3875 εἰς
699 3811 762 3864 τὸ
794 3810 905 3864 ἄνω
947 3807 1144 3881 πτῆσιν
1181 3808 1261 3880 τῷ
1290 3808 1531 3863 δεδέσθαι
1565 3827 1819 3886 παρῃρη-

230 3905 397 3976 μένα.

308 3996 370 4050 Β.
406 3991 480 4050 Εὖ
515 3995 716 4064 λέγεις.

306 4087 371 4142 Α.
398 4082 526 4157 'Ap'
565 4082 680 4149 οὖν,
721 4080 766 4140 ὧ
802 4086 1055 4158 Ἑρμεία,
1091 4088 1336 4157 σχολαῖος
1371 4087 1508 4141 οἴκοι
1540 4087 1818 4155 διατελῶν,

231 4177 470 4249 ταυτησὶ
506 4179 607 4249 τῆς
647 4177 799 4242 θείας
837 4177 1263 4250 ἁπομεμνῆσθαι
1309 4178 1495 4248 φωνῆς
1545 4179 1625 4232 ὅτι
1653 4197 1823 4251 προσ-

231 4272 372 4344 ῆκεν
406 4273 544 4343 ήγῇ;
574 4269 679 4324 Καί
712 4287 792 4323 σοι
824 4270 965 4324 καθὰ
995 4269 1120 4340 χθὲς
1156 4269 1252 4324 καὶ
1279 4268 1488 4342 πρώην,
1523 4268 1694 4339 βίόλοι
1727 4269 1825 4341 μὲν

238 4363 380 4437 μετὰ
408 4364 596 4436 χεῖράς
641 4364 778 4418 εἰσιν
824 4363 1005 4434 ἱεραὶ.
1046 4362 1489 4433 φιλομαθεστάτη
1520 4362 1576 4415 δέ
1607 4379 1693 4426 τις
1737 4363 1824 4415 ὲν-

1925 3186 2088 3248 atque
2128 3176 2309 3245 impiis
2353 3173 2773 3246 cogitationibus
2802 3171 3035 3226 vitandis
3069 3177 3305 3236 assueta,
3344 3174 3520 3223 acute·

1925 3276 1982 3321 et
2024 3266 2172 3322 clare
2208 3265 2407 3330 cernit,
2445 3274 2499 3319 et
2558 3278 2737 3317 rerum
2782 3261 3149 3332 coguitionem
3182 3259 3385 3317 erroris
3420 3260 3500 3314 in-

1925 3358 2095 3414 sciam
2138 3359 2192 3412 in
2226 3372 2285 3412 se
2318 3357 2486 3426 capit.
2524 3354 2675 3422 Quod
2711 3354 2755 3407 si
2797 3352 2864 3406 ab
2894 3353 3077 3422 aliquo
3111 3351 3303 3406 affectu
3337 3367 3503 3407 cras-

1926 3452 2039 3507 sior
2071 3450 2210 3504 lacta
2246 3447 2430 3513 fucrit,
2479 3463 2583 3502 nou
2621 3448 2733 3517 jam
2780 3447 2952 3517 ipsam
2984 3445 3221 3500 divinam
3258 3443 3500 3514 pulchri-

1928 3541 2167 3597 tudinem
2195 3539 2506 3610 perspiciet,
2538 3538 2632 3595 sed
2664 3537 3060 3608 quodammodo
3087 3537 3316 3592 terrenis
3345 3537 3503 3592 rebus

1928 3633 2231 3698 incubabit,
2262 3647 2369 3688 non
2401 3638 2562 3687 secus
2592 3646 2657 3686 ac
2685 3630 2911 3686 aviculae
2939 3627 3256 3685 madefacta:
3292 3628 3505 3698 quomi-

1929 3743 2032 3784 nus
2067 3729 2119 3783 in
2146 3728 2317 3782 altum
2352 3725 2552 3794 volent,
2585 3724 2968 3796 impediuntur.

2004 3991 2065 4046 Β.
2110 3990 2274 4045 Recte
2305 3990 2460 4046 dicis.

2010 4081 2075 4135 A.
2128 4079 2397 4151 Numquid
2424 4094 2577 4150 ergo,
2622 4079 2864 4144 Hermia,
2917 4079 3132 4148 quietus
3181 4076 3322 4132 donni
3381 4091 3505 4134 cum

1932 4174 2031 4239 sis,
2067 4173 2301 4229 divinam
2347 4171 2485 4226 lianc
2528 4171 2853 4227 senteutiam
2899 4169 2954 4224 iu
2988 4168 3305 4224 memoriam
3346 4184 3505 4224 revo-

1933 4264 2161 4322 candam
2199 4264 2512 4320 existimas?
2547 4264 2624 4318 Ac
2672 4261 2767 4317 tibi
2807 4260 3025 4334 quidem
3057 4260 3170 4316 beri
3205 4267 3259 4315 et
3288 4259 3507 4316 nudius·

1936 4359 2151 4422 tertius,
2192 4359 2336 4428 quod
2385 4357 2558 4422 aiunt,
2605 4354 2658 4410 in
2704 4352 2954 4409 manibus
3001 4361 3130 4409 suut
3170 4352 3294 4409 libri
3324 4354 3504 4407 sacri:

234 4455 499 4527 τρέφεται
539 4454 818 4527 προθυμία
845 4453 925 4525 τῷ
956 4452 1052 4523 νῷ,
1085 4452 1338 4525 καθάπερ
1382 4452 1503 4507 τινὰ
1540 4451 1650 4506 τῶν
1683 4451 1828 4524 εὐρι-
1860 4480 1904 4537 D
1938 4455 1989 4509 in
2038 4452 2219 4507 animo
2258 4465 2385 4504 vcro
2435 4447 2726 4519 singularis
2769 4445 3038 4517 quispiam
3079 4443 3321 4500 discendi
3356 4459 3509 4500 amor

235 4547 478 4602 νοτάτων
514 4546 907 4618 παραθήγουσα
937 4543 1135 4612 κυνῶν,
1166 4546 1245 4608 εἰς
1279 4543 1601 4617 φιλοθηρίαν
1646 4536 1723 4598 ὧν
1760 4542 1828 4598 ἂν

235 4640 338 4714 δίῃ
384 4655 444 4694 σε
491 4639 703 4710 μαθεῖν.
755 4638 825 4692 Ἥ
864 4637 1006 4709 τάχα
1040 4654 1141 4690 που
1193 4637 1288 4690 καὶ
1337 4637 1436 4708 τῆς
1482 4636 1575 4690 ἐπὶ
1616 4634 1828 4699 τούτοις

238 4730 563 4804 ὰφιλεργίας
621 4729 901 4802 ἀνάψομεν
951 4727 1050 4792 τὰς
1113 4729 1329 4795 αἰτίας,
1383 4728 1689 4800 ἀφηὸηκότι
1749 4726 1829 4798 τῷ

239 4824 423 4896 χρόνῳ
457 4824 556 4893 τῆς
584 4823 678 4877 τοῦ
724 4821 978 4894 σώματος
1018 4822 1265 4895 ἡλικίας,
1312 4823 1345 4892 ἢ
1391 4821 1521 4891 γοῦν
1560 4820 1745 4894 ἔτερόν
1777 4836 1830 4874 τι

148 4946 153 4951 ·
240 4915 344 4973 καὶ
373 4916 474 4971 οὐκ
523 4915 722 4986 ἀληθὲς
765 4918 950 4988 &psi-u
987 4914 1474 4987 Κατακερτομοίην
1506 4913 1549 4966 δ’
1574 4912 1640 4967 ἂν
1674 4913 1767 4967 καὶ
1797 4913 1829 4984 ἠ

240 5010 528 5075 διάστασις
565 5008 670 5080 (ί),
723 5008 926 5062 τοιόνδε
969 5027 1021 5063 τι
1066 5009 1262 5077 λέγων,
1302 5006 1378 5069 ὡς
1423 5004 1737 5074 φιλοψευδές
1777 5021 1829 5058 τι

242 5102 470 5176 χρῆμα,
501 5100 596 5155 καὶ
636 5100 706 5155 τὰ
748 5101 835 5171 ἐφ’
871 5096 952 5165 οἷς
997 5100 1063 5155 ἂν
1109 5097 1348 5170 βούλοιτό
1380 5113 1508 5151 ποτε
1546 5095 1639 5149 καὶ
1683 5095 1831 5167 λέγοι

244 5193 440 5258 πιστὸς
483 5193 806 5266 ἑτοιμότατα
843 5191 1092 5264 δέχεσθαι
1151 5189 1370 5263 ζητοῦν,
1409 5187 1695 5259 ἄνθρωπος
1735 5187 1830 5256 γέ-

246 5303 386 5434 ρωὲ.
423 5377 602 5435 Πολλὰ
641 5379 740 5452 μὲν
774 5379 841 5434 ἂν
870 5377 1049 5450 ἔχοιμι
1091 5377 1193 5448 τῆς
1238 5376 1332 5430 τοῦ
1361 5375 1611 5448 σώματος
1654 5375 1836 5447 ἀρρω-

328 5558 376 5591 ⁸⁸
417 5555 560 5612 Psal.
603 5573 727 5622 xcv,
756 5557 844 5610 tt.

331 5737 407 5808 (l)
438 5736 723 5806 Corrupto.
753 5732 936 5789 OEuol.
972 5728 1165 5797 legisse
1193 5727 1399 5781 ridetur
1429 5722 1624 5795 ἥδιστά.
1659 5739 1761 5777 σοι.

1937 4542 2180 4607 inolevit,
2217 4542 2307 4612 qui
2354 4549 2403 4595 te
2432 4555 2528 4595 ceu
2557 4554 2745 4594 canem
2784 4537 3189 4608 sagacissimum
3226 4537 3414 4592 incitet
3440 4539 3507 4592 ad

1935 4649 1998 4691 ea
2034 4632 2335 4700 indaganda
2362 4643 2481 4701 quoe
2507 4639 2558 4682 tc
2587 4628 2729 4684 scire
2759 4628 3071 4683 conveniat.
3095 4627 3178 4682 An
3207 4628 3347 4683 sorte
3365 4628 3508 4698 quod

1937 4724 2175 4779 laborem
2210 4721 2266 4775 in
2290 4719 2374 4775 bis
2399 4718 2690 4784 detrectes,
2720 4713 2927 4770 affectae
2954 4713 3067 4785 jam
3098 4714 3345 4784 corporis
3364 4713 3509 4769 aetati

1940 4817 2261 4880 tribuemus,
2308 4826 2375 4866 an
2408 4810 2664 4881 quiddam
2706 4807 2875 4871 aliud,
2907 4807 3071 4863 etiam
3119 4808 3297 4862 minus
3320 4818 3507 4861 verum

1939 4909 2093 4966 nobis
2139 4906 2370 4964 afferes?
2418 4904 2611 4973 Atego
2661 4901 2756 4958 tibi
2805 4899 3162 4956 libentissime
3203 4898 3509 4955 convicium

1938 5000 2186 5068 fecerim,
2218 5014 2468 5055 assereus
2499 4995 2771 5052 bominem
2808 5008 2995 5050 senem
3022 5007 3143 5049 esse
3168 4992 3507 5054 mendacem,

1936 5106 1989 5151 et
2019 5094 2177 5149 dictis
2208 5092 2321 5149 suis
2350 5087 2667 5160 cumprimis
2703 5088 2866 5143 fldem
2895 5085 3086 5142 baberi
3119 5083 3276 5139 velie.

2016 5364 2074 5420 B.
2122 5361 2342 5418 Multam
2387 5357 2607 5430 quidem
2651 5353 2895 5426 corporis
2932 5350 3299 5407 infirmitatem
3352 5359 3519 5415 accu-¹
