3809 6125
299 289 434 345 ¹0⁵7
1352 297 1438 353 DE
1480 298 1578 355 SS.
1621 295 1998 354 TmNiTATE
2040 296 2387 356 DlALOGUS
2431 298 2517 354 Vi.
3429 301 3565 358 to5s

290 408 528 479 ἀμογητί
577 414 838 473 δύνασθαι
898 416 1197 487 κατορθοῦν
1248 419 1346 483 τὰς
1393 420 1788 491 τερατουργίας
1817 422 1894 485 ὡς
1923 428 1968 483 Α
2004 420 2264 490 praeclare
2306 428 2361 476 et
2408 428 2557 475 recte
2599 418 2980 490 intelligerent,
3015 419 3139 490 quis
3171 418 3387 474 virtutis
3424 418 3569 474 illins

291 498 422 563 Θεὸς
462 500 748 570 ἐπιδιδοὺς,
780 523 800 558 ι
823 506 1205 573 ’Δσθενοῦντας
1238 509 1592 583 θεραπεύετε,
1617 513 1770 588 φησὶ,
1795 513 1889 566 καὶ
1996 511 2155 567 dator
2179 513 2249 568 sit
2280 524 2345 566 ac
2376 509 2623 578 largitor,
2656 509 2704 564 ei
2732 510 2923 580 gloriae
2959 525 3217 565 coronam
3255 510 3567 572 nectebant,

288 591 520 663 νεκροὺς
568 594 810 667 ἐγείρετε
833 636 848 661 ,
902 597 1138 669 λεπροὺς
1210 599 1539 670 καθαρίζετε
1562 640 1579 666 ,
1633 601 1885 671 δαιμόνια
1992 604 2233 658 inni-mos
2253 615 2464 672 semper
2482 600 2893 670 compellantes«
2921 603 2974 656 ia
3009 599 3226 656 noinine
3254 598 3383 655 Jcsu
3407 599 3563 652 Chri‹

287 682 613 737 ὲκὸἀλλετε·
644 687 851 759 δωρεὰν
892 688 1137 757 ὲλάὅετε,
1170 692 1383 764 δωρεάν
1425 692 1544 746 δότε
1565 709 1579 723 ·
1607 711 1625 744 ι
1658 693 1877 758 οὐκοῦν,
1987 693 2053 748 sti
2078 692 2339 748 Nazareni
2364 709 2379 746 ε
2405 694 2499 747 »ad
2526 707 2686 760 quem
2716 701 2771 748 et
2799 693 3013 747 divinus
3044 692 3133 746 ille
3164 700 3351 746 noster
3374 702 3568 744 cantor

284 772 491 846 ’ἄριστά
519 792 579 829 τε
612 778 706 832 καί
745 779 820 843 ὡς
850 780 929 835 ἔνι
960 781 1145 847 καλῶς
1182 785 1581 855 ὲννενοηκότες,
1613 784 1698 849 τίς
1727 787 1756 839 ό
1783 784 1884 854 τῆς
1991 785 2195 855 psallit,
2228 782 2413 839 dicens
2443 801 2457 839 :
2496 801 2516 836 ι
2543 783 2728 839 Gloria
2762 785 2977 839 virtutis
3009 798 3198 839 eorum
3233 793 3287 837 tu
3314 797 3395 845 es,
3430 790 3485 835 et
3515 779 3566 833 in

284 864 517 935 ἐνούσης
554 866 737 932 αὐτοῖς
769 870 954 940 ἰσχύος
981 872 1148 945 δοτὴρ
1183 890 1244 928 τε
1278 873 1375 928 καὶ
1403 873 1687 946 πρύτανις,
1732 872 1881 944 αὐτῷ
1987 872 2205 928 nomine
2230 880 2323 928 tuo
2349 871 2697 928 exsultabunt
2728 881 2835 926 tota
2863 872 2951 927 die
2970 869 3038 924 ⁶⁸.
3068 892 3089 926 ι
3124 870 3360 940 Alioqui,
3389 881 3568 922 nonne

282 957 384 1027 τῆς
432 956 685 1023 εὐκλείας
745 960 840 1015 τὸν
887 964 1151 1033 στέφανον
1198 964 1619 1032 ἀναπλέκουσιν,
1668 965 1878 1034 ὲπιφω-
1985 964 2115 1021 illud
2143 965 2194 1019 in
2223 965 2430 1022 sanetis
2462 964 2724 1034 apostolis
2758 965 2916 1021 valde
2950 964 3276 1020 laudandum
3308 976 3428 1017 esse
3463 959 3562 1023 ais.

279 1046 502 1113 νοῦντες
540 1049 627 1103 ἀεὶ
673 1051 787 1116 τοῖς
838 1054 1283 1127 ὴρρωστηκόσιν·
1327 1075 1351 1109 r
1388 1058 1479 1112 Ἐν
1522 1056 1603 1128 τῷ
1652 1057 1878 1128 ὀνόματι
1982 1057 2127 1128 quod
2174 1056 2227 1111 in
2278 1054 2498 1111 Christo
2530 1056 2853 1126 gloriantur,
2904 1071 3139 1126 eumque
3183 1055 3400 1110 virtutis
3445 1065 3560 1105 suae

291 1135 471 1207 Ἰησοῦ
495 1135 734 1209 Χριστοῦ
759 1142 853 1196 τοῦ
877 1143 1232 1217 Ναζωραίου·
1261 1167 1280 1200 ι
1312 1145 1450 1220 πρὸς
1474 1147 1533 1201 ὃν
1559 1148 1653 1201 καὶ
1672 1148 1700 1200 ὁ
1731 1147 1876 1211 θεῖος
1981 1147 2204 1218 gloriam
2243 1146 2486 1201 fuciunt?

274 1229 415 1300 ἡμῖν
453 1229 706 1301 Μελῳδὸς
732 1233 1034 1305 ἀναμέλπει
1062 1237 1260 1306 λέγων,
1290 1238 1372 1292 ὅτι
1411 1257 1431 1292 ι
1458 1238 1737 1309 Καύχημα
1774 1238 1876 1311 τῆς
1910 1238 2191 1310 δυνάμεως
2222 1237 2405 1292 αὐτῶν
2438 1233 2490 1292 ei
2518 1238 2605 1304 σὺ,
2636 1238 2732 1293 καί1
2769 1238 2829 1291 ὲν
2852 1236 2933 1309 τῷ
2971 1238 3197 1311 ὀνόματί
3256 1258 3348 1296 σου
3390 1243 3564 1313 ἀγαλ-

275 1323 557 1380 λιάσονται
598 1326 726 1397 ὅλην
779 1328 877 1401 τὴν
910 1331 1143 1403 ἡμέραν.
1172 1352 1191 1385 ι
1228 1326 1305 1386 Ἦ
1337 1329 1995 1399 οὑκ-ἀξιεπαινετώτατον
2033 1329 2175 1387 εῖναι
2211 1332 2317 1404 φὴς
2367 1332 2475 1387 τῶν
2520 1332 2689 1401 ἀγίων
2743 1334 3055 1388 ἀποστόλων
3105 1336 3166 1389 τὸ
3223 1338 3314 1391 ἐπὶ
3341 1340 3561 1411 Χριστῷ

274 1418 494 1487 φρονεῖν
525 1415 738 1472 ἑλέσθαι
775 1420 938 1490 μέγα,
972 1420 1196 1494 αῦχημά
1231 1440 1289 1477 τε
1326 1424 1598 1479 ποιεῖσθαι
1632 1425 1812 1495 φιλεῖν
1850 1425 1951 1495 τῆς
1976 1425 2065 1478 διά
2098 1423 2248 1494 σφῶν
2277 1424 2458 1477 αὐτῶν
2488 1424 2767 1496 ἐνεργείας
2796 1424 2992 1492 αύτόν;

348 1512 413 1565 B.
451 1512 561 1566 καὶ
596 1514 760 1584 μάλα.

344 1606 410 1657 A.
451 1603 516 1657 'rt
546 1600 639 1659 οῦν
667 1606 760 1659 ἐπὶ
795 1607 932 1680 τῷδε
987 1613 1145 1679 φαῖεν
1179 1611 1266 1677 ἂν,
1311 1602 1356 1666 ὦ
1397 1611 1646 1685 Ἑρμεία,
1675 1612 1859 1682 διηπο·

1953 1561 1956 1564 -
2043 1521 2101 1574 Β.
2142 1518 2218 1574 lta
2261 1534 2509 1589 prorsus.

2038 1615 2105 1666 A.
2147 1609 2285 1678 Quid
2323 1626 2492 1681 porro
2517 1610 2963 1679 percontantibus
3010 1611 3165 1666 nobis
3193 1611 3393 1679 dicent,
3426 1614 3561 1670 ller-

275 1695 507 1767 ρηκόσιν
539 1698 691 1768 ἡμῖν,
721 1700 835 1766 καὶ,
889 1702 1135 1769 ἀνθότου,
1184 1702 1426 1772 λέγουσι,
1466 1704 1543 1783 μὴ
1577 1704 1670 1757 καὶ
1702 1704 1864 1768 αὐτὸς
1899 1738 1939 1791 Β
1969 1704 2099 1766 mia,
2136 1717 2199 1756 ac
2228 1702 2654 1767 sciscitantibuS,
2686 1703 3040 1771 quamobrem
3092 1703 3207 1770 ipse
3241 1702 3415 1759 Filius
3460 1721 3555 1773 po·

272 1787 305 1839 ὖ
344 1786 473 1852 Υἱὸς
516 1787 609 1842 τοῦ
657 1789 786 1843 ἰδίου
838 1792 1131 1861 προσώπου
1187 1794 1445 1864 μεθιστὰς
1493 1795 1730 1860 εἰσάπαξ
1768 1796 1864 1867 τὴν
1973 1793 2154 1848 tentiae
2205 1792 2375 1863 gloria
2429 1806 2541 1847 suae
2587 1806 2834 1862 personae
2869 1792 3027 1861 plane
3071 1792 3336 1859 detracta,
3390 1796 3559 1853 solius

271 1877 372 1933 τοῦ
418 1878 681 1935 δύνασθαι
733 1883 914 1948 δόξαν,
971 1885 1135 1954 μόνου
1185 1887 1557 1958 διαμέμνηται
1600 1887 1695 1942 τοῦ
1750 1888 1865 1940 Πα-

272 1971 440 2043 τρδς,
480 1972 594 2026 ἀλλ’
647 1974 798 2039 ἰδίοις
851 1976 1085 2046 νεύμασι
1139 1979 1486 2051 καταγράφει
1540 1978 1642 2045 τὰς
1678 1980 1867 2050 θεοση-

275 2063 430 2136 μίας,
468 2064 751 2129 ζωοποιεῖν
790 2068 890 2139 μὲν
926 2069 1163 2131 εύκόλως
1193 2070 1399 2145 οῦσπερ
1432 2073 1500 2127 ἂν
1530 2073 1705 2127 ἕλοιτο
1735 2074 1865 2127 διει-

270 2154 415 2220 πὼν,
447 2157 588 2211 κατὰ
613 2159 673 2212 τὸ
705 2161 1014 2234 ἰσομοιροῦν
1046 2161 1124 2233 τῷ
1152 2164 1349 2233 Πατρί,
1384 2165 1479 2219 καὶ
1506 2166 1565 2220 ὲν
1603 2166 1869 2219 ίσοσθενεῖ

269 2248 533 2321 δυνάμει,
586 2251 803 2323 θέλησιν
847 2254 905 2307 δὲ
943 2255 1022 2326 τῷ
1061 2255 1247 2327 λεπρῷ
1295 2256 1433 2329 πρὸς
1470 2256 1728 2329 ἀπόνιψιν
1772 2258 1865 2312 τοῦ

267 2342 482 2408 πάθους
523 2346 793 2406 ἐπιδιδοὺς
813 2386 826 2408 ,
863 2346 958 2399 καὶ
986 2351 1099 2412 τοῖς
1130 2348 1230 2419 τὴν
1261 2349 1382 2420 ὅψιν
1424 2350 1722 2422 ἑρρυηκόσι
1766 2352 1866 2421 τὴν

266 2434 454 2507 χειρὸς
479 2436 625 2507 ἁφὴν
650 2436 1019 2508 δωρούμενος;
1042 2435 1169 2511 'Ap'
1196 2440 1504 2494 ἐνδοιαστὸν
1533 2437 1635 2507 ἔτι,
1668 2439 1867 2511 μᾶλλον

264 2519 328 2578 δὲ
361 2525 482 2597 οὐχὶ
509 2526 604 2580 καὶ
634 2528 1026 2599 ἀναμφιλόγως
1062 2530 1208 2601 ἕχον,
1239 2530 1316 2595 ὡς
1347 2530 1509 2595 αὐτὸς
1543 2529 1803 2604 ὗπάρχων
1830 2532 1862 2601 ὴ

264 2617 499 2690 δύναμις
526 2620 620 2674 τοῦ
655 2619 791 2675 Θεοῦ
830 2622 921 2675 καὶ
957 2623 1196 2694 Πατρος,
1223 2624 1593 2694 ἀναστοιχειοῖ
1612 2622 1717 2694 τὴν
1750 2622 1866 2677 κτί·

266 2730 356 2767 σιν
386 2715 465 2777 εἰς
496 2713 558 2767 τὸ
589 2715 876 2787 ἀπαρχῆς,
921 2715 1023 2769 οὐκ
1070 2716 1401 2786 εἰσποίητον,
1450 2715 1553 2769 οὐκ
1583 2714 1864 2785 εἰσκεκρι-

269 2803 455 2876 μένον,
498 2805 689 2859 πολλοῦ
739 2823 803 2874 γε
855 2806 949 2860 καὶ
992 2806 1107 2871 δεῖ,
1161 2805 1379 2875 φύσεως
1429 2803 1486 2857 δὲ
1526 2797 1730 2875 μᾶλλον
1765 2804 1866 2876 τῆς

267 2894 606 2967 ἰδίας,ἔχων
661 2898 872 2968 καρπὸν
911 2900 1006 2952 καὶ
1049 2898 1331 2971 ἐνέργημα
1374 2895 1436 2950 τὸ
1487 2896 1862 2970 δημιουργεῖν,

265 2987 524 3055 καθάπερ
553 2987 745 3055 ἀμέλει
789 2989 883 3040 καὶ
908 2992 936 3042 ὁ
969 2990 1194 3061 Πατήρ;
1226 2990 1324 3061 Etr,
1357 2989 1401 3042 δ’
1430 2988 1525 3056 ἂν,
1557 2985 1636 3053 ὡς
1666 2988 1732 3057 γέ
1776 3005 1863 3058 μοι

1970 1881 2151 1937 Patris
2183 1897 2288 1935 non
2338 1880 2606 1945 meminit,
2656 1881 2750 1935 sed
2790 1881 2903 1935 suis
2936 1881 3158 1935 nutibus
3192 1882 3419 1937 ascribit
3452 1885 3556 1938 mi·

1973 1972 2176 2037 racula,
2219 1971 2437 2026 eumad
2478 1973 2645 2025 vitam
2678 1971 2922 2026 excitare
2964 1970 3222 2041 praedicat
3262 1988 3399 2042 quos
3427 1975 3559 2029 velit

1970 2063 2158 2119 eadem
2194 2063 2245 2117 vi
2275 2079 2338 2117 ac
2362 2070 2648 2133 potestate
2673 2077 2779 2132 qua
2808 2061 2993 2127 Pater,
3047 2072 3101 2117 et
3135 2063 3402 2133 leprosum
3438 2067 3555 2123 solo
3669 2125 3675 2130 ,

1972 2166 2105 2208 ηοω
2147 2170 2213 2209 ac
2254 2154 2533 2210 voluntate
2583 2154 2775 2209 morbo
2806 2153 3024 2217 liberat,
3072 2163 3128 2209 et
3176 2157 3335 2211 caecis
3364 2173 3557 2213 manus

1980 2254 2123 2300 tactu
2173 2246 2348 2300 lucem
2397 2246 2668 2300 restituit?
2708 2246 2790 2299 An
2833 2260 2995 2316 porro
3035 2245 3257 2302 dubium
3305 2260 3411 2314 est,
3448 2253 3556 2305 imo

1978 2338 2221 2407 nunquid
2267 2337 2775 2393 manifestissimum
2828 2347 2931 2404 est,
2964 2338 3107 2408 quod
3152 2354 3273 2393 eum
3326 2341 3441 2410 ipse
3484 2342 3555 2396 sit

1970 2431 2143 2486 virtus
2175 2430 2270 2486 Dei
2312 2444 2377 2485 ac
2424 2428 2623 2495 PatriS,
2660 2430 2713 2484 in
2760 2431 3052 2501 pristinum
3088 2441 3291 2486 statum
3338 2444 3553 2489 creatu-

1969 2536 2086 2577 ram
2134 2524 2433 2586 reformat,
2481 2537 2584 2577 non
2620 2522 3010 2588 adventitium,
3062 2538 3167 2579 non
3216 2524 3552 2592 ascititium,

1971 2611 2137 2677 absit,
2183 2613 2275 2669 sed
2329 2624 2533 2668 naturae
2572 2628 2685 2669 suoe
2720 2612 2961 2669 fructum
3022 2626 3076 2670 et
3125 2631 3263 2686 opus
3307 2617 3550 2683 liabens,

1969 2710 2289 2766 creatricem
2326 2711 2457 2777 vim,
2489 2712 2653 2767 sicuti
2694 2711 2949 2768 nimirum
2981 2707 3179 2771 Pater?
3212 2716 3308 2772 Est
3344 2728 3549 2783 autem,

1969 2810 2028 2857 ut
2057 2817 2201 2870 reor,
2230 2802 2470 2870 ejusdem
2511 2804 2729 2861 virtutis
2761 2821 2826 2861 ac
2853 2808 3137 2877 potest-atis
3177 2824 3313 2878 opus
3340 2818 3395 2865 et
3422 2809 3553 2864 effe-

1969 2892 2100 2957 ctio,
2130 2892 2185 2947 in
2222 2893 2490 2963 principio
2522 2908 2609 2949 res
2635 2904 2854 2950 creatas
2886 2911 2917 2951 e
2968 2896 3237 2967 niliilotad
3267 2914 3389 2955 esse
3426 2915 3553 2969 pro·

1975 2982 2200 3043 ducere,
2245 2992 2298 3036 et
2330 2996 2425 3051 per
2451 2991 2733 3052 peceatum
2770 2995 3057 3054 corruptas
3109 3002 3173 3041 ac
3219 2989 3271 3043 in
3314 2990 3552 3043 deterio-

268 3079 551 3149 φαίνεται,
589 3075 932 3144 κατόρθωσίς
964 3097 1020 3132 τε
1053 3081 1146 3133 καὶ
1176 3080 1525 3153 ἀποτέλεσμα
1554 3066 1658 3152 τῆς
1690 3079 1864 3150 αὐτῆς
1895 3089 1939 3147 c
1974 3089 2086 3129 rem
2114 3089 2179 3128 ac
2210 3075 2453 3130 viliorem
2483 3085 2684 3132 statum
2720 3086 2956 3134 mutatas
2984 3081 3051 3134 ad
3081 3087 3285 3135 statum
3313 3083 3550 3152 priorem

269 3166 468 3236 ἰσχύος
506 3165 600 3219 καὶ
626 3166 925 3237 ἐνεργείας,
967 3168 1029 3222 τὸ
1056 3171 1152 3222 καὶ
1183 3170 1278 3223 ἀπ’
1305 3170 1598 3336 &afim
1632 3169 1696 3224 τὸ
1727 3166 1867 3225 εἶναι

278 3264 635 3333 παρενεγκεῖν
659 3261 718 3329 ἐξ
777 3263 1141 3334 ἀνυπαρξίας,
1210 3263 1272 3317 τὸ
1299 3265 1454 3345 εκτισ

1978 3166 2278 3222 reformare
2302 3183 2480 3237 posse.

1653 3267 1747 3322 καὶ
1814 3262 2240 3335 κατεφθαρμένα
2294 3262 2364 3317 δι’
2405 3262 2704 3335 ἁμαρτίαν,
2755 3264 2948 3355 κλόνον
2979 3282 3042 3319 τε
3096 3266 3552 3342 ὑπομεμενηκότα

268 3358 367 3410 τὸν
393 3357 486 3409 ἐπὶ
517 3356 586 3410 τὰ
618 3357 787 3429 χείρω
827 3356 920 3411 καὶ
955 3358 1227 3433 αἰσχίονα,
1269 3356 1666 3429 unvamma
1695 3360 1958 3416 δύνασθαι
1996 3361 2134 3430 πρὸς
2165 3358 2226 3412 τὸ
2264 3358 2541 3432 ἀπαρχῆς.

343 3455 407 3511 Β.
449 3454 573 3519 Πῶς
598 3438 1569 3529 οὗνιέφασκινᾎῦἱδπεσταλμένως·
1605 3477 1625 3512 ι
1669 3459 1868 3531 Ἀμὴν,

261 3547 420 3618 ἀμὴν
465 3544 614 3616 λέγω
662 3546 816 3618 ὑμῖν,
854 3546 1175 3603 ού.δύναται
1203 3551 1231 3603 ὁ
1261 3548 1388 3614 Υίδς
1419 3553 1592 3605 ποιεῖν
1618 3552 1712 3622 ἀφ’
1746 3552 1873 3605 eau-

263 3641 365 3695 τοῦ
395 3640 570 3706 οὐδὲν,
614 3641 708 3695 ἐὰν
754 3642 826 3712 μή
857 3659 911 3695 τι
943 3640 1118 3712 βλέπῃ
1155 3642 1247 3696 τὸν
1299 3643 1522 3715 Πατέρα
1568 3645 1830 3700 ποιοῦντα
1853 3661 1867 3676 ·

265 3731 304 3785 ἃ
329 3730 437 3801 γὰρ
465 3733 666 3796 ἐκεῖνος
694 3735 856 3794 ποιεῖ,
886 3731 1058 3785 ταῦτα
1088 3732 1183 3785 καὶ
1207 3735 1235 3786 ό
1257 3732 1388 3797 Υἱὸς
1411 3735 1614 3804 ὁμοίως
1640 3737 1809 3788 ποιεῖ·
1839 3754 1858 3787 ι

266 3821 366 3873 καὶ
405 3819 541 3892 πρός
576 3837 639 3889 ,γε
687 3821 750 3891 δὴ
782 3819 979 3889 τούτῳ,
1017 3839 1036 3869 c
1079 3820 1198 3873 Ἀπ’
1225 3822 1470 3893 ἐμαυτοῦ
1501 3823 1654 3877 οὐδὲν
1681 3823 1820 3877 ποιῶ
1844 3841 1860 3856 ·

2040 3453 2097 3508 Β.
2149 3454 2432 3522 Quomodo
2481 3469 2613 3522 ergo
2669 3455 2881 3511 dicebat
2939 3456 3252 3528 intrepide:
3290 3477 3310 3512 ι
3339 3462 3551 3527 Amen,

1967 3561 2124 3602 anien
2174 3544 2297 3602 dico
2335 3546 2534 3610 vobis,
2587 3561 2693 3600 non
2762 3556 2939 3617 potest
2969 3547 3140 3606 Filius
3185 3565 3214 3604 a
3273 3566 3332 3607 se
3372 3550 3551 3608 facere

1968 3637 2296 3708 quidquam,
2354 3635 2462 3692 nisi
2519 3638 2665 3707 quod
2720 3639 2917 3693 viderit
2972 3638 3189 3696 Patrem
3238 3641 3549 3698 facientem.

1972 3728 2320 3798 Quaecunque
2348 3728 2491 3783 enim
2538 3728 2625 3784 ille
2658 3727 2871 3796 fecerit,
2906 3731 3021 3786 liaec
3060 3739 3113 3786 et
3143 3731 3314 3786 Filius
3353 3733 3547 3787 simiti-

1971 3829 2056 3876 ter
2085 3818 2295 3875 [πῆμ’.
2328 3836 2348 3871 ι
2384 3819 2464 3873 Ad
2512 3819 2628 3874 haec
2660 3835 2678 3871 ι
2712 3837 2731 3871 ι
2766 3819 2811 3873 Δ
2846 3821 3053 3892 meipso
3084 3822 3220 3877 nihil
3246 3823 3407 3891 facio,
3445 3824 3549 3878 Pn-

268 3910 378 3966 ὁδὲ
415 3911 606 3984 Πατὴρ
640 3914 668 3965 ό
710 3914 767 3966 ὲν
797 3913 922 3984 ἐμοὶ
954 3912 1154 3982 μένων,
1187 3916 1333 3966 ποιεῖ
1356 3914 1425 3967 τὰ
1455 3915 1592 3986 ἔργα
1617 3917 1814 3982 αύτος;
1839 3935 1858 3968 ι
1973 3919 2056 3965 ter
2102 3921 2283 3965 autem
2332 3910 2387 3964 in
2447 3924 2533 3964 me
2588 3923 2848 3977 manens,
2895 3914 3012 3982 ipse
3062 3914 3195 3970 tacit
3235 3930 3397 3985 opera
3422 3917 3490 3973 ”.
3524 3938 3543 3971 ι

281 4002 373 4070 Ὧς
407 4007 564 4077 εἴπερ
592 4004 770 4078 ὀρθῶς
803 4005 1147 4077 ἁναμάθοιμι
1175 4006 1352 4073 ταυτὶ,
1382 4005 1482 4078 τὴν
1510 4009 1671 4078 χάριν
1696 4006 1762 4061 ἂν
1791 4008 1866 4062 εἰ·
1964 4001 2119 4069 Quod
2152 4002 2198 4057 si
2239 4004 2355 4058 liaec
2378 4009 2526 4057 recte
2550 4000 2853 4069 didicerim,
2882 4007 3113 4075 gratiam
3144 4006 3285 4062 haud
3313 4023 3443 4079 parv
3458 4024 3543 4065 am

270 4099 421 4171 δείην
446 4100 505 4152 ού
545 4100 767 4170 μικράν.
1961 4097 2216 4155 reserant.

342 4195 412 4247 A.
447 4192 550 4246 Ἴθι
579 4193 643 4265 δὴ
668 4190 760 4248 ούν
791 4196 871 4259 είς
909 4195 1216 4264 ἀνάμνησιν
1239 4187 1314 4248 ὧν
1361 4193 1623 4263 ἐλέγομεν
1665 4193 1866 4266 ἀρτίως
2047 4192 2111 4249 Α.
2151 4189 2366 4247 Revoca
2421 4191 2603 4264 itaque
2642 4195 2695 4251 in
2732 4193 3052 4249 memoriam
3085 4207 3204 4264 quae
3250 4193 3317 4250 de
3359 4206 3546 4253 sancta

271 4286 404 4358 περὶ
426 4285 525 4355 τῆς
555 4286 715 4355 ἁγίας
744 4286 839 4340 καὶ
867 4286 1153 4356 ὀμοουσίου
1172 4286 1421 4357 Τριάδος.
1448 4287 1626 4358 Ἐφην
1653 4287 1762 4359 γὰρ
1785 4287 1866 4341 ὅτι
1975 4294 2029 4341 et
2043 4285 2491 4341 consubstantiali
2513 4286 2783 4344 Trinitate
2804 4287 2963 4342 modo
2982 4286 3237 4341 diximus.
3260 4285 3378 4343 Dixi
3402 4290 3543 4343 enim

271 4376 444 4451 τριῶν
485 4378 841 4432 ὑποστάσεων
870 4377 1256 4449 ὑπαρχουσῶν,
1305 4375 1491 4443 ίδικῶς
1520 4395 1581 4432 τε
1616 4377 1734 4449 ἅμα
1767 4378 1862 4433 καὶ
1897 4354 1942 4410 ¹)
1970 4376 2135 4445 quod,
2167 4392 2291 4432 cum
2324 4379 2435 4433 sint
2464 4388 2573 4433 tres
2600 4380 2917 4450 hypostases
2937 4379 3281 4449 peculiariter
3301 4381 3459 4435 simul
3490 4392 3547 4437 et

270 4469 535 4540 ἀλλήλαις
575 4468 887 4540 προσεχῶς,
932 4470 1007 4531 ὡς
1040 4470 1099 4521 ὲν
1134 4470 1235 4538 μιᾷ
1283 4468 1533 4540 θεότητος
1576 4467 1765 4539 φύσει,
1799 4469 1862 4521 τὸ
1972 4467 2203 4522 invicem
2240 4468 2510 4538 proxime,
2567 4478 2751 4538 utpote
2801 4471 2855 4525 in
2910 4485 3018 4525 una
3064 4470 3280 4527 deitatis
3330 4481 3541 4541 natura,

272 4561 398 4626 ἑνὸς
443 4561 722 4632 ἐνέργημα
755 4561 1078 4630 προσώπου,
1108 4558 1202 4612 καὶ
1236 4557 1369 4629 ὅλης
1407 4557 1474 4611 ἂν
1512 4558 1720 4628 λέγοιτο
1761 4559 1863 4629 τῆς
1971 4560 2132 4611 unlus
2164 4558 2409 4626 operatio
2439 4572 2683 4627 personae
2726 4560 2888 4632 821
2921 4562 3084 4616 etiam
3133 4562 3297 4619 totius
3339 4565 3548 4620 dicetur

271 4651 467 4710 οὐσίας
485 4691 499 4717 ,
549 4651 642 4705 καὶ
676 4649 915 4720 ἑκάστης
953 4649 1306 4712 ὑποστάσεως
1355 4647 1538 4713 ἰδικῶς
1560 4665 1574 4680 ·
1607 4649 1703 4720 ὅλη
1752 4648 1860 4720 γὰρ
1971 4647 2311 4711 substantiae,
2336 4655 2390 4703 et.
2410 4649 2836 4721 uniuscujusque
2864 4666 3109 4720 personae
3134 4654 3381 4710 seorsim.
3409 4654 3543 4712 Tota

271 4745 473 4816 ὥσπερ
520 4741 707 4806 ὃιόλως
764 4741 859 4795 καὶ
925 4741 1108 4804 ἰδικῶς
1165 4740 1233 4795 δι’
1292 4739 1523 4795 ἑκάστου
1589 4742 1856 4796 κινεῖσθαι
1970 4737 2115 4795 enim
2174 4741 2578 4810 quodammodo
2620 4743 2685 4811 ,in
2739 4751 2910 4798 totum
2955 4753 3010 4800 et
3055 4745 3403 4816 peculiariter
3450 4765 3547 4824 per

271 4838 442 4910 φιλεῖ.
1965 4846 2414 4906 uuamqnamquo
2448 4849 2737 4906 personam
2770 4837 2972 4892 moveri
3006 4837 3162 4893 solet.

347 4933 411 4986 Β.
452 4930 851 5002 Μεμνὴσομαι·
892 4926 1009 4990 πῶς
1045 4926 1154 4996 γὰρ
1189 4925 1280 4992 οῦ;
2041 4921 2103 4977 Β.
2141 4923 2455 4982 Meminero.
2493 4925 2594 4994 Qui
2623 4928 2767 4982 enim
2800 4927 2915 4985 lieri
2949 4939 3124 4998 potest
3151 4930 3353 4987 aliter?

347 5026 415 5082 A.
456 5021 667 5077 Οὐκοῦν
708 5024 952 5092 ἐνεργεῖν
993 5019 1267 5082 ὲθέλοντός
1297 5034 1350 5071 τι
1390 5017 1518 5086 περὶ1
1556 5015 1654 5087 τὴν
1684 5015 1859 5069 κτίσιν
2035 5016 2102 5069 A.
2131 5013 2299 5085 igitur
2315 5017 2361 5072 si
2392 5017 2531 5073 Deus
2569 5033 2631 5073 ac
2654 5017 2816 5074 Pater
2843 5034 2972 5090 erga
2994 5033 3304 5077 creaturam
3346 5026 3547 5096 aliquid

274 5117 370 5172 τοῦ
405 5113 541 5170 Θεοῦ
591 5115 686 5168 καί
730 5113 963 5184 Πατρὸς,
991 5112 1091 5164 οὐκ
1129 5109 1196 5164 ἂν
1219 5110 1624 5180 ἀπρακτήσειεν
1648 5109 1677 5161 ό
1710 5106 1860 5170 Υἱός·
1971 5107 2184 5176 operari
2209 5107 2358 5174 vetit,
2385 5122 2488 5163 non
2524 5111 2815 5165 cessaverit
2848 5109 3016 5168 Filius
3047 5132 3060 5168 ε
3099 5130 3275 5186 neque
3305 5117 3348 5170 si
3379 5117 3546 5174 Filius

270 5210 384 5264 οἰδ
419 5208 485 5264 ἂν
533 5209 580 5261 εί
632 5205 928 5277 ἐργάσαιτό
975 5220 1027 5256 τι
1077 5202 1240 5272 τυχὸν
1280 5204 1310 5255 ό
1340 5200 1488 5264 Υἱὸς,
1521 5199 1789 5271 ἀέργητος
1831 5200 1862 5253 ό
1969 5208 2222 5266 operetur
2247 5198 2429 5254 forsan
2476 5200 2706 5270 aliquid,
2739 5201 2947 5260 otiosus
2988 5203 3146 5259 Pater
3168 5203 3350 5269 suerit,
3374 5205 3543 5278 siqui.

274 5301 471 5370 Πατὴρ
505 5298 589 5370 εἴη
622 5297 710 5359 ἂν,
741 5296 898 5364 είπερ
928 5293 1044 5345 ἐστὶ
1075 5291 1206 5354 Θεὸς
1246 5285 1328 5352 είς
1369 5290 1463 5344 καὶ
1499 5287 1852 5359 δημιουργός.
1969 5288 2088 5342 dem
2125 5297 2210 5343 cst
2246 5290 2385 5345 Deus
2421 5305 2561 5347 unus
2587 5299 2643 5346 et
2670 5291 2874 5361 opifex.
2922 5292 3077 5348 Alter
3105 5293 3247 5349 enim
3281 5292 3332 5348 in
3373 5296 3549 5351 altero

274 5391 518 5460 Θάτερος
544 5388 654 5460 γὰρ
694 5389 751 5439 ὲν
793 5385 1001 5456 θατέρῳ
1029 5384 1251 5447 νοεῖται,
1286 5381 1382 5435 καὶ
1426 5380 1571 5434 ἔστιν
1615 5379 1852 5452 ἀληθῶς,

277 5485 423 5541 κατά
453 5499 516 5553 γε
545 5481 604 5536 τὸ
632 5478 878 5550 συμφυές
911 5495 970 5530 τε
1001 5476 1094 5530 καὶ
1118 5473 1426 5545 όμοούσιον,
1457 5474 1507 5529 εἰ
1532 5472 1627 5526 καὶ
1654 5473 1860 5526 νοοῖντο
1967 5473 2199 5562 stantiae,
2228 5472 2442 5529 etiamsi
2478 5474 2854 5547 intelligantur
2874 5475 3127 5535 distincte
3155 5475 3210 5534 in
3232 5478 3543 5537 subsisten-

276 5577 625 5650 διῃρημένως
652 5573 709 5626 ἐν
735 5588 794 5625 τε
824 5568 1089 5642 ύπάρξεσι
1121 5567 1214 5622 καὶ
1252 5564 1567 5637 προσώποις
1602 5563 1804 5628 ἰδικοῖς.
1971 5563 2061 5618 tiis
2082 5574 2136 5618 ct
2158 5565 2406 5634 personis
2435 5568 2818 5639 peculiaribus-

352 5732 400 5764 ‘⁸
429 5729 569 5786 Psal.
609 5742 877 5789 unviti,
910 5726 994 5782 Π.
1070 5723 1114 5755 ⁸⁹
1142 5722 1299 5780 «loun.
1334 5737 1385 5789 ν,
1417 5722 1504 5789 ts,
1527 5722 1618 5779 20.
1693 5721 1738 5754 '⁹
1765 5717 1925 5778 Joan.
1961 5734 2071 5787 xiv,
2108 5720 2190 5777 to.

1963 5379 2280 5451 intelligitur
2310 5389 2365 5437 et
2389 5396 2577 5438 revera
2609 5392 2710 5451 est,
2757 5383 3041 5440 identitate
3080 5392 3289 5441 naturae
3322 5400 3386 5442 ac
3420 5389 3544 5443 sub·
3657 5384 3660 5387 ’
