3809 6125
267 326 405 383 tete

266 619 372 673 ritu
405 612 646 683 baptizat
673 650 694 679 ,
731 624 907 680 eaque
960 621 1188 681 praestst
1233 628 1355 683 quae
1385 614 1484 669 soli
1514 614 1711 669 divinae
1747 629 1848 670 na·

267 715 407 761 turae
429 712 564 759 sunt
589 700 808 772 propris
833 699 860 754 ἲ
877 698 1377 759 Sanctificationem
1427 704 1576 758 enim
1622 704 1851 775 largitur

266 806 431 865 atque
447 791 775 864 suppeditat.
797 790 950 859 Quod
974 792 1188 863 quidem
1207 792 1593 851 demonstrans
1612 792 1850 851 Verbum

269 886 549 957 proprium
617 898 773 940 suum
847 881 1051 940 honum
1111 898 1253 951 esse,
1311 885 1596 956 inspiravit
1647 885 1853 943 sanctis

268 976 553 1048 apostolis,
606 974 796 1032 diceus
841 990 859 1029 τ
901 992 923 1027 ι
958 974 1206 1047 Accipite
1245 976 1509 1047 Spiritum
1557 988 1849 1035 sanctuni:

267 1080 717 1139 quorumcunque
769 1066 1089 1123 remiseritis
1148 1077 1406 1137 peccata,
1437 1069 1845 1128 remittuntur:

267 1172 716 1231 quorumcunque
732 1156 1094 1223 retinueritis,
1140 1165 1352 1214 retenta
1413 1169 1542 1215 sunt
1578 1158 1645 1215 ⁸⁹.
1677 1178 1697 1214 ι
1735 1159 1854 1227 Quo

269 1258 427 1319 pecto
451 1258 638 1304 sutem
673 1246 1070 1305 sanctificatum
1096 1248 1538 1307 manifestissime
1563 1253 1854 1308 ostendens

270 1342 484 1397 divinus
539 1339 804 1410 Baptista,
869 1346 1098 1395 testatus
1150 1348 1255 1404 est,
1285 1341 1430 1410 quod
1456 1340 1549 1397 hic
1590 1342 1663 1397 sit
1684 1338 1854 1397 Filius

269 1432 388 1497 Dei,
439 1430 791 1502 singulariter
820 1444 886 1484 ac
919 1428 1068 1484 solus
1096 1429 1121 1483 ί
1153 1429 1458 1500 Oportebat
1517 1432 1660 1487 enim
1708 1432 1854 1488 hunc

270 1520 423 1576 orbis
477 1528 746 1575 terrarum
809 1518 1106 1581 doctorem,
1137 1518 1182 1573 si
1233 1519 1393 1575 modo
1423 1519 1588 1574 alium
1645 1533 1676 1574 s
1725 1535 1853 1576 vero

271 1610 408 1666 Filio
429 1608 806 1679 cognoscebat,
839 1607 916 1663 rei
952 1611 1238 1664 veritatem
1277 1610 1574 1679 explicare,
1626 1619 1852 1681 aperte·

272 1717 379 1771 qne
403 1701 624 1756 dicere:
653 1697 755 1755 Hic
779 1708 867 1756 est
909 1700 1003 1770 qui
1037 1700 1248 1757 ratione
1292 1701 1691 1770 conjunctionis
1727 1718 1850 1759 cum

1256 320 1316 376 S.
1355 315 1630 375 CYRtLLt
1667 307 2139 374 ALExsmitttNt
2177 310 2489 372 attentae.

335 440 403 490 A.
430 430 594 500 Atqui
633 428 904 499 quomodo
954 430 1001 484 is
1063 430 1154 499 qni
1210 431 1516 500 baptizatus
1550 440 1658 496 est,
1687 441 1744 487 et
1787 432 1840 487 in
1872 439 1919 495 Α
2014 434 2080 489 Δ.
2123 428 2259 489 Εἶτα
2290 432 2409 496 πῶς
2436 435 2465 485 ὁ
2511 430 2944 503 βεοαπτισμένος
2975 469 2990 491 ,

178 573 185 580 ,
262 540 426 599 quem
456 522 696 593 Spiritus
715 518 1000 575 manifeste
1032 521 1332 589 deseendit,
1388 524 1444 579 in
1489 533 1682 579 sancto
1725 521 1851 593 Spi-

3405 302 3430 363 l
3441 295 3555 363 3Ξο

3038 424 3136 479 καὶ
3173 423 3284 495 τὴν
3317 421 3551 494 ἐμφανῆ

1953 522 2050 575 τοῦ
2083 521 2402 593 Πνεύματος
2423 519 2601 575 λαδὼν
2622 519 3032 588 καταφοίτησιν,
3055 517 3117 570 έν
3146 512 3303 583 ἀγίῳ
3337 509 3546 582 βαπτί-

1952 611 2038 676 ζει
2072 612 2372 683 Πνεύματι,
2403 612 2498 666 καὶ
2520 611 2588 666 τὰ
2611 609 2746 682 μόνῃ
2777 608 3058 680 πρέποντα
3088 606 3185 659 καὶ
3216 604 3452 658 ἐοικότα
3475 604 3544 675 τῇ

1951 702 2072 776 θεία
2106 703 2267 773 φύσει
2312 702 2537 776 πληροῖς
2583 701 2836 773 Χορηγδς
2864 700 2971 771 γάρ
3019 699 3169 752 ἐστιν
3212 693 3541 770 ἀγιασμοῦ,

1950 795 2045 849 καὶ
2073 794 2233 849 τοῦτο
2260 793 2494 861 δεικνὺς,
2519 793 2598 857 ὡς
2628 792 2759 846 ίδιον
2808 788 3011 861 ἀγαθὸν
3034 785 3066 841 ό
3096 786 3543 858 ένανθρωπήσας·

1950 885 2145 955 Λόγος,
2174 884 2525 959 σωματικῶς,
2551 884 2855 955 ένέφυσησε
2871 883 2983 947 τοῖς
3012 879 3192 951 ἀγίοις
3210 873 3541 942 ἀποστόλοις

1950 976 2146 1047 λέγων·
2179 999 2198 1030 t
2218 978 2428 1035 Λάδετε
2459 974 2687 1047 Πνεῦμα
2715 973 2896 1046 ἀγιον·
2935 975 3000 1029 ἀν
3030 989 3199 1027 τινων
3226 968 3415 1042 ἀφῆτε
3441 962 3539 1036 τὰς

1952 1068 2249 1141 ἁμαρτίας,
2267 1068 2538 1138 ἀφίενται·
2556 1067 2623 1123 ἀν
2645 1084 2807 1123 τινων
2829 1066 3087 1138 κρατῆτε,
3101 1064 3533 1137 κεκράτηνται.»

1952 1159 2079 1222 Πῶς
2106 1159 2163 1213 δὲ
2187 1159 2281 1214 τὸν
2326 1160 2661 1231 ἡγιασμένον
2688 1157 3060 1231 ἐναργέστατα
3105 1154 3478 1220 καταδεικνῦς
3510 1155 3538 1208 ὅ

1952 1247 2237 1313 θεσπέσιος
2261 1249 2591 1323 Βαπτιστὴς,
2617 1247 3068 1321 μεμαρτύρηκεν,
3086 1248 3174 1302 ὅτι
3191 1240 3371 1310 Οὗτός
3393 1247 3535 1300 ἐστιν

1951 1339 1981 1392 ὁ
2012 1338 2142 1403 Υἱὸς
2182 1338 2277 1394 τοῦ
2312 1338 2451 1395 Θεοῦ
2471 1381 2487 1407 ,
2525 1339 2832 1412 μοναδικῶς
2865 1338 2963 1394 καὶ
3010 1336 3346 1411 ἐνάρθρωςς
3393 1327 3534 1391 Ἔδει

1955 1425 2060 1499 γὰρ
2088 1427 2218 1482 ὄντα
2246 1427 2347 1501 τῆς
2386 1427 2477 1497 ὑφ’
2521 1427 2657 1501 ἡλίῳ
2702 1428 3091 1499 μυσταγωγὸν,
3136 1428 3196 1483 εί
3238 1437 3333 1482 πω
3358 1421 3535 1500 ἕτερον

1950 1516 2081 1573 ὄντα
2135 1519 2289 1592 παρά
2330 1534 2395 1588 γε
2443 1520 2537 1574 τὸν
2582 1512 2801 1592 ἀληθῶς
2828 1514 2975 1583 ,Υίὸν
3020 1511 3327 1593 ἠπίστατο,
3374 1526 3535 1574 καττὰ

1954 1611 2193 1680 σημᾶναι
2215 1610 2279 1664 τὸ
2302 1610 2521 1684 ἀληθὲς,
2554 1611 2783 1681 λέγοντα
2811 1611 2998 1681 σαφῶς
3020 1650 3038 1676 ,
3075 1605 3260 1678 οὗτός
3305 1614 3474 1670 ἐστιν.
3511 1614 3539 1666 6

1954 1700 2098 1754 κατὰ
2149 1699 2449 1771 συνάφειαν
2488 1702 2590 1773 τὴν
2650 1701 2788 1773 πρὸς
2829 1702 2920 1755 τὸν
2961 1703 3132 1771 φύσει
3183 1703 3290 1756 καὶ
3333 1702 3538 1773 ἀληθῶς

272 1808 340 1848 eo
370 1792 461 1861 qni
499 1799 693 1847 natura
717 1805 783 1846 sc
822 1805 951 1847 vere
976 1790 1149 1848 Filius
1176 1802 1282 1858 est,
1337 1792 1600 1849 beneflcio
1637 1804 1692 1850 et
1730 1810 1855 1866 gra·
1884 1789 1927 1845 B
1956 1790 2103 1854 Υίον,
2130 1790 2276 1847 δόσει
2311 1809 2385 1873 τε.
2403 1792 2498 1846 καὶ
2523 1792 2709 1865 χάριτι
2741 1792 2980 1863 γεγονὼς
2997 1790 3154 1857 ,Υἱός
3181 1808 3200 1826 ·
3234 1787 3359 1848 ἀλλ’
3401 1787 3539 1847 οὐδὲν

276 1879 348 1934 tia
410 1881 584 1935 sactus
644 1890 732 1935 est
760 1878 980 1935 ·l='ilius.
1046 1880 1321 1937 Caeterum
1369 1881 1500 1937 nihil
1545 1882 1849 1952 huiusmodi

275 1972 413 2025 dixit
448 1971 585 2025 :sed
626 1986 791 2026 unum
827 1979 990 2042 atque
1021 1974 1272 2029 eumdem
1301 1987 1426 2029 esse
1458 1973 1658 2038 sciens,
1703 1983 1852 2030 etex

278 2066 387 2121 Deo
422 2065 581 2120 Patre
632 2065 889 2130 Verbum,
937 2074 994 2122 et
1022 2081 1089 2122 ex
1117 2068 1327 2123 semine
1357 2066 1525 2121 David
1554 2068 1848 2123 secundum

274 2171 532 2223 carnem,
575 2156 972 2213 sanctificatum
1003 2157 1216 2226 quidem
1244 2157 1342 2223 ait,
1395 2167 1664 2227 quatenus
1689 2158 1850 2230 laonio

274 2253 360 2299 est
382 2259 397 2311 ;
423 2259 486 2300 ac
511 2259 700 2300 rursus
719 2245 1083 2313 sanctificare,
1103 2254 1369 2316 quatenus
1398 2256 1481 2302 est
1513 2246 1676 2302 Deus.
1722 2245 1844 2300 Erat

276 2332 445 2399 enim,
493 2340 553 2387 ut
604 2333 741 2393 dixi.
802 2342 856 2389 et
889 2334 990 2388 hoc
1035 2342 1091 2388 et
1139 2332 1292 2388 illud.
1329 2333 1387 2389 Si
1443 2348 1572 2402 ergo
1611 2346 1719 2389 non
1766 2342 1851 2389 est

274 2423 449 2480 lactus
478 2424 660 2488 humo,
687 2424 731 2479 si
769 2439 874 2479 non
903 2435 1062 2479 natus
1096 2433 1264 2480 estex
1295 2423 1518 2479 muliere
1548 2422 1846 2479 secundum

272 2531 516 2581 earnem,
551 2515 713 2587 753
746 2516 1027 2571 avellimus
1059 2515 1129 2571 ab
1169 2517 1288 2585 ipso
1341 2516 1587 2572 liumanae
1641 2526 1850 2571 naturae

277 2610 664 2681 proprietates.
693 2609 762 2662 Δι
794 2610 840 2663 si
865 2622 1051 2663 verum
1087 2607 1334 2677 estquod
1375 2621 1437 2662 se
1463 2606 1744 2663 demiserit
1780 2610 1847 2663 ad

272 2700 722 2764 exinanitionem,
754 2710 810 2752 ει
857 2697 1034 2754 lactus
1069 2698 1142 2753 sit
1193 2698 1362 2752 nostri
1401 2697 1614 2763 similis,
1659 2712 1846 2767 quam·

272 2792 460 2846 obrem
485 2805 548 2845 ea
583 2804 679 2859 per
712 2802 832 2857 quae
865 2788 1288 2844 exinanitionem
1326 2787 1512 2853 subiit,
1542 2789 1643 2860 ipsi
1668 2788 1849 2845 detra-

275 2880 413 2935 hunt
444 2879 936 2934 administrationis
982 2879 1034 2934 in
1063 2892 1230 2935 carne
1285 2878 1577 2935 artificium
1629 2878 1849 2951 imperl·

277 2971 487 3027 tissime
529 2969 896 3027 convellentes
917 2970 943 3024 i

341 3084 401 3140 R.
432 3083 489 3139 Si
527 3098 658 3153 ergo
703 3083 914 3139 dicatur
960 3085 1125 3139 etiam
1183 3084 1409 3156 gloriam
1465 3083 1758 3158 accepisse,
1787 3095 1843 3144 et

1955 1882 2055 1953 μὲν
2097 1881 2203 1952 ἔφη
2245 1882 2510 1945 τοιοῦτον,
2562 1883 2659 1939 ἕνα
2686 1883 2746 1936 δὲ
2776 1882 2986 1938 καὶτὸν
3016 1883 3198 1939 αὑτὸν
3226 1883 3364 1940 ὄντα
3393 1883 3541 1955 γινύ-

1953 1987 2119 2036 σκων,
2151 1971 2245 2027 καὶ
2272 1974 2339 2027 ὲκ
2358 1971 2497 2027 Θεοῦ
2536 1970 2752 2046 Πατρὸς
2773 1970 2967 2043 Λόγον,
3000 1973 3103 2028 καὶ
3136 1975 3212 2028 ὲκ
3240 1974 3544 2047 σπέρματος

1950 2060 2044 2115 τοῦ
2073 2059 2240 2117 Aa&
2284 2061 2427 2117 κατὰ
2460 2062 2661 2134 σάρκα,
2690 2061 3021 2134 ἀγιασθῆναι
3065 2060 3177 2135 μέν
3212 2077 3383 2135 φησι,
3425 2058 3546 2118 nst

1950 2152 2258 2225 ἄνθρωπος,
2290 2152 2542 2221 ἀγιάζειν
2582 2152 2640 2206 δὲ
2678 2148 2770 2220 αὗ,
2814 2152 2951 2209 καθὸ
3000 2156 3232 2207 νοεῖται
3261 2153 3422 2219 Θεός.
3450 2149 3546 2207 Ἦν

1949 2245 2080 2314 γὰρ,
2111 2244 2189 2307 ὡς
2216 2242 2376 2314 ἔφην,
2402 2243 2463 2297 ἐν
2488 2243 2639 2316 αύτῷ
2666 2244 2823 2299 τοῦτο
2846 2246 3104 2301 κάκεῖνο.
3134 2241 3213 2300 E!
3250 2243 3360 2317 μὲν
3384 2241 3471 2301 οὖν
3491 2244 3545 2299 oti

1950 2331 2176 2401 γέγονεν
2204 2330 2515 2402 ἄνθρωπος,
2540 2333 2590 2385 εί
2620 2332 2698 2405 μὴ
2732 2334 3068 2406 γεγέννηται
3096 2335 3264 2390 κατὰ
3294 2337 3471 2409 σάρκα
3490 2337 3541 2389 tx

1949 2423 2212 2491 γυναικὸς
2236 2462 2253 2490 ,
2285 2423 2666 2495 ἀποσοὸοὖμεν
2704 2424 2868 2478 αὐτοῦ
2901 2428 2971 2480 τά
3006 2426 3387 2498 ἀνθρώπινα.
3422 2423 3540 2483 ml

1949 2513 2167 2585 ἀληθὲς,
2206 2514 2291 2568 ὃτι
2317 2512 2508 2578 καθεὶς
2541 2511 2736 2567 ἑαυτὸν
2766 2516 2846 2579 εἰς
2892 2515 3147 2570 κένωσιν
3199 2518 3405 2589 γέγονε
3440 2518 3533 2573 nfl'

1948 2607 2116 2677 ἡμᾶς,
2162 2605 2388 2660 ἀνθότου
2436 2606 2506 2660 τὰ
2549 2604 2619 2659 δι’
2665 2600 2741 2660 ὧν
2787 2600 2853 2661 ἀν
2896 2609 3085 2663 νοοῖτο
3140 2612 3514 2681 nemnem.

1948 2697 2244 2764 ἀφιστᾶσιν
2282 2696 2448 2749 αὐτοῦ
2474 2736 2489 2758 ,
2519 2696 2619 2767 τῆς
2666 2696 2806 2768 μετὰ
2855 2698 3077 2769 σαρκὸς
3121 2702 3432 2775 οἰκονομίας
3465 2695 3511 2753 ιδ

1948 2786 2200 2855 εύτεχνὲς
2226 2784 2564 2841 ἀδουλότατα
2596 2787 2971 2857 παραλύοντες
2993 2801 3010 2855 3

2018 3058 2078 3116 B.
2126 3060 2252 3117 Ἐὰν
2283 3058 2375 3117 οὖν
2404 3060 2660 3136 λέγηται,
2691 3067 2786 3121 καὶ
2815 3064 2974 3136 δόξαν
3007 3065 3241 3143 λαὸεἶν,
3278 3079 3376 3132 καὶ
3408 3075 3535 3149 γετί·

268 3173 440 3229 sactus
465 3183 550 3227 est
576 3171 856 3240 Dominus,
913 3183 1076 3244 atque
1126 3172 1392 3229 exaltatus
1438 3191 1560 3231 esse
1593 3193 1622 3230 a
1654 3175 1834 3241 Patre,
1867 3129 1911 3186 C
1944 3155 2069 3210 σθαι
2108 3156 2330 3228 Κύριος*
2358 3157 2638 3229 ὑψωθῆναι
2671 3177 2731 3213 τε
2772 3162 2925 3232 παρὰ
2957 3164 3061 3219 τοῦ
3104 3167 3359 3243 natac,
3387 3188 3537 3227 m·

268 3259 678 3332 declaratusque
710 3277 831 3317 esse
861 3277 976 3327 rex,
1012 3264 1324 3319 ascribesne
1375 3267 1538 3319 etiam
1584 3266 1697 3321 liaec
1731 3265 1840 3321 Deo

269 3350 450 3409 Verbo
475 3355 608 3408 citra
642 3353 802 3408 ullam
833 3353 1017 3424 gloriae
1047 3355 1214 3425 ipsius
1247 3354 1679 3412 imminutionem
1711 3358 1735 3410 ί

336 3534 402 3587 Α.
433 3531 584 3599 Quod
609 3532 826 3602 quidem
856 3531 948 3587 Dei
980 3530 1137 3586 Verbi
1175 3540 1365 3587 natura
1397 3531 1543 3586 omni
1574 3533 1744 3603 gloria
1783 3544 1838 3590 et

269 3640 435 3696 regno
469 3633 632 3693 atque
656 3622 1027 3678 dominatione
1048 3637 1174 3679 vers
1217 3622 1416 3679 referta
1469 3624 1562 3688 sit,
1604 3638 1836 3695 quonam

266 3725 428 3788 pacto
464 3715 697 3785 cuipiam
738 3714 957 3769 dubium
991 3729 1112 3770 esse
1162 3724 1344 3784 queat,
1371 3718 1624 3787 qnodque
1654 3717 1835 3773 divina

269 3808 501 3877 dignitas
527 3807 911 3862 convenienter
935 3805 985 3860 ei
1016 3806 1324 3861 tribuatur?
1359 3806 1492 3863 Cum
1516 3822 1646 3863 vero
1668 3809 1841 3865 sactus

267 3908 352 3954 est
379 3899 561 3962 bomo,
608 3897 896 3954 cniumnia
924 3907 1051 3953 sunt
1088 3897 1215 3951 data
1264 3908 1426 3968 atque
1472 3900 1730 3966 ascititia,
1775 3916 1841 3957 ea

268 3990 480 4045 ratione
527 3989 739 4044 tametsi
795 3989 1048 4046 omnibus
1095 3989 1352 4056 abundet,
1389 4001 1446 4046 et
1490 4008 1558 4047 ex
1594 4009 1691 4048 sua
1723 3994 1838 4064 ple-

268 4081 511 4135 nitudine
543 4078 795 4134 omnibus
822 4079 1186 4148 impartiatur,
1226 4081 1460 4135 humano
1497 4096 1647 4137 more
1691 4085 1839 4140 acci·

269 4170 363 4241 pit,
414 4184 720 4238 novumque
747 4178 831 4225 est
878 4178 934 4224 et
969 4170 1268 4226 inauditum
1326 4171 1377 4226 in
1425 4171 1642 4228 Cliristo
1671 4175 1839 4230 mira-

267 4262 469 4326 culum,
519 4261 571 4314 in
642 4259 822 4314 servili
875 4258 1072 4325 forma,
1125 4258 1549 4323 dominatio;in
1607 4264 1839 4317 humana

265 4349 550 4411 tenuitate,
585 4347 753 4419 gloria
788 4347 990 4413 divina,
1033 4357 1087 4401 et
1127 4347 1275 4416 regia
1314 4349 1549 4417 dignitas
1574 4350 1629 4404 in
1669 4353 1839 4405 servi·

1944 3247 2134 3317 στῆναι
2160 3247 2218 3300 δὲ
2253 3248 2346 3302 καὶ
2380 3248 2667 3320 βασιλεὺς,
2706 3251 2933 3322 ἀνάψεις
2963 3254 3083 3326 ἀρα
3132 3261 3245 3314 καὶ
3275 3262 3445 3317 ταῦτα
3473 3256 3538 3334 τῷ

1941 3337 2061 3409 Θεῷ
2098 3340 2277 3410 Λόγῳ,
2324 3342 2418 3394 καὶ
2445 3342 2507 3394 ού
2552 3340 2729 3413 πάντη
2764 3360 2822 3396 τε
2866 3347 2960 3399 καὶ
3004 3349 3249 3417 πάντως
3276 3353 3536 3426 ἀδικήσεις

1942 3427 2109 3480 αὑτοῦ
2137 3430 2235 3497 τὴν
2272 3426 2460 3494 δόξανς

2015 3521 2081 3571 Α.
2113 3519 2233 3572 Ὅτι
2280 3519 2379 3589 μὲν
2423 3517 2537 3584 οὖν,
2565 3522 2724 3594 δόξης
2755 3541 2813 3579 τε
2847 3526 2943 3580 καὶ
2981 3525 3289 3599 βασιλείας
3333 3536 3423 3590 καὶ
3445 3553 3529 3591 ιυ-

1892 3645 1907 3659 .
1946 3608 2192 3679 ριότητος
2216 3609 2470 3681 ἀληθοῦς,
2494 3614 2528 3681 ἡ
2560 3613 2655 3667 τοῦ
2683 3614 2819 3670 Θεοῦ
2846 3618 3019 3688 Λόγου
3055 3625 3415 3694 μεμέστωται
3434 3627 3518 3697 φύ-

1944 3717 2055 3766 σις,
2104 3700 2222 3764 πῶς
2252 3701 2320 3754 ἂν
2346 3702 2638 3758 ενδοιάσειέ
2668 3723 2785 3773 τις;
2819 3707 3107 3781 ἀραρότως
3142 3709 3209 3769 δὲ
3242 3720 3329 3774 ὅτι
3359 3719 3433 3775 καὶ
3455 3723 3505 3773 ἐν

1942 3790 2198 3861 ὑψώμασι
2241 3793 2440 3845 νοεῖται
2493 3795 2610 3857 τοῖς
2664 3794 3208 3871 θεοπρεπεστάτοιςς
3247 3809 3423 3879 ἐπειδὴ
3461 3807 3505 3861 tt

1941 3884 2180 3972 πέφηνεν
2214 3883 2519 3973 ἅνθρωπος,
2546 3879 2591 3955 ᾧ
2619 3888 2796 3942 πάντα
2827 3891 2944 3943 ἐστὶ
2972 3891 3108 3946 δοτά
3135 3902 3241 3951 καὶ
3267 3903 3512 3972 timpt-

1944 3977 2112 4046 μένα,
2142 3974 2315 4048 ταύτῃ
2338 3993 2421 4031 τοι
2458 3977 2675 4051 πλήρης
2706 3980 2966 4051 ὑπάρχων
2994 3984 3095 4038 καὶ
3128 3988 3200 4054 ἐξ
3222 3991 3359 4047 ἰδίου
3395 3993 3517 4063 πληο

1944 4064 2195 4136 ρώματος
2219 4067 2352 4120 πᾶσι
2373 4066 2571 4133 διδοὺς,
2593 4069 2952 4141 ἀνθρωπίνως
2976 4073 3226 4146 δέχεται,
3255 4085 3357 4155 τὴν
3377 4083 3519 4155 ἡμῶν

1940 4157 2216 4228 πτωχείαν
2244 4157 2629 4229 οἰκειούμενος,
2652 4160 2744 4214 καὶ
2771 4156 2841 4233 ἦν
2863 4163 3031 4234 ἀηθές
3064 4182 3124 4221 τε
3162 4174 3266 4226 καὶ
3296 4174 3444 4241 ξένον
3468 4177 3522 4229 ἐν

1938 4248 2160 4322 Χριστῷ
2186 4248 2248 4302 τὸ
2276 4250 2597 4323 παράδοξον,
2624 4253 2682 4306 ὲν
2703 4255 2945 4327 οίκετικῇ
2995 4265 3209 4334 μορφῇ,
3252 4267 3517 4338 κυριότης,

1941 4341 1999 4393 έν
2032 4340 2346 4413 ἀνθρωπίνῃ
2386 4344 2857 4416 σμικροπρεπείᾳ,
2892 4347 3022 4413 δόξα
3062 4351 3406 4429 θεοπρεπὴς,
3433 4358 3519 4413 καὶ

266 4449 400 4501 tute,
461 4447 719 4505 qnantum
774 4438 841 4491 ad
892 4438 1140 4492 humanae
1202 4449 1409 4494 naturae
1473 4438 1833 4495 conditionem
1864 4463 1916 4523 D
1943 4430 2211 4502 βασιλείας
2253 4432 2566 4504 αὐχήμασιν
2597 4437 3061 4508 ἐστεφανωμένον,
3105 4444 3170 4497 τὸ
3204 4448 3312 4501 ὑπὸ
3341 4449 3516 4520 ζυγὸν,

264 4533 588 4592 att'inet;et
648 4525 921 4582 humilitas
982 4542 1192 4582 summa
1248 4529 1541 4584 eminentia
1588 4531 1832 4601 praedita.

268 4618 462 4676 Factus
486 4626 570 4674 est
600 4618 745 4673 enim
784 4616 944 4672 liomo
977 4615 1323 4689 unigenitus,
1348 4634 1455 4675 non
1489 4629 1547 4674 ut
1576 4621 1628 4674 in
1646 4621 1836 4675 exina-

267 4711 472 4766 nitione
523 4716 856 4779 permaneat,
917 4709 1016 4764 sed
1055 4718 1116 4763 ut
1155 4710 1427 4780 accipiens
1478 4725 1600 4764 cum
1629 4724 1694 4765 ea
1719 4711 1838 4781 ejus

269 4801 628 4872 proprietates
659 4818 674 4867 ;
707 4801 849 4856 Deus
904 4809 1085 4856 tamen
1144 4802 1463 4857 naturaliter
1501 4817 1620 4859 esse
1673 4804 1836 4859 etiam

267 4895 371 4948 noc
387 4892 912 4964 pactointenigatur,
937 4891 1277 4962 hominisque
1299 4900 1542 4947 naturam
1571 4893 1626 4947 in
1657 4894 1840 4964 seipso

265 4987 521 5050 illustret,
550 4998 829 5039 sacrarum
863 4998 927 5038 ac
954 4984 1256 5040 divinarum
1299 4985 1626 5057 dignitatum
1663 4985 1836 5055 parti·

267 5079 438 5149 cipem
499 5077 672 5147 ipsam
720 5074 1024 5132 declarans.
1091 5076 1225 5132 Nam
1282 5088 1339 5134 et
1398 5079 1571 5133 sancti
1617 5077 1836 5142 Filium,

268 5173 432 5224 etiam
481 5174 766 5238 postquam
790 5166 989 5238 <lactus
1041 5177 1127 5223 est
1165 5169 1347 5234 homo,
1383 5169 1605 5242 gloriam
1636 5169 1730 5225 Dei
1771 5185 1836 5226 ac

268 5260 468 5326 Patris,
529 5269 586 5318 et
640 5274 824 5332 regem
882 5275 949 5316 ac
997 5260 1281 5316 Dominum
1332 5260 1628 5332 appellant.
1672 5261 1839 5318 isaias

271 5356 414 5410 enim
446 5354 518 5407 ita
552 5353 668 5408 ait:
705 5370 725 5406 ι
777 5350 931 5408 Sicut
981 5351 1143 5409 homo
1188 5353 1482 5409 vindemiat
1517 5353 1713 5419 oleam,
1763 5354 1839 5408 ita

272 5441 676 5497 vindemiabunt
705 5457 817 5510 eos,
845 5452 902 5498 et
931 5443 1145 5512 quando
1193 5446 1489 5500 cessaverit
1547 5443 1836 5509 vindemia,

276 5535 364 5591 isti
392 5548 522 5588 voce
554 5532 884 5591 clamabunt.
931 5533 1033 5602 Qui
1062 5550 1188 5594 vero
1216 5535 1391 5593 relicti
1422 5535 1627 5593 fuerint
1674 5549 1837 5606 super

341 5710 386 5740 ⁸·
410 5706 569 5762 loan-
597 5721 688 5776 ιι,
724 5705 918 5766 222⁷».

1938 4525 2001 4577 τό
2030 4540 2095 4592 γε
2119 4518 2249 4594 ἧκον
2276 4525 2357 4586 είς
2380 4524 2799 4594 ἀνθρωπότητος
2829 4529 3051 4600 μέτρον,
3082 4535 3179 4587 καὶ
3204 4538 3266 4589 έν
3298 4538 3524 4612 ύπερτά·

1940 4632 2060 4680 ταις
2091 4616 2386 4686 ὑπεροχαῖς
2403 4656 2419 4682 ,
2451 4615 2513 4669 τὸ
2537 4618 2806 4672 ταπεινόν.
2831 4618 3026 4688 Γέγονε
3056 4623 3167 4695 γὰρ
3187 4627 3515 4701 ἃνθρωιτοςέ

1942 4706 2271 4777 Μονογενὴς,
2312 4707 2410 4778 οὐχ
2441 4707 2527 4761 ἶνα
2554 4711 2666 4773 τοῖς
2712 4711 2811 4781 τῆς
2858 4711 3141 4778 κενώσεως
3189 4719 3516 4793 ὲναπομείνῃ

1946 4797 2184 4869 μέτροις,
2210 4796 2326 4851 ἀλλ’
2350 4797 2437 4851 ἶνα
2460 4798 2641 4853 λαδὼν
2668 4800 2764 4854 σὺν
2792 4802 2929 4875 αὐτῇ
2958 4803 3025 4858 τά
3058 4807 3258 4879 αὐτῆς,
3286 4810 3420 4877 Θεὸς
3443 4811 3515 4866 ὢν

1943 4889 2123 4958 φύσει,
2155 4889 2250 4943 καὶ
2282 4889 2423 4943 οὕτω
2456 4890 2808 4964 γνωρίζηται,
2844 4896 2940 4947 καὶ
2967 4897 3067 4968 τὴν
3103 4899 3202 4953 τοῦ
3232 4902 3512 4975 ἀνθρώπων

1939 4979 2321 5051 κατασεμνύνη
2367 4980 2531 5051 φύσιν
2572 4981 2659 5050 ἐφ’
2697 4983 2893 5055 ἐαυτῷ,
2930 4987 3156 5059 μέτοχον
3179 4993 3355 5067 αὐτὴν
3384 4996 3512 5050 ἀτω-

1941 5073 2107 5143 φὴνας
2166 5070 2328 5143 ἱερῶν
2371 5073 2465 5127 καὶ
2513 5071 2674 5127 θείων
2715 5072 3077 5144 ἀξιωμάτων·
3120 5081 3430 5157 εὑρήσομεν
3458 5087 3510 5140 δὲ

1938 5165 2034 5218 καὶ
2055 5163 2251 5226 αὐτοὺς
2276 5165 2403 5228 τοὺς
2431 5163 2642 5233 ἀγίους,
2671 5164 2830 5230 δόξαν
2855 5168 3221 5238 ὀνομάζοντας
3259 5177 3356 5231 τοῦ
3384 5177 3508 5232 Θεοῦ

1939 5255 2033 5309 καὶ
2079 5255 2322 5328 Πατρὸς,
2366 5256 2461 5311 καὶ
2498 5259 2679 5327 μέντοι
2722 5259 2819 5313 καὶ
2864 5257 3109 5329 βασιλέα,
3152 5267 3251 5320 καὶ
3298 5271 3511 5341 προσέτι

1939 5348 2164 5420 Κύριον,
2190 5347 2281 5401 τὸν
2308 5348 2454 5415 Υίδν,
2477 5348 2571 5402 καὶ
2588 5349 2677 5403 ὅτε
2697 5350 2919 5418 γέγονεν
2956 5351 3265 5426 ἄνθρωπος.
3297 5360 3509 5424 Ἡσαΐας

1941 5440 2040 5510 μὲν
2071 5440 2179 5509 γὰρ
2223 5430 2326 5494 ὧδέ
2356 5457 2431 5511 πη
2476 5439 2662 5511 φησίν·
2697 5458 2716 5492 t
2752 5443 2851 5495 ’ον
2869 5443 3071 5515 τρόπον
3099 5447 3199 5501 ἐὰν
3234 5450 3511 5525 ἄνθρωπος

1941 5531 2250 5602 καλαμᾶται
2295 5531 2502 5600 ἐλαίαν,
2527 5529 2671 5586 οὕτω
2720 5531 3130 5604 καλαμησονται
3161 5539 3399 5608 αὐτοὺς,
3425 5545 3511 5600 καὶ
