3809 6125
285 337 417 393 titt

1368 336 1454 389 1»ss
1493 330 1997 392 tNCAttMTlONE
2047 337 2411 390 UNleNl'l'l.

3384 344 3528 399 1252

280 455 391 511 τῶν
433 454 720 525 ἁμαρτιῶν
762 453 938 528 ὑμῶν,
984 453 1078 508 καὶ
1108 450 1346 525 λήψεσθε
1385 452 1486 524 τὴν
1513 451 1720 524 δωρεὰν
1758 453 1852 507 τοῦ
1881 455 1929 512 A
1958 461 2286 518 vestrorum,
2326 463 2383 509 et
2415 451 2693 522 accipietis
2722 454 2919 510 donum
2961 453 3196 525 Spiritus
3221 458 3393 510 sancti
3422 458 3464 513 ⁸.
3494 476 3517 509 ι

280 544 438 615 ἁγίου
490 543 823 618 Πνεύματος.
881 564 902 599 ι
966 541 1243 599 ’Λπολῦων
1289 541 1399 615 γὰρ
1446 541 1719 614 ἁμαρτίας
1760 542 1851 595 τὸν

279 634 428 707 αὐτῷ
465 637 878 707 προσκείμενον,
921 634 1002 707 τῷ
1031 635 1143 707 ίδίῳ
1169 633 1355 689 λοιπὸν
1383 633 1665 704 καταχρίει
1688 632 1851 687 Πνεύ·

281 744 433 799 ματι,
466 728 608 799 ὅπερ
649 728 830 799 ἐνίησι
872 728 973 799 μὲν
1014 727 1198 793 αὐτὸς,
1238 726 1315 792 ὡς
1359 728 1424 780 ὲκ
1454 724 1593 779 Θεοῦ
1639 723 1849 796 Πατρδς

278 818 473 886 Λόγος,
501 818 594 871 καὶ
618 818 677 886 ἐξ
705 818 842 883 ίδίας
870 820 1000 890 ἡμῖν
1037 818 1378 890 άναπηγάζει
1405 816 1638 887 φύσεως*
1668 815 1847 870 κοινὸν

278 908 339 963 δὲ
372 907 564 981 ὥσπερ
598 909 660 963 τὸ
683 910 872 981 χρῆμα
908 910 1080 975 τιθεὶς
1124 913 1190 982 τῇ
1232 909 1372 980 μετὰ
1410 906 1610 980 σαρκὸς
1639 908 1844 961 οίκονο·

282 998 384 1069 μία
423 998 512 1052 διὰ
537 998 638 1070 τὴν
683 999 897 1062 ἕνωσιν,
927 1001 1024 1054 καὶ
1066 1002 1142 1065 ὼς
1170 1000 1457 1069 ἄνθρωπος
1494 999 1705 1052 ὲνέπνει
1748 1013 1849 1050 σω-

281 1088 544 1160 ματικῶς.
606 1089 940 1163 Ἐνεφύσησε
965 1089 1073 1162 γάρ
1105 1092 1219 1153 τοῖς
1265 1088 1618 1154 ἀποστόλοις,
1654 1085 1845 1140 είπών·

279 1198 300 1232 ι
320 1178 528 1234 Λάόετε
563 1179 788 1251 Πνεῦμα
813 1181 968 1249 ἅγιον
987 1199 1001 1214 ·
1039 1200 1058 1235 ι
1092 1182 1185 1235 καὶ
1205 1181 1306 1234 οὐκ
1332 1181 1399 1236 ἐκ
1434 1179 1635 1251 μέτρου
1663 1177 1847 1232 δίδωσι

270 1266 335 1320 τδ
375 1266 621 1337 Πνεῦμα,
663 1270 805 1324 κατὰ
842 1271 943 1339 τὴν
989 1270 1237 1324 Ἰωάννου
1277 1268 1487 1339 φωνὴν,
1533 1266 1649 1320 ἀλλ’
1687 1264 1848 1329 αὐτὸς

272 1358 480 1429 ἐνίησιν
520 1357 583 1425 ἐξ
629 1358 843 1420 ἑαυτοῦ,
890 1357 1142 1429 καθάπερ
1189 1357 1386 1429 ἀμέλει
1427 1355 1524 1411 καὶ
1564 1357 1595 1411 ό
1632 1355 1841 1425 Πατήρ.

273 1449 386 1504 Καὶ
410 1446 544 1517 γοῦν
577 1450 607 1502 ό
631 1449 915 1514 Θεσπέσιος
957 1449 1190 1515 Παῦλος,
1213 1450 1527 1520 ἀποστήσας
1558 1447 1658 1521 τὴν
1685 1446 1742 1500 ἐν
1781 1461 1845 1513 γε

270 1538 447 1611 τούτῳ
470 1540 756 1613 διαφοράν,
786 1543 916 1597 ποτε
954 1542 1053 1613 μὲν
1088 1541 1236 1613 αὐτῷ
1269 1541 1349 1613 τῷ
1391 1540 1509 1613 Θεῷ
1535 1540 1628 1595 καὶ
1671 1539 1846 1611 Πατρὶ

272 1633 595 1704 προσνέμων
617 1635 832 1705 ὁρᾶται,
863 1636 992 1689 ποτὲ
1024 1634 1082 1690 δὲ
1126 1631 1197 1690 αὖ
1235 1634 1313 1706 τῷ
1339 1634 1474 1707 Υίῷ.
1507 1634 1713 1706 Γράφει
1736 1632 1844 1703 γὰρ

268 1715 375 1781 ὧδε
397 1742 412 1757 ·
446 1742 467 1777 ι
515 1725 708 1798 Ὑμεῖς
736 1726 795 1781 δὲ
837 1727 938 1781 οὐκ
975 1727 1098 1780 ἐστὲ
1139 1729 1197 1780 ἐν
1227 1727 1415 1799 σαρκὶ,
1452 1724 1568 1779 ἀλλ’
1595 1726 1654 1780 ἰν
1683 1724 1846 1778 wezz-

1956 542 2267 601 Dissolvens
2325 545 2472 601 enim
2521 554 2745 615 peccata
2798 546 2921 617 ejus
2963 547 3063 617 qui·
3109 546 3210 616 ipsi
3260 546 3521 615 adliaeret,

1951 636 2174 706 proprio
2198 650 2299 692 suo
2329 636 2533 705 Spiritu
2558 635 2792 708 inungit,
2820 653 2981 709 quem
3028 638 3244 707 quidem
3281 638 3523 693 immittit

1956 724 2091 795 ipse,
2122 735 2182 780 ut
2207 724 2442 781 Verbum
2476 740 2542 781 ex
2583 725 2697 781 Deo
2742 726 2922 792 Patre,
2971 736 3027 782 et
3068 742 3135 784 ex
3179 727 3396 798 propria
3424 741 3523 781 sua

1954 827 2146 872 natura
2193 817 2246 873 in
2286 832 2385 873 nos
2415 817 2765 875 transfundit.
2796 817 3152 875 Communem
3208 833 3337 874 vero
3388 834 3524 887 qno-

1951 901 2240 958 dammodo
2259 905 2401 960 itanc
2429 920 2544 960 rem
2576 906 2780 962 faciens
2806 922 2927 962 cum
2964 907 3436 962 administratione
3465 908 3522 962 in

1949 1006 2117 1048 carne
2153 1002 2373 1062 propter
2400 995 2689 1062 unitatem,
2722 996 2887 1050 etiam
2920 1004 2979 1051 ut
3022 997 3184 1053 homo
3233 996 3522 1067 inspiravit

1949 1083 2321 1153 corporaliter.
2370 1085 2651 1155 inspiravit
2729 1087 2874 1143 enim
2938 1085 3202 1157 apostolis
3225 1127 3243 1154 ,
3298 1088 3519 1141 dicens·

1955 1192 1977 1228 ι
2027 1175 2271 1245 Accipite
2311 1175 2575 1245 Spiritum
2622 1188 2875 1233 sanctum
2905 1178 2949 1232 ⁸.
2990 1196 3009 1231 ι
3042 1176 3229 1247 Neque
3266 1192 3334 1233 ex
3373 1192 3522 1231 mcu-

1951 1282 2075 1323 sttra
2102 1267 2197 1322 dat
2225 1268 2513 1337 Spiritum,
2546 1279 2606 1323 ut
2641 1270 2818 1340 inquit
2843 1269 3102 1334 Joaiines.
3132 1270 3225 1325 sed
3258 1269 3371 1339 ipse
3396 1283 3520 1324 eum

1951 1358 2195 1415 immittit
2221 1375 2288 1415 ex
2318 1363 2523 1429 seipso,
2556 1361 2695 1416 sicut
2728 1370 2785 1418 et
2822 1361 3002 1417 Pater.
3044 1362 3251 1418 idcirco
3278 1372 3334 1417 et
3379 1363 3523 1417 divi·

1949 1465 2053 1507 uus
2104 1450 2300 1507 Paulus
2343 1452 2537 1507 tollens
2563 1467 2779 1507 omnem
2827 1452 2926 1507 liae
2958 1453 3013 1507 in
3048 1468 3107 1508 re
3137 1451 3518 1520 differentiam,

1951 1540 2219 1597 intertium
2244 1541 2347 1611 ipsi
2378 1542 2487 1597 Deo
2512 1556 2577 1596 ac
2609 1540 2759 1596 Patri
2787 1541 2840 1595 id
2881 1541 3120 1597 tribuere
3150 1542 3409 1607 cernitur,
3437 1542 3521 1596 in·

1950 1637 2162 1691 tertium
2187 1645 2391 1702 autem,
2419 1635 2579 1691 Filio.
2610 1635 2686 1689 lta
2712 1634 2858 1690 enim
2885 1634 3075 1689 scribit
3099 1651 3115 1689 ι
3149 1651 3171 1686 c
3206 1632 3314 1689 Vos
3336 1643 3519 1687 autem

1950 1744 2059 1784 uon
2081 1728 2214 1785 estis
2233 1728 2287 1782 in
2313 1742 2498 1792 carne,
2526 1727 2620 1783 sed
2647 1726 2699 1781 in
2732 1725 2923 1795 spiritu
2944 1764 2959 1789 ‚
2991 1724 3253 1794 siquidem
3285 1724 3519 1793 Spiritus

273 1832 427 1887 ματι,
459 1816 617 1888 εἴπερ
644 1818 864 1889 πνεῦμα
892 1816 1029 1871 Θεοῦ
1076 1819 1217 1871 οἰκεῖ
1258 1819 1317 1871 ὲν
1363 1817 1492 1887 ὑμῖν
1512 1832 1528 1848 ·
1568 1817 1620 1870 εί
1661 1816 1718 1870 δὲ
1744 1833 1844 1881 τις
1872 1800 1917 1856 Β
1952 1819 2048 1876 Dei
2085 1818 2296 1874 habitat
2325 1819 2377 1874 in
2428 1819 2600 1874 vobis.
2633 1818 2691 1872 Si
2721 1832 2850 1872 vero
2873 1816 2995 1885 quis
3039 1813 3296 1885 Spiritum
3319 1813 3518 1867 Christi

158 1958 163 1968 ,
269 1904 494 1976 Πνεῦμα
523 1906 761 1977 Χριστοῦ
784 1907 884 1960 οὐκ
915 1906 1050 1977 ἔχει,
1076 1900 1230 1971 οὗτος
1253 1907 1353 1962 οὐκ
1378 1906 1524 1961 ἐστιν
1550 1903 1736 1961 αὑτοῦ.
1776 1907 1842 1961 Et

264 1995 327 2050 δὲ
362 1998 595 2069 Χριστὸς
640 2000 698 2052 ἑν
737 1999 886 2069 ὑμῖν,
928 1999 991 2052 τὸ
1037 1999 1136 2069 μὲν
1186 1997 1345 2069 σῶμα
1385 1997 1578 2069 νεκρὸν
1614 1996 1705 2053 διὰ
1742 1997 1842 2068 τὴν

266 2087 564 2159 ἁμαρτίαν,
596 2089 657 2143 τὸ
679 2090 736 2143 δὲ
765 2088 1013 2161 Πνεῦμα,
1051 2089 1166 2161 ζωὴ
1189 2090 1281 2143 διὰ
1309 2089 1677 2161 δικαιοσύνην.
1711 2106 1731 2141 ι

338 2178 399 2232 Β.
445 2178 682 2249 Ἀραρεν
721 2173 850 2246 οὖν,
900 2179 982 2232 ὅτι
1024 2177 1159 2232 ἴδιόν
1203 2178 1320 2231 ἐστι
1370 2177 1432 2230 τὸ
1480 2176 1706 2247 Πνεῦμα
1746 2174 1840 2230 τοῦ

266 2266 423 2326 Υίοῦ.
447 2268 542 2322 καὶ
584 2266 702 2322 οῦτι
738 2286 839 2323 που
869 2268 1050 2340 μόνον,
1081 2262 1115 2343 ᾗ
1142 2269 1314 2337 Λόγος
1346 2268 1463 2321 ἐστὶ
1489 2264 1744 2339 πεφηνὼς
1776 2268 1842 2321 ὲκ

264 2357 502 2425 Πατρὸς,
535 2357 669 2412 ἀλλὰ
693 2359 785 2413 καὶ
807 2352 841 2433 ᾖ
862 2360 1036 2412 νοοῖτο
1065 2357 1188 2412 καθ’
1211 2360 1358 2430 ἡμᾶς
1379 2357 1477 2412 ἄνθ
1486 2373 1669 2429 ρωπος
1695 2356 1842 2425 γενό·

268 2466 450 2523 μενος.

338 2541 402 2595 Δ.
447 2541 604 2595 Ἰδιον
629 2541 703 2606 ὡς
728 2543 792 2596 ἐκ
822 2540 1055 2615 Πατρδς,
1073 2541 1130 2595 ὲν
1151 2541 1423 2612 όμοουσίῳ
1445 2541 1742 2611 γεννήματι
1764 2538 1841 2611 τῷ

266 2632 331 2704 Ᾰξ
363 2632 527 2688 αὐτοῦ
555 2634 711 2703 φύντι
742 2633 922 2705 Λόγῳ,
952 2634 1047 2687 καὶ
1078 2634 1129 2685 εί
1155 2632 1367 2701 λέγοιτο
1396 2632 1601 2696 λαὸεῖν,
1633 2633 1721 2685 ὅτε
1749 2630 1842 2700 γέ-

264 2740 421 2791 γονεν
445 2724 732 2797 ἄνθρωπος
770 2727 799 2779 ό
821 2724 930 2779 τῶν
951 2722 1054 2795 τῆς
1078 2723 1330 2794 θεότητος
1371 2724 1675 2795 ἰδιωμάτων
1693 2723 1768 2788 ὡς
1784 2726 1841 2778 ὲν

271 2814 380 2887 ίδὶᾳ
418 2813 575 2883 φύσει
607 2812 936 2886 τητώμενος.
973 2814 1083 2867 Καὶ
1121 2813 1254 2882 γοῦν
1299 2811 1461 2877 αὐτὸς
1507 2812 1768 2883 ὑπάρχων
1805 2812 1839 2883 ἡ

268 2906 486 2961 πάντων
509 2905 642 2978 ζωὴ,
662 2906 750 2961 διὰ
780 2907 880 2977 τὴν
906 2908 969 2959 ὲκ
992 2905 1190 2972 ζῶντος
1221 2905 1431 2976 Πατρδς
1461 2904 1698 2976 ἄρρητον
1726 2904 1843 2973 γέν-

268 3014 443 3071 νησιν,
473 2997 851 3061 ζωοποιεῖσθαι
880 2997 1098 3066 λέγεται
1133 2997 1250 3069 μεθ’
1281 2996 1456 3068 ἡμῶν.
1492 2997 1651 3071 napa
1675 2996 1721 3050 δ’
1747 2992 1841 3051 οὗν

270 3092 421 3160 ὅμως
463 3086 610 3149 ίδεῖν,
643 3086 996 3155 χαριζόμενον
1029 3088 1125 3156 μὲν
1151 3090 1218 3156 τῇ
1274 3089 1378 3157 ἰδία
1410 3088 1570 3160 σαρκὶ
1596 3089 1694 3158 τῆς
1725 3089 1843 3141 θεο·

275 3173 519 3247 πρεποῦς
550 3173 826 3241 ἐνεργείας
858 3175 957 3243 τὴν
983 3174 1162 3238 δόξαν,
1188 3175 1561 3243 οἰκειούμενον
1587 3177 1645 3228 δὲ
1682 3173 1748 3228 αὖ
1773 3179 1844 3229 τά

279 3263 500 3335 σαρκὸς,
528 3263 620 3316 καὶ
647 3261 812 3315 οἱονεί
837 3279 954 3326 πως
981 3263 1103 3316 καθ’
1138 3262 1331 3317 ἕνωσιν
1359 3263 1724 3335 οἰκονομικὴν,
1749 3266 1842 3320 καὶ

276 3356 345 3429 τῇ
379 3353 481 3426 ίδίᾳ
508 3352 854 3426 περιτιθέντα
889 3352 1067 3425 φύσει.

345 3528 405 3585 Β.
448 3528 582 3584 Τίνα
612 3528 719 3601 φὴς
744 3528 978 3601 τρόπονς

343 3623 410 3677 A.
448 3617 527 3676 ’Π
557 3621 678 3694 οὐχί
707 3621 771 3693 δὴ
808 3621 1042 3692 μάλιστα
1075 3618 1306 3692 πρέπειν
1345 3621 1490 3692 ἐρεῖς
1528 3619 1608 3692 τῷ
1637 3637 1699 3690 γε
1733 3621 1846 3676 lim

277 3716 417 3770 κατὰ
450 3713 611 3783 φύσιν
644 3715 706 3766 ὲκ
733 3711 866 3766 Θεοῦ
900 3712 1113 3784 Harpa<
1159 3711 1336 3783 Λόγῳ,
1366 3711 1425 3764 τὸ
1457 3711 1664 3767 ἄνωθεν
1692 3713 1846 3784 ἥκειν

277 3808 369 3861 καὶ
403 3805 461 3873 ἐξ
501 3803 758 3876 οὐρανοῦ,
796 3805 891 3857 καὶ
924 3803 985 3857 τὸ
1024 3804 1307 3871 ζωογονεῖν
1354 3800 1612 3858 δύνασθαι
1640 3804 1740 3871 τά,
1766 3799 1848 3871 οἷς

279 3901 346 3955 ἂν
384 3899 585 3953 ἐνιέναι
618 3896 859 3968 βούλοιτο
887 3895 985 3966 τὴν
1019 3894 1200 3964 <torpa

348 3989 411 4046 B.
449 3989 616 4060 Φημί.

349 4083 414 4136 A.
456 4082 522 4134 Ti
544 4082 635 4147 δέ;
669 4079 730 4134 τὸ
754 4078 1129 4152 δημιουργεῖν,
1160 4074 1282 4130 είπὲ
1308 4090 1418 4146 μοι,
1446 4074 1664 4141 Θεῖκῶς,
1700 4075 1848 4150 δοίης

276 4173 345 4230 ἂν
381 4171 520 4227 εἷναί
558 4190 609 4227 τι
634 4173 742 4226 τῶν
786 4172 1173 4244 ἁνθρωπίνων;

347 4265 410 4322 Β.
451 4266 564 4318 Οὐκ
601 4264 795 4332 ἔγωγε.

345 4357 412 4411 A.
451 4356 516 4410 Τί
558 4356 736 4410 τοίνυν
787 4355 932 4427 ἡμᾶς
975 4356 1229 4420 ζωοποιεῖ
1259 4359 1357 4430 μὲν
1415 4360 1493 4425 ὡς
1519 4357 1673 4424 Θεὸς,
1709 4355 1846 4427 πλὴν

1949 1926 2055 1966 uon
2093 1911 2276 1975 habet,
2295 1909 2384 1965 hic
2409 1924 2516 1963 non
2551 1916 2634 1963 est
2655 1908 2845 1978 ipsius.
2871 1905 2930 1960 Si
2955 1914 3134 1960 autem
3160 1902 3411 1959 Christus
3434 1910 3520 1957 est

1949 2001 2005 2057 in
2038 2002 2210 2067 vobis,
2236 2014 2434 2069 corpus
2467 2000 2686 2069 quidem
2727 2007 2998 2052 mortuum
3027 2006 3112 2050 est
3146 2004 3366 2066 propter
3393 2007 3520 2062 pec-

1951 2104 2160 2157 catum,
2190 2091 2416 2161 spiritus
2438 2104 2569 2145 vero
2592 2090 2701 2143 vita
2723 2098 2945 2157 propter
2960 2083 3465 2156 justificationem⁸.
3492 2102 3511 2133 ι

2019 2182 2084 2238 Β.
2116 2182 2354 2252 Spiritus
2389 2181 2570 2250 itaque
2617 2180 2778 2249 ⁷0⁷
2814 2178 3062 2247 proprius
3096 2186 3179 2231 est
3222 2175 3368 2241 Filii,
3410 2190 3520 2232 ιιοι

1948 2264 2428 2343 solum'quatenus
2471 2277 2557 2324 est
2602 2265 2839 2322 Verbum
2882 2281 2950 2322 ex
2993 2263 3157 2319 Patre
3197 2264 3516 2333 procedens.

1947 2378 2135 2420 verum
2190 2362 2354 2418 etiam
2419 2367 2690 2430 quatenus
2738 2367 2822 2414 est
2881 2358 3043 2412 homo
3098 2354 3271 2410 nostri
3322 2354 3518 2412 similis

1947 2456 2147 2513 lactus.

2018 2548 2086 2603 A.
2148 2545 2405 2614 Proprius
2442 2542 2659 2614 quidem
2691 2549 2752 2595 ut
2773 2554 2837 2594 ex
2863 2540 3028 2595 Patre
3065 2539 3118 2594 in
3150 2537 3515 2594 consubstan-

1948 2639 2064 2696 tiali
2099 2637 2237 2695 Filio
2268 2652 2334 2692 ex
2390 2650 2515 2691 sese
2555 2634 2750 2724 genito⁸
2794 2631 2994 2697 Verbo,
3024 2630 3239 2686 tametsi
3299 2628 3516 2684 dicatur

1948 2744 2069 2787 eum
2125 2728 2374 2796 accipere
2404 2727 2620 2796 quando
2653 2725 2830 2780 sactus
2882 2732 2968 2780 est
3014 2722 3197 2788 homo,
3264 2719 3355 2790 qui
3385 2732 3513 2790 pro-

1948 2818 2277 2891 prietatibus
2315 2805 2618 2873 divinitatis
2667 2817 2722 2872 in
2774 2830 2868 2871 sua
2902 2823 3095 2869 natura
3119 2820 3290 2868 caret.
3338 2812 3518 2880 Atque

1949 2910 2151 2965 idcirco
2193 2908 2310 2979 ipse
2351 2922 2473 2962 cum
2508 2907 2579 2962 sit
2633 2906 2873 2961 omnium
2919 2904 3049 2973 vita,
3085 2904 3210 2974 quia
3261 2900 3516 2957 ineffabili

1949 3002 2109 3056 morlo
2159 3015 2227 3055 ex
2288 2999 2412 3055 vivo
2466 2997 2626 3053 Patre
2675 2996 2887 3069 genitus
2922 3005 3024 3059 est,
3084 3009 3189 3049 una
3237 2993 3517 3048 nobiscum

1949 3093 2248 3148 vivificatus
2272 3106 2392 3146 esse
2434 3091 2648 3146 «licitur.
2696 3084 2892 3143 Videre
2946 3097 3126 3143 tamen
3171 3096 3289 3150 est,
3340 3087 3516 3156 ipsum

1950 3182 2099 3239 carni
2126 3197 2235 3238 suae
2286 3181 2484 3239 ‹tivinae
2530 3180 2860 3249 operationis
2891 3177 3117 3249 gloriam
3158 3177 3436 3240 tribuisse,
3463 3183 3519 3230 et

1949 3276 2186 3332 vicissim
2213 3274 2392 3330 carnis
2407 3272 2763 3342 proprietates
2790 3287 2885 3341 per
2923 3270 3181 3326 unitatem
3229 3268 3370 3323 illam
3398 3283 3519 3338 quaa

1946 3381 2014 3423 ex
2067 3366 2442 3422 incarnatione
2492 3364 2635 3421 iacta
2686 3373 2771 3420 est
2811 3364 2879 3418 ad
2926 3364 3198 3433 propriam
3239 3375 3392 3416 suam
3421 3374 3521 3414 ua·

1949 3440 2123 3513 turam
2164 3457 2445 3513 ascivisse.

2017 3547 2079 3603 B.
2107 3547 2225 3614 Quo
2244 3557 2401 3617 pacto
2422 3546 2503 3602 ais
2531 3545 2556 3600 ‘l

2017 3639 2085 3694 A.
2122 3637 2314 3693 Nonne
2357 3637 2591 3693 maxime
2643 3635 2938 3693 convenire
2975 3633 3124 3689 dices
3157 3630 3333 3688 Verbo
3372 3630 3518 3703 quod

1947 3737 2035 3786 est
2062 3729 2360 3784 secundum
2384 3736 2632 3781 naturam
2660 3739 2725 3780 ex
2758 3726 2887 3789 Deo,
2934 3737 3168 3793 superne
3196 3732 3254 3778 et
3287 3736 3353 3776 ex
3380 3721 3521 3778 coeio

1947 3823 2154 3888 venire,
2206 3828 2261 3873 et
2308 3816 2585 3871 vivificare
2646 3828 2802 3884 posse
2855 3827 2916 3870 ea
2972 3812 3168 3883 quibus
3206 3811 3373 3867 vitam
3422 3812 3526 3866 im-

1949 3913 2165 3989 mittere
2207 3905 2489 3962 voluerit?

2016 4001 2081 4058 B.
2114 3998 2369 4056 Οιῐιιιίιιο.

2018 4094 2083 4149 A.
2144 4091 2281 4157 Quid
2330 4103 2459 4144 vero
2486 4087 2735 4147 ‘ICreare
2789 4085 2973 4141 divino
3029 4100 3202 4153 more,
3246 4085 3522 4144 dixerisne

1948 4187 2109 4245 etiam
2134 4199 2200 4240 ex
2233 4184 2484 4240 humanis
2512 4182 2767 4253 operibus
2790 4193 2911 4235 esse
2938 4178 2963 4233 ἲ

2019 4278 2082 4333 Β.
2125 4278 2236 4347 Ego
2265 4286 2411 4333 certe
2445 4288 2805 4345 nequaqnam.

2018 4368 2086 4423 A.
2121 4368 2258 4435 Quid
2307 4366 2493 4436 igitur,
2539 4365 2778 4420 viviticat
2827 4363 3043 4432 quidem
3090 4379 3189 4420 nos
3232 4373 3290 4418 ut
3353 4365 3514 4429 Dens,

274 4447 338 4501 0¹⁹³
399 4446 559 4517 μόνον
604 4445 682 4517 τῷ
731 4446 1052 4518 &tantali
1116 4449 1271 4517 ἁγίου
1332 4450 1680 4523 Πνεῦματος,
1730 4445 1845 4502 ἀλλ’
1878 4473 1923 4528 1)
1951 4471 2205 4517 caeterum
2253 4476 2358 4515 non
2410 4459 2520 4513 sola
2571 4456 2980 4528 participatione
3025 4456 3258 4527 Spiritus
3299 4454 3513 4521 sanctu

276 4537 499 4611 ἑδεστὴν
549 4537 815 4610 παραθεὶς
877 4540 970 4592 καὶ
1026 4542 1123 4610 τὴν
1178 4540 1577 4611 ἀναληφθεῖσαν
1630 4543 1845 4614 σάρκας

282 4627 430 4697 'Ep-q
467 4627 594 4698 γὰρ,
630 4628 709 4680 ὅτι
764 4645 783 4678 ι
845 4627 1035 4700 Ἀμὴν,
1082 4629 1228 4702 ἀμὴν
1270 4629 1413 4700 λέγω
1446 4632 1595 4703 ὑμῖν,
1629 4633 1723 4686 ἐάν
1768 4632 1845 4704 μὴ

275 4720 488 4790 φάγητε
511 4719 609 4792 τὴν
632 4720 809 4790 σάρκα
830 4718 926 4772 τοῦ
952 4719 1080 4774 Υίοῦ
1105 4720 1198 4774 τοῦ
1225 4720 1532 4793 ἀνθρώπου,
1564 4723 1657 4776 καὶ
1682 4723 1843 4794 πίητε

274 4811 442 4867 αὐτοῦ
479 4813 539 4864 το
568 4805 726 4882 αἷμα,
760 4811 860 4864 οὐκ
886 4809 1036 4882 ἔχετε
1072 4810 1214 4884 ζωὴν
1246 4813 1304 4865 ἐν
1333 4814 1561 4876 ἑαυτοῖς.
1602 4829 1621 4864 ι
1659 4815 1842 4868 Κατα-

274 4903 688 4979 κερτομούντων
716 4905 774 4958 δὲ
808 4906 969 4959 αὐτὸν
992 4904 1099 4959 τῶν
1143 4905 1411 4962 Ἰουδαίων
1445 4906 1594 4965 ποτὲ.
1622 4907 1713 4960 καὶ
1742 4905 1839 4977 τὴν

274 4997 372 5051 ἰπὶ
421 4999 533 5060 τοῖς
584 4996 832 5068 ἀμείνοσι
860 4996 1037 5068 ψῆφον
1085 4996 1365 5062 ἀνάπτειν,
1409 4996 1510 5051 οὐκ
1534 4979 1631 5049 οἷδ’
1666 4997 1841 5065 ὅπως,

276 5089 775 5159 ὶπικεχειρηκότων
820 5086 898 5158 τῷ
933 5087 1188 5159 μακαρίῳ
1221 5089 1429 5157 Μωσεῖ,
1465 5087 1764 5160 είρηκότων
1790 5087 1848 5143 δὶ

276 5179 600 5247 ἀναφανδόν·
640 5197 662 5229 ι
705 5181 766 5232 Οἱ
812 5178 1043 5250 πατέρες
1073 5179 1227 5250 ἡμῶν
1255 5178 1455 5250 ἔφαγον
1482 5179 1544 5234 τὸ
1577 5181 1752 5251 μάννα
1786 5180 1844 5234 ὲν

277 5270 346 5341 τῇ
383 5271 598 5342 ἐρήμῳ,
636 5269 817 5335 καθώς
840 5274 953 5324 ἐστι
988 5270 1401 5343 γεγραμμένον·
1435 5272 1632 5343 ΙἌρτον
1655 5271 1723 5325 ὲκ
1747 5269 1841 5325 τοῦ

275 5362 508 5435 οὐρανοῦ
542 5365 741 5419 ἔδωκεν
768 5364 946 5430 αὐτοῖς
969 5366 1160 5434 φαγεῖν
1178 5380 1194 5398 ·
1225 5364 1277 5417 τί
1307 5364 1479 5428 ποιεῖς
1511 5362 1575 5417 σὺ
1598 5365 1840 5437 σημεῖον,

277 5454 367 5511 ῖνα
405 5456 782 5530 πιστεύσωμέν
834 5472 950 5522 σοι;
992 5455 1046 5509 τί
1096 5451 1326 5529 ἐργάζῃ,
1354 5454 1431 5519 ὡς
1463 5454 1666 5510 ἄνωθεν
1710 5457 1841 5527 ἡμῖν

276 5548 375 5605 καὶ
415 5550 475 5616 ἐξ
523 5550 752 5618 οὐρανοῦ
786 5548 1157 5620 κατακομίσας
1204 5547 1266 5600 τὸ
1316 5546 1509 5617 σῶμα;
1565 5567 1586 5598 ι
1642 5547 1838 5619 φησίν·

350 5726 371 5759 ⁸
393 5723 510 5781 Act.
539 5736 595 5790 n,
626 5724 715 5779 58.
794 5722 989 5779 ‘snam
1020 5739 1111 5793 xx,
1144 5724 1237 5782 29.
1306 5726 1507 5783 'llnnn
1542 5744 1657 5789 rw,
1688 5728 1741 5794 9,
1784 5726 1864 5783 io.

1952 4557 2046 4611 sed
2098 4550 2488 4608 comestibilem
2555 4548 2800 4618 praebens
2853 4549 3017 4603 etiam
3076 4563 3289 4604 carnem
3355 4561 3524 4618 quam

1949 4644 2261 4714 assumpsit.
2293 4642 2439 4697 Dixit
2499 4641 2641 4695 enim
2692 4641 2855 4708 ipse:
2892 4659 2911 4692 ι
2947 4640 3139 4706 Amen,
3190 4655 3345 4697 amen
3396 4639 3520 4694 dico

1949 4739 2122 4802 vobis,
2173 4735 2279 4790 nisi
2325 4729 2671 4791 comederitis
2719 4746 2940 4788 carnem
2992 4729 3113 4785 Filii
3151 4729 3406 4797 hominis,
3461 4739 3521 4784 et

1948 4826 2196 4884 biberitis
2222 4823 2339 4895 eins
2364 4824 2706 4893 sangninem,
2770 4837 2876 4877 non
2928 4821 3197 4876 habebitis
3242 4820 3406 4874 vitam
3461 4819 3514 4874 in

1944 4917 2097 4972 vobis
2129 4915 2169 4971 ⁸.
2209 4933 2229 4968 ι
2274 4914 2407 4970 Cum
2438 4928 2565 4969 vero
2595 4910 2763 4968 ludaei
2814 4927 2938 4967 cum
2988 4911 3246 4967 conviciis
3291 4910 3517 4965 lacesse·

1946 5018 2089 5074 rent,
2131 5018 2186 5062 et
2225 5005 2359 5062 Mosi
2419 5005 2676 5060 doctrinm
2736 5003 3023 5074 plurimum
3072 5001 3513 5065 lidcidcl'errent,

1946 5107 2236 5170 aperteque
2297 5096 2655 5152 clamarent:
2728 5113 2749 5148 ι
2809 5093 2997 5150 Patres
3059 5096 3224 5150 nostri
3289 5093 3513 5148 mandu-

1950 5198 2208 5245 caverunt
2243 5202 2437 5243 manua
2491 5185 2545 5240 in
2602 5186 2839 5252 deserto,
2869 5187 3010 5242 sicut
3062 5186 3319 5256 scriptum
3371 5191 3508 5242 est:

1948 5274 2145 5333 Panem
2199 5275 2266 5332 de
2309 5276 2447 5333 coelo
2496 5275 2642 5331 dedit
2693 5275 2775 5330 eis
2816 5276 3142 5332 manducare
3191 5294 3204 5330 :
3245 5285 3300 5329 tu
3367 5276 3511 5345 quod

1947 5368 2158 5437 signum
2187 5366 2343 5432 iacis,
2382 5374 2438 5422 ut
2464 5366 2750 5423 credamus
2781 5367 2924 5422 tibi?
2971 5367 3101 5437 quid
3153 5366 3417 5435 operaris,
3450 5377 3513 5421 ut

1945 5473 2180 5530 superne
2228 5454 2384 5514 nobis
2447 5466 2503 5512 et
2567 5470 2634 5513 ex
2684 5454 2822 5513 coelo
2873 5452 3105 5513 aderens
3148 5470 3344 5528 corpus
3372 5454 3440 5510 ⁷2·
3485 5474 3506 5509 ι

1949 5550 2224 5622 respondit
2256 5548 2456 5606 lesus:
2494 5566 2515 5601 ι
2554 5548 2748 5614 Amen,
2796 5563 2952 5605 amen
3003 5548 3121 5606 dico
3176 5548 3365 5616 vobis;
3400 5562 3503 5607 non

1943 5728 1964 5759 ⁸
1991 5726 2147 5785 Joan.
2182 5744 2256 5796 w,
2290 5729 2378 5784 iil.
2471 5728 2492 5759 ⁷
2514 5727 2642 5785 ibid.
2672 5726 2760 5797 50,
2788 5726 2877 5784 31.
