3809 6125
470 381 575 438 329

1495 373 1553 429 S.
1597 367 1862 429 CYRlLLl
1901 363 2370 421 ALEXANole
2408 362 2728 423 Ancttmr.

3630 361 3737 419 520

476 508 577 556 test
615 497 750 554 solvi
796 495 1116 562 Scriptura;
1165 509 1326 567 quem
1376 494 1518 551 Deus
1566 490 1951 556 sanctificavit,
1987 495 2041 543 et
2069 488 2115 545 Α
2142 503 2300 551 νετο,
2351 489 2444 542 καὶ
2474 488 2536 541 οὐ
2565 487 2792 542 δύναται
2833 484 3060 556 λυθῆναι
3098 484 3132 556 ὴ
3174 476 3395 553 Γραφὴ.
3439 480 3502 536 ὃν
3532 482 3562 536 δ
3604 483 3736 548 Θεὸς

472 589 622 644 misit
667 590 719 644 in
767 589 1046 655 mundum,
1101 603 1198 644 vos
1243 588 1424 643 dicitis
1489 588 1614 658 quia
1671 584 2043 655 BlaspliemaS‚

471 679 597 749 qnia
642 678 750 733 dixi
780 700 793 733 ι
831 676 1001 733 Filius
1034 678 1127 734 Dei
1160 693 1277 732 sum
1308 677 1374 732 ⁸⁸.
1413 696 1431 729 ι
1467 676 1523 731 Si
1558 675 1705 732 enim
1738 674 2042 730 naturalem

469 780 593 819 cnm
638 767 917 836 propinetis
950 764 1359 821 similitudinem
1387 765 1685 829 habuisset,
1720 779 1828 820 non
1858 764 2047 833 utique

470 856 636 910 veluti
673 870 702 910 a
737 856 899 927 189
924 856 1224 911 minoribus
1267 870 1327 910 se
1370 854 1829 923 comparationem
1880 850 2046 908 secis-

472 955 576 1001 set.
618 946 749 1001 Nam
786 961 905 1001 cuin
938 947 1095 1013 dixit,
1129 965 1148 999 ι
1183 944 1240 1009 Si
1274 947 1394 1001 illos
1425 946 1564 1002 dixit
1598 945 1750 1011 deos.
1793 945 1859 999 ad
1909 959 2048 1015 quos

473 1052 654 1094 sermo
689 1036 783 1093 Dei
835 1036 1012 1094 sactus
1042 1047 1146 1104 est,
1176 1036 1465 1093 manifeste
1497 1037 1734 1092 ostendit
1779 1038 1876 1091 Dei
1927 1050 2048 1091 ser·-

473 1141 685 1181 monem
719 1126 785 1180 ad
819 1142 879 1181 se
926 1126 1126 1181 sactum
1163 1139 1268 1179 non
1296 1140 1440 1192 esse,
1476 1126 1623 1181 sicut
1659 1126 1725 1178 ad
1760 1124 1915 1179 illos:
1950 1123 2046 1179 sed

472 1216 614 1282 quod
660 1208 891 1285 ipse'sit
940 1232 1122 1272 sermo
1171 1215 1347 1273 Patris
1399 1220 1465 1274 ad
1515 1219 1808 1289 prophetas
1841 1218 2041 1272 dictus.

473 1302 756 1370 Quomodo
806 1305 970 1375 igitur
1008 1307 1077 1371 is,
1106 1307 1197 1378 qni
1238 1314 1389 1363 tanto
1438 1308 1723 1364 intervallo
1752 1308 2046 1379 prophetas

472 1405 713 1465 superat,
741 1396 878 1451 nihil
902 1397 1064 1453 habet
1087 1398 1319 1468 amplius
1351 1412 1513 1469 quam
1543 1399 1841 1469 prophetae,
1874 1406 1931 1453 ut
1963 1407 2041 1466 tu,

471 1485 801 1558 blaspheme.
830 1488 1297 1559 impudentissime
1320 1489 1555 1545 asseris?
1704 1482 1709 1486 ’

1135 1771 1366 1829 amun.

541 1882 597 1938 Si
627 1882 853 1938 nescivit
887 1881 1060 1938 Filius
1102 1883 1430 1939 voluntatem
1471 1881 1673 1951 Patris,
1699 1884 1818 1948 sed,
1846 1899 2037 1955 quem-

468 1977 755 2029 admodum
816 1975 1000 2031 hostes
1057 1973 1261 2031 Christi
1316 1982 1594 2039 asserunt,
1624 1988 1932 2031 sermonem
1972 1974 2042 2030 ab

469 2064 586 2133 ipso
607 2064 857 2136 suscipit,
882 2076 939 2120 nt
957 2066 1028 2121 ita
1047 2065 1241 2130 discat,
1262 2074 1316 2121 et
1333 2065 1555 2134 perinde
1570 2080 1635 2121 ac
1657 2066 2039 2140 prophetarum

468 2155 704 2225 aliquem
730 2156 894 2212 Pater
913 2156 1087 2226 ipsum
1119 2154 1413 2226 alloquitur
1443 2171 1459 2211 ι
1499 2153 1728 2226 aequalis
1760 2156 1928 2228 igitur
1955 2163 2041 2211 est

465 2244 764 2314 prophetis·
801 2245 942 2311 Quid
977 2244 1146 2316 igitur
1176 2259 1393 2300 rursum
1423 2252 1662 2302 statuent
1700 2246 1767 2300 de
1802 2243 2038 2300 Psalmi·

463 2342 574 2397 sta.
604 2334 658 2388 in
695 2332 902 2404 Spiritu
930 2335 1144 2391 dicente
1173 2352 1188 2389 ι
1225 2352 1246 2387 ι
1278 2332 1411 2401 Quis
1438 2334 1495 2390 in
1526 2335 1760 2391 nubibus
1789 2348 2039 2405 exaequa-

463 2421 613 2477 bitur
647 2423 917 2479 Domino?
958 2433 1014 2481 et
1045 2426 1169 2495 quis
1197 2426 1392 2483 similis
1429 2426 1535 2484 erit
1567 2426 1792 2483 Domino
1819 2427 1875 2483 in
1913 2425 2038 2484 tiliis

465 2512 741 2567 hominum
767 2513 893 2571 Ἣ»
931 2514 1119 2572 Viden’
1163 2530 1270 2586 quo
1304 2525 1466 2587 pacto
1522 2525 1710 2587 aperte
1763 2515 2036 2572 neminem

465 2602 641 2671 inquit
659 2604 712 2660 in
734 2605 1037 2675 prophetis,
1057 2621 1193 2674 quos
1217 2594 1448 2679 figurate
1469 2607 1640 2664 nubes
1662 2616 1840 2673 vocat.
1860 2621 2038 2679 neque

463 2693 516 2748 in
554 2694 642 2761 iis,
672 2698 763 2766 qni
806 2712 904 2766 per
945 2699 1177 2768 gratiam
1230 2700 1283 2753 in
1315 2698 1456 2755 filios
1484 2698 1578 2754 Dei
1614 2698 1855 2769 adoptati
1885 2706 2035 2778 sunt,

461 2784 723 2853 :equalem
771 2787 886 2841 sore
922 2787 1057 2842 Filio
1086 2788 1360 2845 naturali?
1385 2790 1662 2857 Quomodo
1700 2778 1862 2859 igitur
1893 2805 2038 2846 cen-

461 2876 664 2931 sendus
689 2886 771 2930 est
801 2867 927 2932 vere
955 2878 1098 2947 loqui
1126 2878 1324 2946 David,
1355 2881 1446 2950 qui
1479 2881 1607 2936 talia
1633 2881 1686 2935 in
1714 2881 1921 2952 Spiritu
1950 2882 2034 2938 di-

463 2966 555 3031 cit,
589 2968 636 3021 εἰ
680 2982 861 3023 sermo
895 2968 1069 3029 Patris
1110 2971 1274 3026 etiam
1322 2973 1390 3027 ad
1435 2972 1611 3042 ipsum
1656 2973 1735 3038 nt.
1781 2973 1925 3030 sicut
1967 2973 2035 3030 ad

462 3066 701 3124 sanctos,
728 3068 781 3115 et
804 3075 910 3115 non
949 3060 1100 3129 novit
1125 3063 1455 3118 voluntatem
1479 3061 1659 3120 Patris
1697 3064 1921 3135 perinde
1949 3075 2034 3122 at-

2148 576 2341 646 ἠγίασε
2374 577 2468 630 καὶ
2496 575 2813 630 ἀπέστειλεν
2847 575 2930 639 είς
2951 573 3044 628 τὸν
3074 572 3283 639 κόσμον
3302 609 3318 636 ,
3359 570 3524 642 ὑμεῖς
3544 569 3734 642 λέγετε

2146 666 2228 719 ὅτι
2256 666 2628 737 Βλασφημεῖς,
2661 666 2745 720 ὅτι
2763 660 2921 724 ,εἶπον
2942 680 2957 696 ·
2986 662 3115 726 Υἱὸς
3136 660 3229 715 τοῦ
3259 658 3396 714 Θεοῦ
3418 661 3598 733 εἰμι.»
3623 663 3729 717 Καὶ

2147 759 2253 831 γὰρ
2286 760 2334 812 εί
2362 759 2459 829 τὴν
2493 758 2631 829 πρὸς
2657 751 2784 823 τοὺς
2815 754 3103 829 προφήτας
3137 748 3285 824 εἶχεν
3320 751 3549 825 ἰσότητα
3574 770 3731 824 ‹puet-

2149 847 2272 920 κὴν,
2314 849 2415 903 οὐκ
2464 848 2529 903 ἂν
2584 848 2662 913 ὡς
2687 848 2775 901 ’ἐκ
2798 847 2893 900 τοῦ
2920 845 3204 907 ἐλάττονος
3246 842 3355 917 τῶν
3380 842 3509 897 καθ’
3544 842 3736 900 ἑαυτὸν

2147 939 2386 992 ἐποιεῖτο
2431 937 2533 1008 τὴν
2587 936 2895 1007 σύγκρισιν,
2933 933 3005 988 τὰ
3048 932 3275 986 ἐκείνων
3315 930 3617 1005 λαμὸάνων
3659 933 3739 999 είς

2149 1028 2587 1100 παραδείγματος
2622 1026 2875 1098 δύναμιν.
2920 1026 3113 1093 Λέγων
3158 1023 3289 1097 γὰρ,
3332 1044 3351 1077 ι
3385 1025 3452 1079 Et
3488 1024 3738 1091 ἐκείνους

2147 1116 2270 1173 εἶπε
2295 1119 2473 1184 θεοὺς,
2497 1117 2634 1190 πρὸς
2658 1116 2753 1181 οὒς
2783 1117 2811 1169 ό
2830 1116 2988 1185 λόγος
3006 1114 3103 1169 τοῦ
3133 1115 3269 1170 Θεοῦ
3308 1116 3554 1185 ἐγένετο,
3583 1135 3605 1172 ι
3635 1133 3735 1174 σα-

2148 1209 2265 1277 φῶς
2292 1206 2674 1262 ἀποδείκνυσιν
2696 1204 2757 1260 ού
2782 1204 2938 1274 λόγον
2961 1202 3293 1274 γεγενῆσθαι
3313 1202 3451 1258 Θεοῦ
3480 1204 3623 1275 πρὸς
3639 1205 3736 1258 αύ-

2145 1301 2258 1367 τὸν,
2284 1299 2474 1371 ῶσπερ
2504 1300 2601 1353 καὶ
2625 1298 2762 1369 πρὸς
2793 1296 3059 1359 ἐκείνους,
3094 1294 3211 1350 ἀλλ’
3228 1295 3422 1368 ὅτιπερ
3456 1294 3625 1359 αὐτὸς
3647 1297 3730 1368 είη

2145 1389 2239 1444 τοῦ
2266 1387 2478 1461 Πατρὸς
2495 1391 2524 1443 ὀ
2546 1389 2704 1458 λόγος
2734 1388 2774 1440 ὁ·
2792 1386 2929 1459 πρὸς
2958 1387 3085 1449 τοὺς
3108 1387 3393 1457 προφήτας
3419 1384 3731 1456 λεγόμενος.

2147 1474 2273 1540 Πῶς
2298 1469 2390 1530 οὖν
2420 1477 2448 1528 ό
2476 1474 2734 1529 τοσοῦτον
2764 1473 2875 1527 τῶν
2919 1473 3218 1544 προφητῶν
3241 1472 3730 1545 ἀπεσχοινισμένος

2147 1564 2243 1618 καὶ
2272 1565 2384 1620 ἀνω
2415 1581 2516 1618 που
2548 1563 2822 1634 κείμενος,
2868 1562 3025 1617 οὐδὲν
3051 1560 3164 1629 ἕξει
3189 1562 3351 1618 πλέον
3377 1562 3565 1631 αὐτῶν
3597 1564 3731 1619 κατὰ

2144 1652 2243 1725 τὴν
2267 1655 2386 1732 σὴν,
2412 1649 2457 1708 ὦ
2491 1654 2804 1726 βλάσφημε,
2830 1653 3038 1724 τόλμαν
3060 1670 3075 1720 ;

2831 1766 3041 1820 ΛΛΛΟ.

2216 1878 2281 1930 Et
2309 1876 2410 1951 ούκ
2429 1874 2570 1932 οἶδεν
2592 1873 2621 1931 ὁ
2649 1877 2778 1942 Υἱὸς
2792 1877 2889 1950 τὴν
2910 1878 3001 1932 τοῦ
3030 1880 3243 1951 Πατρὸς
3273 1880 3557 1955 βούλησιν.
3585 1882 3728 1940 ἐκδέ-

2147 1984 2299 2038 χεται
2327 1967 2405 2033 δέ,
2426 1967 2680 2038 καθάπερ
2695 1969 2745 2021 ol
2769 1969 3127 2040 χριστομάχοι
3152 1970 3459 2041 νομίζουσι,
3483 1974 3580 2028 τὸν
3603 1977 3727 2045 παρ’

2146 2056 2315 2112 αὐτοῦ
2334 2057 2512 2126 λόγον,
2548 2057 2635 2112 ίνα
2664 2057 2727 2129 δή
2750 2075 2883 2111 ποτε
2914 2059 3011 2113 καὶ
3039 2057 3225 2129 μάθοι,
3258 2061 3354 2128 καὶ
3371 2049 3570 2135 ὥσπερ
3599 2064 3728 2135 πρὸς

2142 2165 2265 2203 τινα
2298 2147 2407 2203 τῶν
2442 2148 2740 2221 προφητῶν
2765 2152 2796 2204 ὁ
2824 2150 3014 2221 Πατὴρ
3042 2151 3351 2222 διαλέγεται
3372 2152 3516 2224 πρὸς
3545 2154 3725 2220 αὐτὸν,

2146 2238 2261 2303 ἴσος
2281 2238 2402 2311 ’ἀρα
2431 2239 2736 2314 προφήταις
2764 2239 2902 2294 ἐστί.
2938 2242 3041 2295 Ποῖ
3086 2240 3154 2315 δὴ
3197 2237 3291 2297 οὖν
3324 2242 3437 2313 ἀρα
3487 2245 3727 2317 χωρήσει

2145 2329 2310 2384 πάλιν
2356 2331 2490 2402 ἡμῖν
2533 2332 2563 2386 ὀ
2612 2330 2769 2399 ἀγιος
2794 2330 3099 2404 Ψαλμῳδὸς
3127 2334 3188 2386 ἐν
3218 2333 3504 2406 Πνεύματι
3532 2334 3726 2405 λέγων,

2143 2419 2230 2474 ὅτι
2265 2439 2284 2472 ι
2324 2420 2421 2484 Τίς
2473 2422 2532 2475 ἐν
2564 2421 2814 2492 νεφέλαις
2853 2421 3183 2496 ίσωθήσεται
3223 2425 3303 2496 τῷ
3348 2426 3586 2498 Κυρίῳς
3633 2426 3726 2482 καὶ

2143 2510 2228 2575 τίς
2273 2512 2676 2581 ὁμοιωθήσεται
2713 2511 2792 2584 τῷ
2830 2514 3023 2588 Κυρίῳ
3054 2516 3111 2570 ἐν
3141 2517 3279 2581 υἱοῖς
3309 2515 3453 2572 Θεοῦ
3466 2533 3485 2591 3
3521 2535 3542 2572 ι
3595 2517 3723 2574 Ἰδοὺ

2144 2600 2252 2674 γὰρ
2276 2601 2465 2658 ἐνθάδε
2491 2605 2679 2673 σαφῶς
2709 2605 2901 2660 οὐδένα
2935 2607 3100 2677 φησὶν
3125 2606 3251 2674 οὔτε
3293 2608 3355 2661 ἐν
3391 2609 3714 2681 προφήταις,

2142 2693 2239 2758 οὒς
2268 2693 2362 2747 καὶ
2389 2694 2625 2763 νεφέλας
2649 2694 3056 2769 τροπικώτερον
3090 2698 3240 2767 λέγει
3258 2738 3275 2765 ,
3325 2697 3458 2753 οὔτε
3488 2698 3706 2771 μῆνάς

2141 2785 2222 2848 είς
2256 2784 2476 2854 υίότητα
2507 2784 2643 2838 Θεοῦ
2689 2789 3186 2859 καταταττομένοις
3215 2788 3306 2842 διά
3335 2789 3441 2860 τῆς
3484 2790 3714 2862 χάριτος,

2142 2874 2257 2927 ἴσον
2275 2874 2493 2930 ἔσεσθαι
2523 2877 2601 2948 τῷ
2629 2879 2773 2936 κατὰ
2799 2880 2963 2950 φύσιν
2985 2882 3121 2955 Υίῷ.
3162 2883 3290 2947 Πῶς
3313 2878 3408 2938 οῦν
3435 2883 3722 2956 ἀληθεύσει

2140 2964 2303 3018 Δαὸὶδ
2318 2966 2349 3018 ὀ
2369 2966 2428 3021 ἐν
2443 2965 2721 3038 Πνεύματι
2736 2968 3057 3039 τὰτοιαῦτα
3074 2970 3268 3043 λέγων,
3281 2972 3442 3044 είπερ
3458 2973 3560 3029 καὶ
3572 2971 3722 3044 λόγος

2140 3055 2232 3110 τοῦ
2266 3057 2475 3131 Πατρὸς
2504 3059 2640 3131 πρὸς
2671 3060 2837 3117 αὐτὸν
2866 3063 3109 3133 γίνεται,
3141 3065 3391 3138 καθάπερ
3432 3065 3579 3137 πρὸς
3601 3067 3724 3131 τοὺς

461 3163 569 3218 que
596 3149 691 3210 illi.
711 3158 766 3204 et
791 3167 886 3221 per
909 3153 1152 3208 auditum
1179 3154 1569 3211 revelationem
1600 3155 1746 3210 illius
1763 3156 2032 3227 suscipit?
2055 3171 2109 3239 c
2139 3146 2350 3216 ἁγίους.
2377 3149 2477 3211 καὶ
2504 3150 2606 3204 οὐκ
2631 3144 2742 3206 Οἵδε
2774 3153 2877 3226 τὴν
2905 3156 3001 3209 τοῦ
3024 3155 3239 3226 Πατρδς
3263 3154 3524 3227 βθῦλησω
3553 3152 3724 3211 ¹⁸⁰4·
3773 3180 3802 3299 1

458 3327 683 3382 omnino
709 3338 792 3384 est
813 3328 1206 3401 blasphemum,
1233 3347 1406 3403 neque
1434 3333 1596 3389 aliter
1623 3348 1682 3390 se
1715 3349 1803 3397 res
1830 3335 2031 3415 hahet:

465 3425 614 3472 certe
655 3417 797 3474 Deus
828 3418 1238 3490 incomparabili
1271 3423 1590 3481 excellentia
1624 3426 1907 3496 prophetis
1937 3441 2029 3482 su·

465 3502 645 3572 perior
668 3506 794 3571 erit,
821 3507 1021 3579 quippe
1046 3507 1140 3579 qui
1170 3524 1333 3568 verus
1363 3525 1569 3580 sermo,
1603 3522 1660 3569 et
1693 3513 1944 3576 voluntas
1969 3527 2035 3570 ac

461 3593 727 3661 sapientia
751 3595 980 3678 Ruris..

1130 3795 1364 3852 Amul).

531 3901 591 3959 Si
617 3901 852 3960 Verbum
875 3903 1023 3960 Pan-i
1047 3908 1363 3965 naturaliter
1415 3911 1742 3970 inexsistens
1769 3915 1917 3973 aliud
1944 3926 2034 3975 est

453 3989 527 4046 ab
560 4003 626 4046 eo
652 3992 795 4060 quod
830 4007 1001 4049 sacrae
1043 3994 1339 4065 Scriptura:
1381 4000 1538 4055 nobis
1581 4014 1911 4072 proponunt,
1973 4014 2034 4062 ut

461 4081 534 4136 sit
555 4083 826 4151 quoddam
855 4085 1130 4143 occultum
1157 4097 1213 4144 et
1242 4088 1415 4146 latens
1437 4092 1491 4146 in
1519 4092 1703 4162 Patre,
1758 4096 1904 4154 aliud
1938 4112 2033 4153 ve·

446 4185 523 4227 -ro
574 4174 717 4241 quod
773 4174 1022 4230 enuntiat
1067 4191 1187 4245 quae
1238 4179 1400 4235 Pater
1448 4181 1713 4252 loquitur,
1766 4202 1931 4257 quem
1975 4198 2032 4244 et

457 4259 696 4316 loannes
731 4261 897 4318 Deum
935 4277 1059 4320 esee
1083 4257 1251 4324 dicit:
1289 4273 1558 4333 quomodo
1599 4274 1764 4343 igitur
1799 4278 2029 4346 simplex

461 4358 519 4406 ct
552 4352 960 4421 compositionis
994 4369 1191 4424 expers
1219 4373 1339 4416 csse
1367 4363 1715 4420 censebitur?
1750 4365 2028 4439 Siquidem

470 4442 778 4499 necessario
807 4444 899 4512 qui
950 4443 1155 4515 aliquid
1190 4449 1465 4507 occultum
1499 4463 1554 4507 et
1596 4454 1804 4524 aliquid
1857 4472 2024 4528 appa·

470 4544 593 4586 rens
621 4529 800 4598 habet,
827 4547 934 4588 non
966 4534 1213 4606 simplex.
1251 4539 1346 4594 sed
1380 4539 1559 4609 potius
1580 4545 1915 4614 compositus
1942 4557 2029 4603 cst

461 4628 612 4673 etex
640 4620 852 4678 duobus
892 4635 1170 4706 constans.
1201 4629 1360 4698 Atqui
1403 4631 1542 4692 Deus
1577 4643 1660 4689 est
1694 4646 1889 4691 natura
1927 4653 2028 4694 sua

461 4707 712 4779 simplex,
747 4713 991 4785 nihilque
1034 4717 1087 4772 in
1130 4732 1190 4773 se
1240 4721 1402 4776 habet
1447 4727 1830 4795 compositum.
1878 4729 2030 4787 Unus

462 4797 644 4870 itaque
671 4803 724 4856 in
748 4803 865 4873 ipso
893 4816 975 4862 est
1003 4809 1267 4866 naturalis
1288 4818 1344 4867 ct
1370 4812 1565 4870 insitus
1590 4816 1777 4874 Filius.

1137 5008 1294 5068 auu
1305 5010 1365 5065 D.

533 5111 1092 5182 &quemamodum
1137 5120 1320 5180 hostes
1357 5124 1559 5183 Clu-isti
1611 5129 1772 5200 ιω
1825 5131 2028 5189 audent

458 5204 661 5269 dicere.
690 5203 927 5263 Verbum
960 5209 1105 5277 quod
1162 5211 1217 5267 in
1254 5214 1546 5287 Evangelio
1575 5221 1729 5276 nobis
1757 5221 2023 5290 proedica·

461 5305 571 5362 tnr,
603 5297 874 5352 diversum
916 5305 1002 5354 est
1043 5300 1110 5355 ab
1149 5315 1216 5356 eo
1247 5307 1388 5371 quod
1416 5307 1561 5364 Patri
1604 5320 1796 5368 natura
1827 5311 2027 5368 inexsi-

461 5385 580 5449 stit,
613 5401 786 5454 neque
822 5387 970 5442 novit
1008 5403 1204 5445 arcana
1239 5391 1437 5461 Patris,
1471 5399 1568 5453 sed
1606 5399 1769 5455 discit
1806 5383 2025 5470 qnando

460 5485 585 5524 cum
619 5471 909 5542 alloquitur
948 5494 961 5530 :
1003 5491 1134 5548 ergo
1162 5494 1226 5532 cx
1272 5479 1576 5549 ignorantia
1624 5487 1691 5539 :nl
1743 5489 2023 5544 scientiam

466 5557 791 5616 traducitur.
834 5564 995 5633 Atqui
1040 5580 1144 5634 qno
1185 5579 1342 5637 pacto
1382 5585 1509 5626 vere
1556 5574 1721 5630 dicit:
1757 5596 1776 5629 ι
1820 5577 1930 5649 Ego
1969 5592 2025 5636 et

537 5705 582 5738 ⁸⁸
615 5706 769 5766 Joan.
800 5729 854 5782 x,
885 5713 976 5784 55,
1004 5717 1091 5774 56.
1171 5719 1214 5752 ³⁸
1243 5719 1386 5776 Psal.
1420 5738 1683 5796 uxxvtn,
1714 5729 1764 5785 7.

259 3292 271 3303 ,
345 3267 352 3273 -
462 3239 533 3292 At
566 3239 611 3293 εἰ
650 3239 1027 3311 blasphemum
1057 3250 1143 3299 est
1165 3244 1365 3311 dicere,
1395 3244 1662 3315 Spiritum
1696 3247 1941 3313 mentiri,
1976 3256 2035 3303 ut
2136 3253 2244 3307 περ
2277 3239 2495 3305 ὲκεῗνθῑο
2552 3238 2670 3292 ἀλλ’
2709 3241 2996 3313 ἐκδέκεται
3042 3243 3143 3317 τὴν
3174 3243 3519 3315 ἀποκάλυψιν

2133 3325 2222 3380 διὰ
2250 3328 2350 3399 τῆς
2400 3328 2758 3407 expuens„
2794 3334 2859 3387 Et
2888 3335 2946 3388 δὲ
2992 3334 3279 3406 δύσφημον
3318 3335 3380 3389 τὸ
3426 3334 3724 3406 ψεύδεσθαι
3795 3310 3802 3323 “

2132 3417 2195 3472 τὸ
2224 3417 2450 3490 Πνεῦμα
2497 3420 2677 3492 λέγειν
2699 3461 2717 3488 ,
2751 3422 3033 3503 δύσφημον
3065 3424 3123 3478 δὲ
3159 3425 3380 3486 πάντως
3400 3465 3417 3490 ,
3477 3424 3578 3481 καὶ
3624 3422 3726 3499 οὔχ
3757 3424 3766 3439 “

2135 3506 2340 3580 ἑτέρως
2365 3508 2509 3579 ἔχον,
2534 3509 2783 3581 ὑπερέξει
2812 3508 3108 3581 προφητῶν
3126 3512 3157 3565 ὁ
3193 3510 3398 3581 Κύριος
3436 3511 3726 3585 ἀσυγκρί-
3799 3500 3802 3533 ³

2132 3605 2249 3663 τοις
2272 3598 2592 3672 ὑπεροχαῖς,
2621 3600 2777 3664 αὐτὸς
2800 3599 2878 3655 ὢν
2910 3601 2940 3655 ὁ
2968 3599 3217 3677 ἀληθινὸς
3250 3600 3407 3670 λόγος
3433 3602 3529 3655 καὶ
3556 3604 3594 3672 ἡ
3615 3605 3722 3660 τοῦ

2134 3687 2351 3760 Πατρὸς
2373 3687 2629 3760 βούλησις
2661 3688 2759 3760 καὶ
2784 3688 2968 3758 σοφία.

2817 3802 3023 3856 ΔΛΛΟ.

2204 3916 2266 3968 Εἰ
2287 3915 2473 3986 ἕτερός
2496 3917 2646 3969 ἐστιν
2673 3916 2703 3968 ὀ
2725 3915 3053 3988 ἐνυπάρχων
3080 3913 3159 3985 τῷ
3188 3913 3364 3985 Πατρὶ
3386 3913 3531 3970 κατὰ
3554 3915 3712 3984 φύσιν
3743 3908 3760 3937 ”“

2131 4002 2268 4068 Θεὸς
2300 4005 2473 4073 Λόγος
2500 4003 2656 4075 παρά
2676 4004 2769 4058 τὸν
2794 4006 2855 4059 ἐν
2896 4008 3017 4068 ταῖς
3042 4005 3216 4069 θείαις
3245 4005 3492 4076 ΐραφαίς
3521 4022 3710 4078 σημαι-

2129 4095 2371 4165 νόμενον,
2389 4095 2484 4150 καὶ
2496 4100 2672 4151 κεῖται
2700 4097 2800 4165 μέν
2816 4113 2904 4160 τις
2930 4097 2989 4149 ἐν
3013 4098 3189 4167 lla-:pt
3217 4094 3706 4169 κεκρυμμένοςηιῑ
3741 4112 3748 4119 ·

2130 4189 2452 4254 ἐνδιάθετος·
2478 4189 2666 4262 ἔτερος
2679 4189 2740 4243 δέ
2763 4188 2846 4253 τίς
2864 4189 3013 4242 ἐστιν
3046 4189 3431 4259 ἐξαγγελτικὸς
3451 4188 3560 4244 τῶν
3584 4184 3702 4259 παρ’

2129 4281 2297 4336 αὐτοῦ
2320 4279 2688 4351 λαλουμένων,
2718 4280 2778 4333 ὃν
2807 4280 2903 4334 καὶ
2941 4279 3193 4349 Ἰωάννης
3212 4279 3349 4334 Θεὸν
3369 4279 3544 4348 Λόγον
3575 4275 3700 4335 εΗ

2132 4389 2304 4444 φησι,
2356 4370 2476 4435 πῶς
2514 4371 2596 4424 έτι
2638 4370 2718 4443 τῷ
2756 4370 2875 4441 Θεῷ
2912 4370 3009 4425 καὶ
3051 4371 3226 4442 Πατρὶ
3259 4370 3321 4424 τὸ
3361 4369 3571 4425 άπλοῦν
3615 4366 3698 4425 ul
3769 4406 3776 4411 -

2131 4460 2427 4514 ἀσύνθετον
2456 4445 2789 4530 σωθήσεταις
2827 4457 2999 4528 Είπερ
3046 4457 3359 4526 ἀναγκαίως
3404 4459 3436 4511 ὁ
3466 4474 3700 4530 κεκρυμ·

2138 4551 2298 4620 μένον
2327 4567 2380 4603 τι
2406 4549 2500 4604 καὶ
2529 4547 2773 4619 ἐμφανὲς
2791 4548 2949 4618 ἔχων,
2982 4546 3190 4610 ἁπλοῦς
3216 4547 3320 4601 οὐκ
3351 4547 3419 4602 ἂν
3448 4549 3558 4619 είη,
3585 4545 3700 4603 οὖν·

2132 4637 2285 4701 θετος
2313 4637 2371 4690 δὲ
2425 4637 2627 4707 μᾶλλον
2658 4636 2753 4690 καὶ
2797 4637 2859 4687 ἐκ
2909 4632 3001 4687 δύο
3034 4633 3412 4705 συγκείμενος.
3451 4636 3610 4691 Ἐστι
3648 4633 3698 4697 ἃ

2132 4727 2335 4790 ἁπλοῦς
2365 4726 2505 4780 κατὰ
2538 4727 2698 4795 φύσιν
2725 4728 2753 4778 ό
2784 4724 2917 4790 Θεὸς
2940 4765 2956 4792 ,
3006 4725 3102 4781 καὶ
3132 4724 3284 4778 οὐδὲν
3310 4725 3371 4777 ἐν
3393 4724 3545 4795 αὐτῷ
3581 4721 3698 4778 σύν·

2131 4818 2306 4872 θετον.
2340 4811 2435 4879 Εἷς
2464 4816 2570 4888 ἀρα
2604 4816 2775 4884 Λόγος
2810 4816 2870 4869 ἐν
2898 4814 3047 4886 αὐτῷ
3069 4815 3299 4884 φυσικός
3322 4831 3383 4868 τε
3410 4815 3506 4871 καὶ
3533 4812 3699 4869 ἐνδιά·

2132 4907 2285 4971 θετος
2316 4909 2345 4961 ό
2372 4905 2518 4969 Υἱός.

2816 5019 3023 5076 ΛΛΔΟ.

2204 5127 2550 5200 Εί,καθάπερ
2573 5129 2623 5181 οἱ
2646 5131 3002 5207 χριστομάχοι
3022 5127 3261 5198 τολμῶσι
3285 5129 3492 5198 λέγειν,
3520 5131 3696 5204 έτερος

2131 5221 2207 5275 ὢν
2238 5220 2385 5291 παρὰ
2422 5219 2513 5274 τὸν
2543 5220 2920 5289 ἐνυπάρχοντα
2968 5217 3129 5286 φύσει
3168 5219 3302 5274 Θεὸν
3357 5220 3533 5289 Λόγος
3560 5224 3593 5277 ό
3615 5221 3671 5277 &i

2128 5312 2239 5366 τῶν
2270 5310 2621 5380 Εὑαγγελὶων
2646 5311 2778 5380 ἡμῖν
2809 5309 3232 5380 κηρυττόμενος,
3262 5311 3365 5365 οὐκ
3383 5308 3496 5368 οἶδε
3522 5312 3592 5367 τὰ
3613 5326 3670 5366 ιιι

2131 5401 2420 5472 κρυμμένα
2450 5401 2545 5455 τοῦ
2585 5400 2817 5470 [ἰατρὸς.
2856 5400 3115 5470 μανθάνει
3154 5401 3212 5453 δὲ
3237 5402 3329 5456 ὅτε
3362 5403 3501 5474 πρὸς
3544 5401 3686 5465 miv&

2128 5494 2469 5562 διαλέγεται·
2508 5494 2566 5560 ἐξ
2614 5490 2885 5561 ἀγνωσίας
2923 5492 3029 5563 ἄρα
3074 5492 3153 5554 εἰς
3202 5491 3408 5559 γνῶσιν
3462 5493 3688 5565 ἔρχεται,
3735 5454 3802 5539 ζ

2130 5583 2224 5637 καὶ
2253 5583 2310 5650 ἐξ
2342 5583 2525 5647 ἀνοίας
2552 5585 2629 5646 εἰς
2655 5581 2858 5651 νόησιν.
2890 5581 3001 5633 Καὶ
3039 5582 3152 5645 πῶς
3190 5581 3486 5653 ἀληθεύσει
3504 5582 3688 5651 λέγων·
3747 5568 3782 5595 '⁶
