3809 6125
260 308 365 363 '755

262 514 496 567 rationis
542 514 909 580 vocabulum,
963 516 1381 586 censebiturqne
1423 519 1686 572 duntaxat
1719 531 1842 572 csse

262 605 565 660 substantia
617 608 757 659 nuda
804 607 978 662 adime
1001 619 1056 661 et
1100 609 1242 661 nniia
1293 624 1359 664 ex
1400 621 1555 680 parte
1594 611 1843 665 determi-

264 704 410 750 nata.
471 695 712 766 Utroque
753 698 917 765 igitur
962 701 1222 754 vocabulo
1256 701 1578 771 simpiiciter
1611 712 1666 756 et
1699 701 1842 756 indi-

272 791 472 843 stincte
515 789 760 857 prolatu,
801 807 923 845 cnm
961 793 1159 847 nuliius
1212 795 1288 848 rei
1333 796 1580 850 notitiam
1624 796 1842 851 inducat

266 881 371 935 nisi
405 881 545 950 qnod
583 882 654 935 sit
679 883 980 936 substantia
1017 902 1030 937 τ
1071 900 1316 951 quamam
1344 884 1556 939 deinum
1599 885 1706 940 erit
1742 884 1845 939 dtf-

267 971 498 1025 ferentia
527 971 705 1027 Patris
735 988 856 1027 cum
917 974 1102 1028 Filio?
1151 977 1464 1031 Substantia
1511 977 1656 1031 enim
1711 976 1842 1030 sub-

270 1064 485 1118 stantiae
526 1074 862 1133 comparata,
894 1066 939 1118 si
990 1066 1121 1120 nihii
1159 1067 1386 1120 addatur
1435 1067 1620 1132 alind,
1674 1081 1847 1136 neque

271 1153 466 1223 majus,
501 1165 560 1208 ut
583 1156 758 1219 aiunt,
790 1170 966 1225 neque
993 1156 1172 1210 minus
1208 1158 1452 1224 habebit,
1487 1173 1549 1211 ac
1576 1174 1642 1211 ue
1672 1159 1839 1212 nilum

270 1246 486 1313 quidem
517 1261 625 1314 quo
677 1246 760 1301 vei
799 1248 1078 1302 minimum
1130 1250 1272 1303 inter
1312 1265 1371 1304 se
1419 1250 1844 1319 distinguantur,

272 1336 365 1389 sed
390 1337 661 1391 omimoda
694 1339 1014 1393 substantiae
1055 1355 1176 1394 cum
1210 1340 1514 1395 substantia
1552 1342 1850 1396 similitudo

273 1428 415 1482 haud
445 1428 610 1483 dubie
634 1429 832 1495 aderit,
862 1432 906 1484 si
940 1443 1089 1486 recte
1129 1432 1577 1501 philosophamur
1601 1473 1616 1498 ,
1675 1450 1850 1501 quan·

276 1517 367 1570 diu
395 1516 713 1573 substantiae
737 1520 1110 1591 intelligentur
1126 1524 1384 1576 duntaxat
1407 1534 1567 1593 atque
1584 1524 1854 1579 vocabun-

277 1618 381 1664 tur.
421 1608 760 1665 Erubescant
785 1611 950 1682 igitur
975 1629 1086 1682 prae
1120 1628 1215 1667 sua
1244 1614 1456 1669 inscitia
1491 1617 1580 1681 qui
1609 1617 1671 1669 τὸ
1705 1616 1853 1688 inge·

277 1701 446 1754 nitnm
479 1702 802 1771 simpliciter
834 1711 890 1758 et
933 1705 1246 1760 indistincte
1292 1722 1389 1775 pro
1423 1707 1514 1761 Dei
1546 1708 1852 1762 substantia

1291 312 1348 366 S.
1390 311 1666 366 ewulm!
1707 311 2172 366 ALEXANDRiNi
2207 309 2529 365 Attctttsst‘.

261 431 433 475 caret.
467 419 664 475 Eodem
693 436 906 492 qnoque
941 423 1099 476 modo
1122 424 1367 480 dicemus
1389 426 1457 481 de
1494 425 1631 481 Filio
1679 440 1844 495 gene·
1879 429 1920 486 Α
1960 424 2119 494 μόνον
2148 425 2328 485 οὐσία,
2357 425 2529 492 ψιλῶς
2560 424 2638 474 ἔτι

3429 297 3548 357 73⁶·

2675 421 2768 474 καὶ
2798 418 3098 490 οὐδαμόθεν
3125 415 3531 487 διωρισμένως.

1961 514 2275 582 Ἐκατέροιν
2300 507 2394 564 οὗν
2426 512 2557 580 ἡμῖν
2583 513 2693 563 τοῖν
2721 509 3011 581 όνομὰτοιν
3044 504 3233 567 ἀτελῶς
3267 505 3363 558 καὶ
3390 504 3560 575 ἀδιαχ

1952 602 2158 664 στόλως
2180 599 2687 668 ὲκπεφωνημένοιν,
2724 598 2819 651 καὶ
2839 596 2940 667 τὴν
2970 593 3187 656 οὐδενὸς
3215 592 3534 647 είσποιούν-

1950 709 2059 744 των
2091 692 2319 751 ἔννοιαν,
2348 689 2489 759 πλὴν
2518 688 2602 741 ὅτι
2630 687 2789 758 μόνον
2816 686 2996 748 οὐσία,
3024 684 3110 747 τίς
3137 682 3203 737 ἂν
3231 683 3317 755 εἴη
3350 686 3388 755 ἡ
3418 684 3537 738 δια·

1952 782 2096 853 φορὰ
2124 780 2309 834 λοιπὸν
2352 779 2561 849 Πατρός
2592 777 2727 849 πρὸς
2751 776 2909 842 Υίόνς
2940 775 3111 829 Οὐσία
3156 773 3267 843 γὰρ
3294 775 3375 838 ὠς
3403 776 3540 847 πρὸς

1952 871 2163 938 οὐσίαν,
2196 869 2631 940 ὲπενηνεγμένου
2659 864 3054 939 μηδενὸς,οὐτε
3076 864 3139 918 τὸ
3176 865 3544 936 μεῖζον,καθά

1956 980 2140 1031 φασιν,
2160 961 2283 1016 οὐτε
2301 960 2362 1014 τὸ
2389 959 2632 1026 ἔλαττον,
2647 957 2770 1012 οὐτε
2790 957 2853 1010 τὸ
2886 957 3089 1018 κατατέ
3097 974 3228 1027 μνον
3255 959 3335 1020 είς
3356 957 3541 1027 ἑτερό·

1955 1069 2095 1124 τητα
2121 1050 2221 1121 τὴν
2265 1050 2408 1105 κατά
2434 1066 2487 1103 τι
2516 1046 2649 1118 γοῦν
2690 1049 2825 1112 ὅλως
2866 1048 3308 1119 διακεκτήσεται,
3358 1048 3475 1102 ἀλλ’
3507 1050 3541 1120 ἢ

1961 1144 2196 1198 είσάπαν
2217 1140 2473 1214 ὁμοιότης
2495 1141 2657 1212 οὐσίᾳ
2681 1140 2817 1211 πρὸς
2844 1139 3032 1193 οὐσίαν
3055 1137 3383 1209 ὲνδοιασμοῦ
3404 1157 3541 1203 τινος

1957 1237 2080 1307 δίχα
2128 1234 2358 1307 προσείη
2405 1233 2493 1295 ἂν,
2548 1234 2694 1287 κατὰ
2739 1250 2804 1302 γε
2853 1232 2946 1285 τὸν
2992 1231 3169 1303 ὀρθῶς
3218 1231 3418 1302 ἔχοντα.
3453 1231 3540 1285 λο·

1959 1328 2179 1398 γισμὸν,
2207 1326 2318 1381 ἔστ’
2344 1325 2410 1380 ἂν
2443 1324 2625 1380 οὐσίαι
2652 1325 2883 1380 νοῶνται
2915 1323 3075 1394 μόνον
3102 1324 3201 1377 καὶΙ
3230 1322 3542 1394 ὀνομάζων·

1959 1437 2069 1474 ται.
2092 1418 2303 1474 Οὐκοῦν
2324 1419 2566 1491 ἀτέχνως
2593 1418 2688 1471 καὶ
2714 1416 3044 1488 ἀδιακρίτως
3076 1415 3268 1470 οὐσίαν
3296 1414 3397 1469 τοῦ
3413 1415 3541 1471 Θεοῦ

1961 1512 2022 1565 τὸ
2073 1512 2367 1583 ἀγέννητον
2416 1510 2786 1581 ἐκδεξάμενοι,
2836 1506 3367 1578 κατερνθριάτωσαν
3409 1507 3546 1578 ἅμα·

1964 1602 2238 1667 θαίνοντες
2263 1635 2283 1669 ,
2322 1606 2418 1657 καὶ
2455 1601 2531 1674 μὴ
2563 1601 2917 1671 ἐπιτείχισμα
2958 1601 3022 1670 τῇ
3054 1598 3151 1653 τοῦ
3183 1598 3320 1652 Υἰοῦ
3370 1597 3544 1669 φύσει,

1964 1697 2063 1767 τὴν
2104 1696 2251 1763 λέξιν
2279 1695 2707 1765 ἀναδειμάμενοι
2734 1693 2843 1747 τῶν
2884 1692 2985 1757 τῆς
3016 1690 3286 1762 ἀληθείας
3317 1691 3548 1746 καθυλα·

275 1790 522 1856 capiunt,
554 1806 728 1862 neque
760 1792 882 1847 Filii
920 1804 1168 1848 naturam
1204 1796 1290 1848 iiia
1322 1797 1561 1851 dictione
1589 1812 1686 1852 ceu
1720 1797 1862 1851 vaiio
1895 1785 1936 1839 B
1966 1790 2238 1844 κτῠῦντων
2280 1787 2594 1857 δογμάτων·
2620 1785 2719 1857 τὴν
2752 1784 3050 1855 Οὐδαμόοεν
3090 1786 3230 1855 ἡμῖν
3267 1784 3551 1855 ὁρωμένην

277 1882 507 1951 quodam
541 1893 597 1939 et
625 1885 927 1942 munitione
955 1888 1326 1949 obstruentes,
1359 1890 1602 1944 veritatis
1640 1891 1864 1960 dogma·-

279 1974 350 2028 tis
383 1973 695 2041 oblatrent,
727 1975 1111 2041 differentiam,
1145 1994 1264 2046 quae
1304 1980 1448 2038 uuila
1494 1994 1559 2033 cx
1611 1992 1763 2049 parte
1803 1994 1863 2034 se

280 2064 434 2120 nobis
483 2067 728 2133 exhibet,
773 2070 926 2136 quasi
982 2071 1328 2126 manifestam
1385 2072 1770 2138 obtrudentes,
1819 2074 1860 2128 si

280 2170 456 2225 neque
490 2158 553 2211 τὸ
576 2159 873 2226 ingenitum
906 2161 960 2216 in
997 2160 1106 2218 Deo
1139 2177 1202 2216 ac
1228 2162 1386 2217 Patre
1417 2164 1672 2218 nimirum
1699 2205 1714 2229 ,
1756 2180 1860 2220 non

168 2251 173 2256 “
279 2264 399 2305 esse
427 2249 697 2320 genitum,
733 2265 906 2321 neque
945 2253 1081 2308 adeo
1110 2254 1162 2328 in
1195 2252 1329 2309 Filio
1369 2255 1614 2324 genitum
1643 2270 1763 2311 esse
1789 2257 1864 2311 si·

279 2336 522 2406 gnificat,
557 2336 650 2391 sed
686 2338 848 2393 atnbo
877 2340 1194 2396 substantia}
1244 2350 1392 2407 sunt,
1431 2343 1591 2412 idque
1622 2344 1756 2399 citra
1783 2343 1866 2399 di-

281 2426 653 2481 stinctiouem.
693 2428 858 2483 Panlo
886 2421 1181 2499 cnim‘anit·
1211 2433 1548 2489 ostendimus
1580 2434 1713 2488 nihil
1745 2449 1866 2488 esse

280 2518 422 2585 quod
457 2517 817 2575 substantiam
847 2536 878 2574 a
916 2524 1218 2578 substantia
1264 2536 1552 2591 secernat,
1599 2536 1867 2597 quatenus

280 2608 533 2663 dicuntur
575 2624 639 2663 ac
664 2618 957 2665 censentur
983 2626 1110 2667 esso
1138 2612 1476 2668 substantioe.
1510 2614 1661 2670 Tune
1703 2616 1866 2684 igitur

282 2701 484 2755 claram
514 2701 652 2755 lianc
673 2710 723 2756 et
753 2718 941 2757 sanam
967 2704 1269 2759 doctrinam
1301 2720 1422 2760 esse
1448 2716 1629 2775 putas,
1650 2722 1715 2760 an
1744 2722 1866 2761 eam

281 2792 633 2858 emendabis,
672 2794 1064 2864 melioremque
1099 2796 1277 2850 trades
1299 2796 1328 2849 ἲ

357 2883 417 2938 Β.
460 2884 832 2956 Nequaquam.
877 2886 1044 2943 Recta
1071 2890 1218 2943 enim
1257 2900 1362 2944 est.

354 2977 419 3030 Α.
451 2976 570 3031 Jam
621 2978 666 3032 si
721 2980 789 3032 de
840 2979 1060 3050 ingeniti
1113 2982 1373 3038 vocabulo
1414 2983 1864 3052 significationem

284 3067 377 3121 τοῦ
411 3084 516 3122 non
548 3085 668 3124 esse
715 3072 953 3139 genitum
1006 3075 1352 3140 subtrahant,
1403 3087 1462 3131 et
1506 3079 1864 3133 substantiam

284 3158 446 3230 431
477 3160 796 3229 simpliciter
821 3177 941 3218 esse
992 3175 1240 3236 urgeant,
1297 3182 1419 3237 quae
1467 3169 1683 3223 dentum
1730 3173 1865 3225 ratio

288 3251 520 3303 vetuerit
563 3265 657 3305 eos
704 3252 794 3322 qui
834 3255 1105 3311 voluerint
1143 3272 1175 3311 a
1224 3259 1411 3328 genitu
1458 3262 1863 3330 generationem

288 3339 524 3405 auferre,
567 3353 621 3396 et
658 3344 713 3398 in
759 3347 1084 3402 substantias
1119 3351 1314 3405 ordine
1345 3351 1640 3418 collocare,
1669 3369 1864 3424 quern-

289 3434 578 3488 admodum
643 3436 716 3489 iiii
785 3438 947 3491 etiam
1014 3439 1359 3510 ingenitum?
1424 3443 1541 3500 Jant
1596 3450 1866 3516 quomodo

288 3525 512 3594 posthac
541 3527 933 3597 discernemus,
969 3541 1063 3586 aut
1095 3548 1214 3602 quae
1250 3537 1389 3590 ratio
1433 3537 1593 3592 nobis
1618 3538 1722 3592 erit
1751 3538 1864 3594 dis·

291 3617 569 3686 tinguendi
626 3621 965 3688 personalem
1028 3634 1083 3678 et
1156 3625 1554 3696 hypostaticam
1609 3628 1866 3686 diflereu—

291 3711 420 3765 tiam
463 3710 637 3766 Patris
686 3728 807 3768 cuin
854 3713 989 3769 Filio
1017 3724 1110 3778 aut
1142 3717 1262 3772 Filii
1302 3735 1426 3773 cum
1475 3720 1673 3777 Patre?
1731 3723 1866 3791 Quis

287 3803 432 3856 enim
485 3802 698 3857 demum
740 3805 811 3858 sit
856 3806 1103 3875 genitor,
1137 3818 1192 3863 et
1234 3810 1358 3880 quis
1399 3812 1633 3881 genitus,
1677 3816 1868 3883 utique

289 3909 398 3949 non
443 3895 652 3965 patebit
704 3897 958 3966 amplius.
1013 3897 1201 3968 ltaque
1236 3915 1373 3957 vana
1426 3911 1480 3957 et
1518 3903 1669 3960 irrita
1711 3906 1867 3961 nobis

289 3986 394 4039 erit
432 3987 611 4041 omnis
641 3987 781 4042 ratio
816 3988 962 4044 iidei.
1015 3990 1167 4047 Unde
1216 3994 1360 4048 enim
1405 4002 1461 4049 et
1505 3996 1777 4067 quomodo
1810 3997 1864 4051 in

293 4077 504 4131 Patrem
538 4086 591 4134 et
625 4077 818 4134 Filium
855 4080 993 4136 nitra
1026 4085 1331 4149 credimus,
1367 4097 1426 4142 ut
1472 4088 1522 4140 in
1556 4090 1859 4160 genitorem

290 4174 344 4219 et
375 4167 663 4234 genitum?
695 4169 811 4226 Non
853 4173 996 4226 enini
1038 4174 1235 4229 nudam
1267 4185 1320 4230 et
1348 4187 1660 4246 corruptam
1691 4181 1744 4234 in
1781 4181 1866 4236 itis

290 4254 475 4324 utique
491 4258 838 4314 admittemus
864 4262 1139 4317 nominum
1163 4264 1647 4334 significationem.
1677 4271 1862 4327 Absit.

270 4343 401 4400 ‘inno
435 4359 565 4401 vero
595 4360 904 4404 accuratam
941 4363 996 4407 et
1034 4356 1394 4410 necessariam
1421 4396 1436 4422 ,
1487 4358 1531 4413 si
1576 4359 1735 4414 modo
1773 4376 1866 4417 ve-

290 4436 436 4491 ritati
461 4438 736 4494 credimus
768 4449 823 4495 et
862 4455 893 4494 a
927 4456 1054 4496 vera
1088 4441 1180 4498 Dei
1230 4446 1542 4516 cognitione
1583 4465 1687 4505 non
1717 4456 1866 4508 exei-
1898 4473 1943 4527 ῃ
1972 4443 2167 4498 πολλοῦ
2197 4461 2260 4512 τε
2287 4446 2381 4497 καὶ
2416 4443 2517 4498 δεῖ·
2552 4444 2721 4516 Φαίην
2758 4445 2804 4498 δ’
2850 4446 2915 4500 ἂν
2958 4447 3204 4511 εἰκότως,
3243 4447 3318 4511 ὡς
3341 4438 3493 4515 ἂψόἣ

289 4526 489 4595 dimus,
521 4532 575 4588 in
615 4532 827 4591 Patrem
850 4543 904 4590 et
928 4535 1145 4604 Filium,
1188 4547 1245 4594 et
1288 4539 1548 4611 Spiritum
1615 4555 1866 4602 sanctum
1971 4550 2032 4587 τε
2060 4533 2154 4586 καὶ
2186 4533 2516 4600 ἀναγκαίαν·
2551 4532 2709 4605 εἴπερ
2758 4534 2905 4586 ὲσῖὶν
2936 4536 3071 4605 ἡμῖν
3104 4536 3187 4598 εἰς
3215 4523 3491 4605 &stou-⁴²⁹5

291 4623 572 4693 baptizati.

360 4888 422 4944 B.
469 4889 637 4947 Recte
693 4893 853 4951 dicis.
902 4897 1153 4969 Comperi
1203 4908 1385 4955 autem
1435 4901 1556 4958 ilios
1608 4904 1768 4959 etiam
1808 4905 1860 4960 id

286 4979 522 5050 jactare,
579 4980 790 5039 Patrem
839 4987 1092 5044 nimirum
1145 4992 1349 5047 dictum
1385 5009 1541 5061 esse,
1591 5005 1860 5065 quatenus

286 5079 372 5126 cst
403 5071 608 5142 opifex,
644 5083 698 5128 et
730 5077 894 5131 rebus
919 5094 982 5133 ex
1019 5083 1192 5138 niitiio
1227 5086 1504 5155 productis
1532 5087 1679 5143 velut
1707 5088 1858 5158 prin-

287 5162 486 5232 cipium
518 5173 573 5220 et
612 5166 766 5237 origo
798 5171 1027 5224 exstitit.
1067 5174 1218 5229 Unde
1271 5190 1371 5232 nos
1411 5177 1595 5244 etiam,
1637 5179 1735 5248 ipsi
1776 5179 1859 5233 in-

287 5255 501 5321 quiunt,
532 5256 603 5310 ita
640 5273 951 5328 nuncupare
990 5260 1157 5320 Deum
1205 5267 1384 5322 edocti
1433 5283 1645 5332 sumus,
1694 5277 1749 5323 et
1792 5269 1845 5323 in

288 5347 540 5413 precibus
587 5352 911 5421 compeilare
954 5371 967 5406 :
1014 5369 1035 5405 ι
1087 5354 1247 5413 Pater
1289 5371 1513 5428 noster,
1558 5363 1651 5432 qui
1701 5375 1762 5417 es
1804 5361 1856 5416 in

290 5436 532 5493 coeiis⁷¹.
571 5459 590 5491 ι

363 5527 407 5581 Α
486 5528 615 5595 Ast,
666 5548 699 5588 o
739 5534 862 5591 boui
891 5537 990 5606 (sic
1026 5538 1173 5594 enim
1223 5557 1317 5598 cos
1369 5544 1856 5618 comminuimus),

368 5707 416 5739 '¹
444 5705 631 5761 Matth.
664 5723 738 5769 vt,
777 5710 831 5768 9.

1963 1880 2262 1954 διαφορὰν,
2294 1880 2371 1944 ὡς
2421 1878 2638 1951 ἐμφανῆ
2685 1877 3099 1949 παραφέροντες
3120 1916 3136 1940 ,
3198 1876 3249 1929 εί
3312 1877 3451 1948 μήτε
3495 1877 3551 1930 τὸ

1964 1976 2260 2046 ἀγέννητον
2289 1972 2383 2026 ἐπὶ
2415 1972 2508 2025 τοῦ
2540 1970 2678 2025 Θεοῦ
2708 1969 2805 2025 καὶ
2828 1968 3060 2039 Πατρός,
3090 1968 3158 2022 τὸ
3188 1969 3265 2041 μὴ
3293 1969 3552 2040 γεννηθῆ-

1966 2086 2049 2122 ναι
2082 2066 2270 2137 τυχὸν,
2294 2067 2433 2137 μήτε
2470 2065 2577 2135 μὴν
2602 2062 2830 2133 θάτερον
2865 2061 2950 2130 ἐφ’
2977 2058 3111 2114 Υίοῦ
3138 2060 3203 2115 τὸ
3230 2061 3548 2134 γεννηθῆναι

1966 2160 2138 2231 δηλοῖ,
2177 2157 2358 2211 οὐσίαι
2386 2156 2446 2210 δὲ
2472 2156 2662 2227 ἄμφω,
2694 2154 2788 2207 καὶ
2821 2152 2979 2206 τοῦτο
3008 2152 3369 2218 ἀδιαστόλως.
3409 2154 3549 2224 Παρ-

1968 2248 2136 2315 έδειξε
2163 2248 2276 2322 γὰρ
2308 2248 2514 2320 ἀρτίως
2552 2248 2684 2318 ἡμῖν
2720 2246 2749 2298 ὁ
2786 2244 2964 2313 λόγος,
2994 2243 3070 2307 ὡς
3104 2243 3379 2317 διῖστησιν
3401 2246 3548 2299 οὐδὲν

1967 2344 2156 2398 οὐσίαν
2187 2341 2399 2405 οὐσίας,
2431 2342 2510 2403 εἷς
2542 2356 2606 2408 γε
2630 2339 2689 2393 τὸ
2716 2337 2969 2409 έτεροίως
3001 2336 3174 2407 ἔχειν,
3210 2338 3353 2393 καθό
3376 2340 3548 2409 φαμέν

1968 2451 2028 2486 τε
2054 2430 2194 2487 εἶναι
2239 2432 2336 2487 καὶ
2363 2431 2594 2501 νοοῦμεν
2623 2429 2830 2492 οὐσίας.
2864 2427 2981 2480 otei
3020 2427 3086 2497 δὴ
3120 2423 3217 2482 οῦν
3243 2429 3374 2501 ἄρα,
3407 2429 3537 2499 σαφῆ

1967 2544 2026 2579 τε
2057 2523 2199 2579 εἶναι
2225 2526 2322 2579 καὶ
2350 2526 2481 2592 ὐγιᾶ
2502 2524 2598 2577 τὸν
2622 2522 2803 2591 λόγον,
2837 2521 2871 2592 ἢ
2909 2520 3274 2597 ὲπανορθὼσῃ
3300 2523 3386 2579 καὶ
3402 2521 3536 2594 μεθ..

1969 2618 2233 2688 αρμόσεις
2258 2615 2353 2669 ἐπὶ
2378 2616 2441 2669 τὸ
2467 2615 2691 2687 ἄμεινον
2714 2633 2728 2681 ;

2043 2887 2102 2941 Β.
2144 2887 2428 2956 Οὐδαμῶς.
2470 2888 2625 2957 Ἔχει
2647 2886 2755 2956 γὰρ
2792 2886 2989 2959 ὀρθῶς.

2046 2982 2105 3033 Α.
2150 2980 2212 3033 Et
2242 2977 2300 3034 δὲ
2319 2979 2384 3049 δὴ
2413 2979 2507 3032 καὶ
2536 2978 2861 3048 ἐκκλέψειαν
2891 2980 3048 3032 αὐτοὶ
3078 2979 3183 3050 τῆς
3207 2975 3307 3034 τοῦ
3331 2977 3542 3047 ἀγεννῆ·

1971 3089 2064 3127 του
2106 3070 2292 3140 φωνῆς
2314 3069 2410 3123 τοῦ
2450 3070 2524 3141 μὴ
2573 3069 2895 3142 γεννηθῆναι
2920 3071 3021 3142 τὴν
3055 3071 3317 3143 δήλωσιν,
3346 3070 3437 3125 καὶ
3463 3068 3546 3122 οὐ·

1924 3166 1941 3186 ’
1974 3163 2097 3216 σίαν
2130 3161 2318 3225 ἁπλῶς
2360 3162 2628 3234 ὑπάρχειν
2679 3164 3032 3235 ἐνστήσονται
3057 3203 3074 3228 ,
3112 3165 3270 3228 ποῖος
3315 3161 3382 3218 ἂν
3425 3161 3548 3232 ἡμῖν

1968 3255 2382 3327 έκδυσωπήσειι
2409 3253 2699 3326 λογισμὸς,
2734 3256 2859 3318 τούς
2894 3254 3185 3319 ἐθέλοντας
3215 3254 3437 3325 ἀφελεῖν
3462 3248 3546 3307 τοῦ

1967 3347 2228 3419 γεννητοῦ
2257 3348 2358 3418 τὴν
2387 3346 2664 3421 γέννησιν,
2712 3346 2805 3402 καὶ
2846 3348 2925 3410 είς
2970 3346 3160 3410 οὐσίας
3207 3347 3344 3402 αὐτὸ
3388 3360 3542 3401 κατι,

1966 3443 2202 3513 γράφειν
2257 3439 2515 3510 δύναμιν,
2570 3440 2823 3511 καθάπερ
2886 3440 3083 3512 ἀμέλει
3128 3441 3242 3497 καῖ
3287 3436 3544 3499 αὐτοὶ-τὶ

1967 3533 2295 3602 ἀγέννητος;
2325 3527 2456 3584 Εἶτα
2500 3531 2618 3594 πῶς
2658 3532 2739 3584 ἔτι
2783 3530 3221 3602 διαγνωσόμεθα,
3272 3530 3370 3587 καὶ
3407 3531 3542 3592 ποῖος

1967 3626 2098 3697 ἡμῖν
2125 3625 2389 3693 ἀπο-τεμεῖ
2437 3623 2595 3689 λόγος
2645 3621 2743 3692 τὴν
2797 3624 2854 3674 ἐν
2902 3621 3184 3693 προσώπῳ
3213 3639 3273 3674 τε
3304 3621 3400 3676 καὶ
3426 3621 3537 3673 ὐπο-

1969 3717 2157 3770 στάσει
2202 3714 2467 3785 διαφορὰν
2513 3713 2606 3767 τοῦ
2642 3714 2854 3783 Πατρός
2885 3714 3021 3784 πρὸς
3072 3716 3222 3778 Υἰὸν,
3260 3715 3425 3785 ἤγουν
3451 3710 3531 3766 τοῦ

1969 3806 2100 3861 rto&
2133 3806 2269 3878 προς
2300 3807 2544 3875 Πατέρα;
2577 3805 2671 3870 Τίς
2698 3806 2806 3875 γὰρ
2830 3807 2857 3858 ὁ
2891 3810 3162 3872 γεννήσας
3197 3807 3298 3869 ἔτι,
3347 3808 3438 3861 καὶ
3459 3804 3530 3865 τίς
3615 3814 3620 3835 ⁴

1965 3900 1995 3952 ό
2047 3897 2466 3969 γεγεννημένος,
2512 3897 2832 3966 ἀσυμφανὲς
2878 3897 2979 3967 ἤδη
3023 3915 3161 3962 πως.
3211 3897 3436 3970 epo-3605
3470 3896 3522 3965 δὴ
3611 3898 3620 4005 ¹

1964 3984 2059 4043 οὖν
2102 3990 2132 4041 ό
2175 3988 2396 4058 σύμπας
2444 3990 2574 4058 ἡμῖν
2620 3989 2724 4058 τῆς
2773 3989 3006 4051 πίστεως
3061 3989 3321 4060 διοίχεται
3368 3990 3516 4056 λόγος.
3617 4020 3620 4025 -

1966 4079 2140 4134 Πόθεν
2172 4078 2281 4150 γὰρ
2320 4078 2401 4132 ἔτι
2448 4081 2544 4133 καὶ
2576 4080 2693 4144 πῶς
2730 4081 2811 4143 εἷς
2852 4097 2911 4133 τε
2955 4079 3046 4132 τὸν
3080 4083 3301 4154 Πατέρα
3335 4081 3424 4135 καὶ
3447 4078 3512 4132 τὶν
3615 4070 3620 4085 ’

1967 4172 2096 4225 Υίὸν
2143 4171 2492 4242 πιστεύομεν,
2538 4171 2614 4234 ὡς
2645 4173 2946 4243 γεννήτορα
2994 4174 3091 4226 καὶ
3121 4172 3506 4244 γεγεννημένους

1965 4264 2041 4316 Οὐ
2067 4262 2177 4334 γὰρ
2200 4262 2362 4335 ψιλὴν
2394 4262 2489 4316 καὶ
2526 4263 2992 4335 παρεφθαρμένην
3033 4263 3091 4318 έν
3122 4281 3187 4333 γε
3216 4264 3281 4337 δὴ
3315 4263 3504 4336 μάλιστα

1963 4354 2204 4407 τουτοισὶ
2231 4353 2330 4425 τὴν
2362 4352 2471 4406 τῶν
2497 4353 2774 4423 ὀνομάτων
2805 4370 2871 4424 ση
2881 4354 3086 4424 μασίαν
3110 4350 3498 4428 παραδεξόμεῧῦι

1971 4625 2175 4689 πίστις,
2199 4625 2295 4678 καὶ
2316 4625 2646 4693 θεογνωσίας
2670 4625 2769 4696 τῆς
2791 4626 2963 4690 ὅντως
2984 4627 3046 4679 οὐ
3070 4626 3486 4699 διημαρτήκαμῆ

1968 4715 2049 4777 είς
2106 4712 2329 4784 Πατέρα
2377 4713 2471 4766 καὶ
2531 4713 2659 4767 Tib-2
2685 4757 2697 4780 ,
2750 4715 2842 4768 καὶ
2895 4716 3050 4783 ἅγιον
3110 4715 3331 4788 Πνεῦμα
3373 4707 3488 4783 βεόῦ·

1967 4806 2273 4877 πτισμένοι.

2038 4897 2101 4953 Β.
2140 4893 2212 4951 Εὖ
2261 4897 2472 4966 λέγεις’
2521 4898 2802 4969 ἐπυθόμην
2849 4900 2907 4952 δὲ
2954 4901 3037 4954 ὅτι
3086 4900 3306 4956 κάκεῖνό
3352 4907 3484 4967 φαθῑνν

1967 4990 2051 5044 ὅτι
2081 4989 2340 5059 κέκληται
2375 4989 2583 5060 Πατὴρ,
2615 4989 2690 5052 ὡς
2711 4990 3068 5062 δημιουργὸς,
3096 4994 3191 5046 καὶ
3216 4994 3323 5055 τοῖς
3351 4987 3403 5054 ἐξ
3417 4982 3484 5038 ⁰¹3²

1966 5083 2135 5137 ὅντων
2164 5083 2243 5146 είς
2271 5082 2331 5134 τὸ
2376 5076 2515 5134 εἶναι
2564 5084 3059 5153 παρενηνεγμένοις
3091 5084 3255 5138 οἱονεί
3284 5099 3360 5144 τις
3383 5070 3481 5147 ἅρκῇ

1967 5177 2062 5230 καὶ
2087 5177 2300 5245 γένεσις
2328 5172 2603 5244 πεφηνὼς.
2646 5174 2753 5228 Καὶ
2782 5175 2913 5243 γοῦν
2946 5176 3042 5229 καὶ
3070 5179 3231 5247 ἡμεῖς
3259 5172 3397 5230 αὐτοὶ
3422 5165 3481 5219 δῑ·

1965 5269 2286 5339 διδάγμεθα,
2335 5267 2490 5338 φησι,
2533 5266 2924 5338 κατονομάζειν
2951 5266 3095 5321 οὓτω
3124 5268 3215 5322 τὸν
3254 5265 3392 5324 Θεὸν,
3422 5253 3481 5308 ιῠῑ

1970 5362 2256 5435 ἀγορεύειν
2286 5363 2343 5413 ὲν
2370 5363 2728 5430 προσευχαῖς·
2764 5380 2782 5411 ι
2818 5362 2999 5433 Πάτερ
3030 5359 3208 5432 ημῶν,
3255 5361 3285 5414 ό
3324 5357 3376 5409 ὲν
3407 5347 3479 5404 wi:

1966 5455 2230 5526 οὐρανοῖς.
2266 5471 2283 5502 ι

2038 5544 2101 5598 Α.
2144 5538 2301 5608 Εἶτα,
2332 5534 2378 5595 ὧ
2413 5540 2696 5611 βέλτιστοι,
2732 5544 2933 5612 φαῖμεν
2963 5543 3030 5597 ἂν
3064 5540 3201 5613 πρὸς
3241 5536 3385 5594 τοῦτο
3414 5522 3481 5582 αὖ·
