3809 6125
260 274 373 335 903

1236 258 1295 313 S.
1330 254 1607 315 eitiunt
1646 252 2128 309 ALExANttht
2166 250 2483 311 Anctttsst‘.

265 395 480 453 benten,
517 392 575 441 et
593 383 712 441 sine
746 381 864 449 Deo,
908 380 964 435 in
1007 379 1209 435 mundo
1230 380 1298 433 ⁸⁰.
1338 397 1359 432 ι
1398 362 1679 448 intelligis
1705 389 1837 445 ergo
1865 384 1912 441 Α
1937 377 2017 449 τῷ
2043 378 2251 449 κόσμῳ.
2281 394 2302 429 ι
2336 375 2529 445 Συνιης
2557 366 2672 436 οὖν,
2706 370 2788 423 ὅτι
2829 366 2954 436 δίχα
2979 362 3077 434 μὲν
3102 360 3240 415 ὄντα
3270 357 3524 429 Χριστοῦ,

268 490 457 554 gentes
483 485 606 533 c'um
625 481 810 531 essent
831 473 951 527 sine
972 471 1210 537 Christo,
1234 487 1263 526 a
1293 471 1404 527 Deo
1423 468 1722 526 secundum
1747 480 1846 520 na-

269 581 447 627 turam
486 565 706 623 dissitas
748 562 914 619 luisse
949 570 1005 617 et
1036 576 1068 616 a
1099 561 1331 617 veritate
1358 559 1657 626 alienatas;
1691 564 1850 612 erant

271 661 417 717 enim
445 658 565 714 sine
589 655 700 711 Deo
734 655 788 709 in
811 652 1013 708 mundo
1045 669 1059 708 ι
1089 653 1184 708 sed
1206 666 1329 707 cum
1346 651 1542 706 Filium
1575 663 1674 718 per
1689 646 1848 702 tidem

273 750 640 820 agnovissent,
664 754 719 802 et
751 745 890 802 intra
923 758 1073 816 spem
1129 746 1327 801 bonam
1386 756 1508 797 esse
1544 741 1674 795 visae
1701 747 1848 805 sunt,

272 849 343 913 et,
370 838 665 910 impietatis
711 838 947 893 dedecus
977 836 1233 908 sugerunt
1260 849 1325 890 ac
1355 834 1746 889 absterserunt.

345 1034 409 1089 B.
442 1034 612 1090 Recte
633 1033 792 1089 dicis.

347 1130 415 1182 A.
449 1126 592 1181 Dens
629 1126 792 1196 igitur
821 1138 983 1180 verus
1005 1132 1088 1181 est
1126 1123 1319 1180 Filius.
1338 1122 1518 1179 Manet
1550 1124 1693 1181 enim
1751 1121 1859 1177 hoc

275 1222 438 1276 modo
468 1219 679 1273 sincera
707 1224 763 1271 et
785 1216 1073 1272 calumniae
1096 1229 1298 1286 expers
1360 1217 1528 1273 etiam
1559 1215 1650 1270 itia
1682 1210 1857 1271 nostri

276 1310 558 1367 renovatio
605 1322 702 1379 per
715 1313 964 1365 sanctum
997 1308 1292 1379 baptisma.

348 1484 415 1540 Β.
473 1484 730 1551 Quoenam
780 1495 911 1538 vero
977 1480 1069 1536 illa
1148 1480 1275 1537 est!
1345 1479 1458 1537 Non
1517 1479 1663 1536 enim
1727 1478 1861 1535 satis

276 1591 461 1646 capio.

351 1668 418 1722 A.
452 1665 746 1735 Numquid,
782 1678 816 1719 o
845 1663 1070 1719 charum
1112 1670 1294 1733 caput,
1331 1658 1679 1732 generatione
1708 1657 1863 1729 spiri-

1946 467 2084 523 Θεοῦ
2138 466 2234 521 τοῦ
2276 464 2418 519 κατὰ
2452 464 2613 533 φύσιν
2663 460 2936 531 διεστήκει
2980 451 3049 508 τά
3104 450 3264 523 ἔθνη,
3306 450 3408 503 καὶ
3438 448 3527 519 τῆς

1948 559 2205 632 ἀληθείας
2230 553 2639 623 άπενοσφίζετο·
2674 549 2767 604 καὶ
2798 547 2906 619 γάρ
2930 540 3001 616 ἦν
3032 540 3200 598 &fleta
3232 538 3353 613 [lo'.
3379 538 3530 612 ἄθεα,

1949 650 2093 705 κατὰ
2143 649 2235 703 τὸν
2299 646 2505 716 κόσμον
2524 659 2538 675 ·
2608 640 2795 710 ἐπειδὴ
2846 637 2904 690 δὲ
2972 633 3065 689 τὸν
3124 632 3261 687 Υίδν
3326 629 3533 697 ἐπέγνω

1948 739 2039 796 διὰ
2078 739 2179 810 τῆς
2238 739 2471 799 πίστεως
2503 772 2519 798 ,
2563 730 2778 793 ἐλπίδος
2818 743 2879 781 τε
2921 725 3056 780 εἴσω
3098 724 3353 795 πέφηνεν
3406 722 3533 793 ἁγα-

1953 831 2072 903 θῆς,
2116 830 2213 885 καὶ
2250 831 2351 899 τῆς
2390 825 2577 889 ἁθεῒας
2606 817 2795 892 αἶσχος
2839 816 3022 889 διέδρα
3063 832 3126 871 τε
3165 815 3269 869 καὶ
3306 812 3534 870 ἀπελού-

1956 940 2105 978 σατο.

2028 1014 2087 1068 Β.
2121 1007 2201 1068 Εὖ
2210 1012 2411 1082 λέγεις.

2028 1106 2093 1159 A.
2119 1104 2255 1169 Θεὸς
2278 1100 2373 1159 οὗν
2391 1102 2502 1175 ἄρα
2530 1101 2625 1157 καὶ
2658 1097 2872 1170 άληθῶς
2895 1095 2925 1148 ὁ
2949 1094 3097 1158 Υίός·
3132 1092 3292 1165 μένει
3321 1090 3434 1165 γάρ
3455 1088 3537 1145 οὗ·

1955 1213 2066 1260 τως
2093 1193 2540 1265 ἁσυκοφάντητόν
2581 1207 2644 1244 τε
2671 1189 2764 1243 καὶ
2791 1183 3196 1256 άκιδδήλευτον,
3247 1180 3355 1235 καὶ
3387 1178 3451 1233 τὸ
3485 1178 3538 1232 ἐν

1959 1289 2093 1360 ἡμῖν
2117 1288 2306 1353 αὐτοῖς
2343 1280 2840 1355 κεκαινουργῆσθαι
2869 1274 3311 1360 πεπιστευμένον
3340 1271 3535 1329 διὰτοῦ

1963 1381 2117 1449 άγίου
2145 1377 2541 1451 βαπτίσματος.

2033 1476 2096 1528 Β.
2123 1474 2233 1530 Καὶ
2265 1472 2318 1529 τί
2336 1472 2401 1542 δὴ
2421 1471 2581 1526 τοῦτό
2604 1472 2719 1525 ἔστι
2743 1489 2760 1539 ;
2782 1470 3015 1542 Συνίημι
3041 1465 3155 1539 γὰρ
3174 1463 3240 1519 οὗ
3266 1464 3328 1519 τί
3352 1480 3477 1519 που.

2033 1572 2099 1621 Α.
2123 1566 2201 1621 Οὐ
2234 1563 2368 1638 γὰρ,
2391 1557 2438 1617 ὦ
2461 1562 2707 1633 φιλότης,
2747 1560 3003 1631 γέννησιν
3022 1555 3422 1629 γεγεννήμεθα
3453 1553 3540 1628 τὴν

1966 1656 2363 1728 πνευματικὴν,
2404 1655 2544 1725 πρὸς
2574 1653 2704 1708 rte-1
2740 1650 3227 1724 διαμορφούμενοι,
3270 1648 3373 1704 καὶ
3418 1648 3542 1703 ἀνα·

283 1757 374 1812 tali
445 1754 611 1826 geniti
671 1769 860 1810 sumus
890 1755 958 1807 ad
986 1752 1183 1807 Filium
1212 1752 1282 1816 ⁸²,
1303 1750 1620 1822 configurati
1644 1759 1699 1806 et
1728 1764 1860 1805 con-
1892 1747 1938 1802 B
1966 1747 2325 1817 πλαττόμενοι
2348 1746 2439 1802 διὰ
2471 1744 2565 1799 τοῦ
2604 1743 2930 1815 Πνεῦματος
2955 1741 3093 1814 πρὸς
3112 1739 3182 1794 τὸ
3216 1738 3368 1795 θεῖον
3386 1738 3543 1794 αὐτοῦ

281 1848 501 1905 formati
536 1860 633 1916 per
655 1845 917 1915 Spiritum
937 1844 1004 1899 ad
1027 1843 1262 1899 divinam
1285 1841 1402 1913 ejus
1440 1851 1497 1896 et
1542 1854 1864 1909 supramun-

281 1940 477 1993 dariam
498 1933 956 2008 pulchritudinem
984 1934 1082 1999 Ψ,
1106 1942 1161 1989 et
1185 1941 1394 1987 naturae
1422 1930 1616 1985 divinae
1640 1930 1865 2000 partici-

283 2042 380 2098 pes
444 2025 717 2082 reddimur
755 2025 822 2091 ⁸⁸,
867 2022 992 2079 Filii
1062 2020 1530 2092 participationem
1583 2017 1752 2086 nacti,
1779 2025 1865 2092 ‚nt

283 2116 422 2174 Dei!

352 2207 416 2263 B.
448 2204 700 2262 Omnino.

352 2297 421 2351 A.
446 2295 724 2364 Quomodo
751 2294 917 2365 igitur
941 2294 1081 2350 ultra
1108 2294 1282 2350 sactus
1307 2293 1442 2350 erit?
1464 2292 1685 2359 Deinde,
1706 2306 1864 2348 num·

283 2386 415 2454 quid
447 2383 760 2456 mysterium
805 2383 935 2439 illud
987 2385 1128 2455 quod
1155 2384 1228 2438 sit
1259 2384 1313 2439 in
1345 2382 1504 2438 nobis
1533 2381 1683 2437 fraus
1733 2380 1860 2449 erit,

284 2482 340 2529 et
363 2487 488 2546 spes
514 2473 710 2538 inanis,
733 2472 1061 2542 nudamque,
1095 2479 1155 2526 ut
1186 2470 1418 2537 videtur,
1431 2469 1692 2525 vocabulo
1706 2476 1865 2525 tenus

284 2565 594 2637 opinionem
627 2565 856 2631 habens,
887 2575 942 2620 et
968 2565 1267 2634 impostura
1295 2562 1541 2633 prolecto
1566 2570 1732 2630 atque
1763 2574 1862 2629 ap-

286 2656 550 2727 parentia,
590 2654 855 2725 siqnidem
880 2669 985 2710 non
1015 2654 1172 2709 estid
1205 2652 1348 2724 quod
1383 2665 1506 2708 esse
1541 2651 1697 2706 nohis
1739 2663 1865 2719 per-

285 2745 598 2804 suasimus?
626 2745 834 2800 Divinae
865 2744 1064 2800 etenim
1105 2752 1312 2799 naturae
1360 2741 1522 2813 530
1573 2739 1860 2812 participes

290 2838 559 2908 quomodo
590 2848 682 2891 aut
708 2836 851 2891 unde
877 2849 978 2891 nos
1002 2849 1211 2899 snmnS,
1237 2844 1331 2889 aut
1384 2833 1565 2903 qualis
1601 2833 1655 2886 in
1703 2830 1864 2887 nobis

291 2926 384 2982 Dei
411 2929 699 2982 character
728 2925 1080 2996 imprimitur,
1101 2924 1226 2980 licet
1264 2923 1332 2979 ad
1380 2921 1579 2977 Filium
1623 2921 1865 2991 contigu-

289 3018 390 3074 rati
416 3019 605 3084 simus,
638 3017 903 3086 siqnidem
929 3027 1012 3074 cst
1041 3031 1147 3072 non
1176 3014 1340 3081 Deus,
1377 3028 1485 3085 qua
1511 3012 1730 3069 lactus?
1759 3011 1862 3067 Se·

288 3111 476 3179 quitur
490 3123 651 3179 porro
671 3109 1036 3179 cogitandum,
1069 3108 1241 3176 ipsum
1271 3118 1486 3175 quoque
1525 3118 1630 3160 non
1654 3102 1863 3157 increa-
1887 3093 1932 3153 C

289 3212 402 3254 tum
416 3214 535 3255 esse
553 3198 790 3254 Patrem.
811 3197 1104 3268 imaginem
1127 3196 1326 3268 quippe
1348 3193 1679 3262 exemplaris
1698 3192 1864 3248 refert

289 3283 591 3345 character.
612 3291 718 3344 Ant
749 3283 1619 3358 responde‚quoeso:Nonne,cum
1645 3298 1864 3355 perpen-

288 3381 433 3436 deris
461 3381 589 3452 qnid
632 3381 705 3436 sit
731 3388 921 3434 natura
952 3379 1156 3443 divina,
1193 3392 1309 3433 rem
1345 3392 1450 3433 non
1482 3375 1862 3431 conferendam

288 3487 508 3542 prorsus
533 3486 632 3527 nec
650 3470 1064 3541 comparandam
1101 3483 1223 3525 esse
1270 3478 1531 3524 creaturae
1586 3468 1760 3535 dices,
1805 3475 1863 3524 et

289 3560 421 3615 nulli
446 3561 521 3616 rei
553 3559 709 3615 sactae
736 3560 1025 3630 peromnia
1054 3558 1330 3614 similem?

360 3653 421 3708 B.
457 3653 536 3708 lta
559 3667 801 3723 prorsus.
843 3650 936 3707 Dei
965 3650 1108 3706 enim
1135 3659 1325 3707 natura
1355 3650 1625 3720 quomodo
1677 3663 1783 3705 non
1812 3648 1865 3704 id

289 3760 450 3800 omne
483 3745 626 3814 quod
653 3742 854 3798 sactum
884 3751 969 3797 cst
994 3742 1273 3811 superabit
1298 3741 1322 3794 :²

360 3839 425 3892 A.
455 3835 643 3906 ltaque
667 3850 828 3890 nemo
857 3834 948 3904 qui
978 3834 1144 3906 paulo
1185 3833 1368 3889 sanior
1408 3833 1481 3888 sit
1513 3833 1863 3904 archetypum

292 3929 371 3984 rei
403 3929 560 3984 l'actae
581 3927 878 3983 increatam
897 3936 954 3982 et
977 3923 1229 3981 inlectam
1264 3934 1508 3980 naturam
1537 3939 1658 3981 esse
1687 3926 1863 3981 dicet:

293 4034 466 4089 neque
498 4018 645 4074 enim
679 4019 732 4073 in
763 4032 828 4074 eo
860 4017 1007 4087 quod
1039 4030 1251 4085 semper
1273 4024 1329 4070 et
1369 4014 1557 4069 eodem
1587 4014 1745 4069 modo
1781 4021 1868 4069 est

290 4124 358 4164 ac
384 4123 445 4165 se
481 4110 664 4178 habet,
687 4118 946 4166 naturam
977 4115 1164 4163 cernet
1200 4120 1322 4176 quae
1349 4106 1478 4161 oiim
1507 4119 1612 4160 non
1643 4116 1762 4159 erat
1799 4117 1866 4160 ac

291 4201 434 4257 facta
464 4210 568 4256 est.

360 4291 425 4347 B.
450 4289 526 4345 lta
568 4300 776 4348 resest.

362 4383 429 4438 A.
474 4379 668 4437 Verum
694 4389 875 4435 autem
905 4379 1033 4436 illud
1059 4379 1221 4435 etiam
1245 4392 1367 4435 esse
1391 4379 1627 4434 arbitror
1662 4390 1714 4435 et
1751 4379 1869 4436 vice

293 4491 477 4533 versa.
506 4474 623 4531 Non
671 4474 896 4530 enimin
922 4489 987 4531 eo
1022 4474 1164 4544 quod
1203 4488 1308 4529 non
1340 4482 1459 4528 crat
1486 4471 1614 4528 olim
1644 4472 1696 4528 id
1719 4474 1863 4545 quod

291 4583 504 4641 semper
555 4577 608 4623 et
631 4568 772 4624 idem
801 4579 886 4624 est
909 4567 1367 4639 conspexerimus.

361 4660 425 4717 Β.
455 4660 653 4717 Verum
681 4672 786 4716 est.

360 4756 426 4809 A.
456 4754 596 4821 Quid
614 4754 778 4824 igitur
805 4754 1161 4810 admiratione
1184 4754 1403 4823 dignum
1425 4754 1583 4808 estin
1611 4754 1769 4809 nobis
1795 4768 1862 4810 ex

293 4860 359 4900 eo
380 4847 523 4913 quod
550 4844 871 4900 conformati
887 4860 1075 4903 snmus
1101 4846 1168 4901 ad
1212 4845 1446 4900 Filium?
1478 4845 1705 4901 Ubinam
1735 4861 1864 4901 vero

292 4934 476 4990 divina
506 4934 856 5003 pulchritudo
875 4935 1211 4991 credentium
1241 4935 1498 4991 cordibus
1535 4935 1741 4990 infulsit
1779 4949 1864 4990 ve-

294 5025 372 5080 lut
403 5023 616 5080 insolita
638 5033 693 5081 et
716 5035 961 5091 externa,
982 5042 1104 5082 cum
1129 5026 1274 5082 omni
1292 5035 1476 5082 creato
1507 5028 1573 5082 ad
1595 5036 1861 5091 creatum,

291 5114 347 5170 ia
368 5120 634 5185 quantum
653 5125 835 5170 creata
863 5116 1255 5188 intelliguntur,
1279 5118 1467 5172 formae
1499 5118 1752 5172 identitas
1777 5130 1865 5172 as·

291 5209 465 5265 cititia
497 5223 603 5264 non
642 5209 735 5275 sit,
761 5207 855 5264 sed
877 5222 997 5263 eam
1024 5218 1234 5266 naturae
1256 5209 1339 5264 lex
1360 5208 1543 5280 potius
1569 5209 1863 5280 imprimat.

295 5300 424 5357 Erat
453 5303 619 5372 igitur
654 5302 950 5359 conlormis
978 5316 1191 5372 semper
1228 5312 1433 5370 creato,
1464 5311 1522 5357 ut
1556 5301 1632 5357 illi
1656 5301 1856 5362 volunt,

294 5389 452 5446 Fuso.
484 5394 646 5449 etiam
683 5393 890 5464 reliqua
924 5398 1192 5447 creatura.
1218 5393 1403 5460 Qualis
1452 5392 1619 5464 igitur
1645 5393 1862 5446 demum

293 5479 496 5535 nostris
518 5482 800 5539 animabus
819 5482 1148 5553 imprimitur
1171 5483 1513 5553 pulchritudo
1561 5496 1658 5552 per
1686 5482 1862 5552 Spiri-

1970 1837 2065 1892 καὶ
2108 1834 2480 1908 ὑπερκόσμιον
2524 1834 2739 1899 κάλλος,
2785 1832 2936 1897 Θείας
2968 1849 3029 1886 τε
3077 1830 3307 1901 φύσεως
3350 1830 3543 1886 ἀναδει-

1969 1924 2217 1998 κνύμεθα
2261 1925 2510 1981 κοινωνοὶ
2550 1922 2650 1997 τὴν
2691 1923 2821 1979 Υίοῦ
2873 1922 3132 1994 λαχόντες
3186 1919 3436 1994 μέθεξιν,
3476 1920 3544 1985 ὥς

1968 2017 2141 2085 Θεοῦ;

2039 2199 2101 2253 Β.
2128 2196 2239 2251 Καὶ
2268 2197 2432 2268 μάλα.

2038 2289 2106 2342 A.
2139 2285 2265 2350 Πῶς
2293 2283 2387 2341 οὖν
2410 2285 2491 2340 ἔτι
2518 2284 2773 2357 γενητός;
2815 2280 2948 2341 Εἶτα
2971 2284 3058 2355 ἐφ’
3080 2285 3222 2357 ἡμῖν
3243 2286 3349 2341 οὐκ
3371 2285 3549 2362 ἀπάτη

1968 2379 2031 2434 τὸ
2057 2380 2374 2451 μυστήριον,
2426 2380 2521 2433 καὶ
2566 2380 2625 2432 ἐν
2660 2378 2846 2432 ἐλπίσι
2878 2379 3088 2443 κεναῖς,
3119 2377 3221 2433 καὶ
3264 2377 3450 2453 ψιλὴν,
3480 2377 3553 2444 ὥς

1970 2471 2167 2537 ἔοικεν,
2197 2471 2321 2543 ἕχον
2356 2472 2434 2535 ὡς
2462 2469 2519 2525 ἐν
2555 2487 2621 2541 γε
2642 2471 2718 2543 δὴ.
2748 2470 2894 2543 μόνῳ
2918 2468 2998 2541 τῷ
3022 2470 3311 2527 λαλεῖσθαι
3334 2473 3438 2545 τὴν
3465 2468 3553 2527 86-

1969 2561 2087 2631 ξαν,
2138 2567 2233 2618 καὶ
2278 2564 2611 2634 φενακισμὸς
2662 2562 2897 2634 άληθῶς,
2952 2562 3052 2616 καὶ
3094 2562 3335 2636 δόκησις,
3387 2565 3550 2637 εἴπερ

1967 2654 2127 2709 τοῦτο
2160 2654 2234 2725 μὴ
2261 2654 2521 2726 ὑπάρχων
2543 2654 2712 2719 ἐστὶν,
2736 2654 2874 2725 ὅπερ
2898 2652 3040 2711 εἶναι
3067 2654 3533 2727 πεπιστεύκαμενς

1968 2743 2133 2809 Θείας
2157 2744 2267 2817 γὰρ
2292 2743 2508 2814 φύσεως
2536 2743 2807 2812 κοινωνοὶ,
2849 2744 2970 2809 πῶς
2997 2747 3064 2801 ἂν
3094 2746 3125 2817 ἦ
3160 2744 3323 2800 πόθεν
3343 2747 3525 2817 ἡμεῐς,

1969 2838 2002 2910 ἢ
2039 2840 2189 2904 ποῖος
2226 2839 2358 2910 ἡμῖν
2390 2837 2775 2909 ἐνσημαίνεται
2827 2836 2966 2891 Θεοῦ
3000 2837 3295 2909 χαρακτὴρ,
3335 2838 3439 2893 καὶ
3481 2840 3535 2895 tl

1972 2924 2383 2999 μεμορφώμεθα
2414 2924 2553 2997 πρὸς
2585 2925 2736 2992 rtem,
2765 2924 3000 2997 ἐπείπερ
3026 2924 3176 2980 ἐστὶν
3200 2924 3264 2979 οὔ
3282 2924 3442 2994 Θεὸς,
3466 2927 3544 2993 ὥς

1969 3016 2369 3087 πεποιημένοςς
2397 3016 2538 3087 ’Ὦρα
2563 3015 2620 3069 δὲ
2644 3015 2851 3070 οἴεσθαι
2880 3015 2977 3070 καὶ
3003 3015 3171 3071 αὑτὸν
3190 3015 3297 3072 οὐκ
3315 3017 3548 3091 &nevig-

1964 3126 2073 3173 τως
2086 3107 2358 3180 ὑπάρχειν
2384 3109 2475 3165 τὸν
2491 3107 2729 3182 Πατέρα.
2761 3148 2775 3162 .
2811 3150 2824 3162 .
2865 3149 2879 3165 .
2910 3111 2939 3163 ὁ
2958 3109 3357 3183 χαρακτήρ.“Π
3377 3110 3548 3164 ischa

1967 3202 2198 3275 φράσον.
2263 3202 2567 3275 Ἐρὴσομαι
2625 3203 2770 3273 γάρ·
2817 3198 2926 3273 ἄρα
2961 3203 3073 3274 γὰρ
3114 3203 3218 3276 τὴν
3260 3203 3414 3260 θείαν
3443 3204 3545 3258 δτι

1966 3296 2100 3350 ποτέ
2122 3297 2271 3350 ἐστιν
2299 3296 2560 3367 two-fica<
2593 3294 2773 3364 φύσιν,
2795 3294 2894 3347 οὐκ
2917 3294 3258 3367 ἀσύγκριτον
3284 3313 3341 3351 τι
3363 3310 3550 3352 παντε-

1966 3387 2075 3451 λῶς
2127 3388 2223 3442 καὶ
2271 3385 2659 3457 άπαράδλητον
2695 3385 2873 3439 κτίσει
2915 3385 2976 3438 τὸ
3018 3384 3217 3456 χρῆμα
3264 3389 3435 3462 ἐρεῖς,
3461 3385 3551 3443 αἱ

1964 3479 2141 3534 οὐδενὶ
2161 3477 2270 3532 τῶν
2294 3477 2462 3531 ὄντων
2490 3475 2925 3548 ἀπαραλλάκτως
2954 3477 3292 3548 προσεοικός
3314 3494 3334 3546 ;

2036 3660 2097 3720 Β.
2122 3658 2444 3712 Παντάπασι
2499 3655 2599 3726 μὲν
2622 3651 2734 3721 οὖν·
2778 3653 2910 3708 Θεοῦ
2943 3653 3050 3725 γὰρ
3074 3654 3263 3724 φύσις,
3302 3655 3426 3721 πῶς
3458 3654 3554 3726 οὐχ

1967 3749 2114 3806 ἅπαν
2147 3746 2531 3817 ὑπερκείσεται
2548 3745 2774 3817 γενητόν
2797 3761 2812 3809 ;

2037 3843 2103 3896 Δ.
2132 3839 2339 3896 Οὐκοῦν
2372 3838 2472 3892 οὐκ
2508 3837 2574 3892 ἄν
2605 3853 2712 3901 τις,
2750 3837 2804 3890 εί
2826 3854 2887 3905 γε
2912 3835 3036 3890 νοῦν
3065 3835 3202 3906 ἔχοι,
3235 3837 3553 3909 ἀρχέτυπον

1968 3931 2199 4005 γενητοῦ
2259 3932 2359 4002 τὴν
2411 3931 2667 3986 άκτιστον
2718 3929 2811 3982 καὶ
2858 3929 3120 3999 ἀγένητον
3180 3928 3548 4000 παραδέξαιτο

1970 4024 2151 4094 φύσιν·
2178 4022 2299 4076 οὐδὲ
2331 4021 2439 4089 γὰρ
2458 4020 2524 4073 ἂν
2548 4020 2604 4072 ἐν
2638 4035 2703 4087 γε
2726 4018 2806 4089 τῷ
2830 4019 2916 4073 ἀεὶ
2935 4019 3029 4071 καὶ
3059 4018 3328 4084 ὡσαύτως
3356 4019 3471 4073 ὄντι
3487 4030 3544 4070 τε

1969 4116 2064 4170 καὶ
2086 4114 2286 4185 ἔχοντι,
2308 4111 2407 4184 τὴν
2434 4113 2535 4165 οὐκ
2564 4107 2731 4165 οὖσάν
2756 4127 2888 4164 ποτε
2916 4112 3008 4164 καὶ
3036 4111 3422 4182 πεποιημένην
3447 4125 3542 4165 κι-

1967 4205 2293 4260 ταθεάσαιτο
2326 4203 2506 4273 φύσιν.

2039 4295 2100 4349 Β.
2121 4290 2250 4349 Ὧδε
2279 4294 2411 4366 ἔχει.

2039 4387 2105 4442 A.
2148 4386 2369 4457 ’Δληθὲς
2392 4385 2449 4439 δὲ
2472 4380 2625 4455 οἶμαι
2647 4384 2742 4438 καὶ
2773 4384 2833 4437 τὸ
2857 4383 3110 4455 ἔμπαλιν.
3138 4384 3213 4438 Οὐ
3242 4384 3359 4457 γὰρ
3384 4387 3443 4438 ὲν
3467 4381 3542 4454 τῷ

1973 4477 2050 4550 μὴ
2094 4477 2208 4530 ὄντι
2259 4475 2387 4529 ποτὲ
2420 4474 2481 4528 τὸ
2509 4474 2598 4527 ἀεὶ
2633 4476 2729 4529 καὶ
2760 4475 3018 4539 ὡσαύτως
3052 4475 3111 4528 ὃν
3170 4477 3539 4549 καταθρησιι-

1846 4655 1851 4661 ⁴
1971 4587 2069 4642 μεν
2096 4569 2181 4624 άν.

2037 4663 2097 4716 Β.
2141 4663 2383 4734 Ἀληθές.

2032 4757 2098 4810 Α.
2134 4755 2199 4808 Τί
2234 4752 2328 4809 οὖν
2359 4758 2473 4809 ἐστι
2517 4756 2578 4810 τὸ
2609 4755 2936 4826 ᾰξιάγαστον
2974 4757 3033 4808 ὲν
3070 4755 3203 4824 ἡμῖν
3238 4752 3305 4806 ἔκ
3345 4768 3413 4822 γι
3449 4749 3539 4805 ‘co-3

1968 4847 2361 4918 μεμορφῶσθαι
2404 4848 2540 4919 πρὸς
2586 4848 2679 4901 τὸν
2720 4849 2881 4914 Υίόνς
2917 4846 3025 4901 Ποῦ
3060 4845 3116 4898 δὲ
3148 4844 3211 4896 τὸ
3249 4844 3397 4897 θεῖον
3426 4838 3544 4905 ταῖς

1964 4938 2073 4991 τῶν
2128 4938 2531 4993 πιστευσάντων
2578 4939 2778 5008 ψυχαῖς
2840 4938 3139 5010 ὲνήστραψε
3199 4936 3419 5001 κάλλος,
3469 4933 3542 4995 ὥς

1966 5028 2133 5101 ἄηθές
2151 5047 2213 5083 τε
2246 5030 2339 5083 καὶ
2365 5030 2511 5095 ξένον
2536 5047 2550 5096 ;
2582 5031 2760 5084 καίτοι
2792 5030 3000 5101 γενητῷ
3029 5030 3193 5083 παντὶ
3220 5029 3361 5101 πρὸς
3388 5043 3544 5098 *swn-

1966 5121 2079 5187 τὸν,
2107 5120 2355 5191 καθάπερ
2377 5119 2445 5174 ἂν
2471 5121 2799 5191 γεγενῆσθαι
2815 5122 3038 5182 νοοῖντο,
3069 5119 3131 5170 τό
3150 5135 3215 5187 γε
3239 5114 3542 5177 ταυτοειδδς

1966 5213 2067 5266 οὐκ
2115 5210 2546 5282 είσκεκριμένον,
2604 5211 2818 5281 φύσεως
2863 5210 2919 5263 δὲ
2968 5208 3168 5280 μᾶλλον
3214 5206 3540 5278 ὲγχαράττει

1967 5298 2187 5371 θεσμός.
2228 5296 2337 5353 Ἦν
2372 5295 2467 5354 οὖν
2516 5300 2625 5370 ἄρα
2670 5299 2990 5371 σύμμορφος
3031 5298 3118 5351 ἀεὶ
3166 5296 3387 5368 γενητῷ
3422 5291 3540 5348 κατ’

1967 5392 2205 5456 ἐκείνους
2235 5391 2349 5446 ὄντι
2376 5391 2455 5462 τῷ
2478 5391 2612 5463 Υίῷ,
2644 5392 2737 5446 καὶ
2768 5392 2802 5460 ἡ
2837 5389 2997 5458 λοιπὴ
3033 5388 3230 5453 κτίσις.
3258 5387 3423 5440 Ποῖον
3453 5378 3541 5437 οὖν

1967 5481 2047 5535 ἔτι
2080 5484 2197 5545 ταῖς
2245 5482 2543 5554 ἡμετέραις
2583 5482 2780 5550 ψυχαῖς
2808 5478 3197 5550 ἐνσημαίνεται
3220 5475 3420 5539 κάλλος
3457 5470 3542 5527 &a

365 5653 414 5690 ⁸·
440 5655 639 5728 Ephes.
671 5674 732 5723 n,
761 5659 847 5723 Η,
879 5659 964 5717 12.
1024 5661 1088 5742 ²¹⁸¹,
1109 5659 1227 5719 Jac.
1265 5676 1303 5721 ι.
1346 5661 1580 5742 ί8.“’ξ·
1601 5659 1845 5729 philipp.
1881 5675 1965 5721 ιιι.
1993 5659 2083 5715 2¹.
2166 5660 2211 5692 ⁸⁸
2251 5656 2294 5713 ll
2326 5659 2467 5714 l’etr.
2500 5672 2536 5717 ι.
2568 5654 2622 5711 ό.
