3809 6125
280 227 414 285 ul?

1204 235 1496 293 senona
1542 235 1629 292 DE
1667 236 2177 296 tNCARNA‘rtoNE
2214 239 2422 298 VERE}
2455 240 2586 298 mci.

3363 250 3503 310 ¹4¹8

356 346 546 416 Ἔρώτ.
591 346 712 410 Πῶς
764 348 842 419 τῷ
889 349 1089 405 ἀπαθεῖ
1135 349 1319 417 ὕπνον,
1371 354 1460 406 καὶ
1508 356 1694 416 κόπον,
1743 356 1836 409 καὶ
1865 366 1909 420 Α
2008 356 2270 430 Inter-roy.
2311 358 2588 425 Quomodo
2622 357 2899 428 impatibili
2935 374 3205 425 somnum,
3239 361 3496 432 laborem,

239 438 255 451 “
274 442 485 504 πεῖναν,
521 439 614 491 καὶ
646 441 896 508 σταυρὸν,
926 440 1017 493 καὶ
1047 440 1223 494 πάντα
1246 440 1315 495 τὰ
1339 443 1670 514 ὑποκείμενα
1711 445 1837 515 φθο-

274 527 364 601 ρᾷ,
402 531 718 600 περιάπτειν
764 530 1032 600 τολμᾶτε;
1097 530 1330 602 Ἀπόκρ.
1361 534 1628 604 Εὐφήμει,
1674 530 1840 589 ὧάν-

273 618 481 688 θρωπε,
529 617 850 688 παρακαλῶ.
883 618 1020 691 ’Πδη
1063 623 1341 690 προεῖπον,
1381 625 1544 693 σαρκὶ
1597 624 1833 695 παθητῇ,

274 709 454 773 καθὼς
479 709 572 764 καὶ
597 711 652 763 al
678 710 1048 781 θεῖαιΓραφαὶ
1079 714 1210 782 ἡμῖν
1239 712 1652 784 παραδεδώκασι
1665 714 1838 785 [Beon-

271 798 521 871 λώκασιῙ,
554 797 852 872 περιῆφθαι
873 802 963 855 τὸν
983 800 1077 854 τοῦ
1100 800 1231 855 Θεοῦ
1251 804 1444 871 Λόγον,
1478 806 1572 858 καὶ
1601 805 1836 873 ἡνῶσθαι

273 893 432 947 αὐτὸν
467 894 625 962 αὐτῇ,
657 893 750 945 καὶ
794 893 860 946 δι’
890 891 1057 963 αὐτῆς
1103 894 1379 963 πεφηνότα
1423 893 1515 948 τὸν
1562 895 1689 947 Υἰδν
1743 895 1835 949 τοῦ

268 978 426 1048 Θεοῦ,
471 982 566 1036 τὸν
593 984 726 1037 Θεὸν
754 983 945 1051 Λόγον,
982 984 1096 1055 μετ’
1123 985 1294 1055 αὐτῆς
1337 982 1503 1039 ὕπνον
1527 985 1834 1056 ὑπομεῖναι,

270 1077 365 1132 καὶ
414 1076 602 1139 κόπον,
658 1076 752 1129 καὶ
802 1075 977 1129 πάντα
1023 1074 1091 1128 τά
1137 1073 1232 1127 τοῦ
1286 1074 1574 1147 ἀνθρώπου
1600 1114 1615 1140 ,
1669 1077 1836 1146 χωρὶς

268 1169 562 1240 ἁμαρτίας,
596 1167 657 1220 οὐ
699 1169 765 1238 τῇ
820 1166 996 1238 φθορᾷ
1036 1166 1431 1236 ὑποκείμενος·
1457 1165 1697 1237 ἀμείνων
1729 1167 1838 1237 γὰρ

270 1254 494 1331 φθορᾶς,
524 1261 617 1315 καὶ
646 1259 876 1315 θανάτου
928 1261 958 1313 ὁ
1005 1257 1282 1328 ἄφθαρτος
1317 1256 1414 1311 καὶ
1454 1256 1715 1326 ζωοποιδς
1741 1257 1836 1311 τοῦ

267 1351 403 1406 Θεοῦ
455 1350 657 1419 Λόγος,
694 1350 827 1403 ἀλλὰ
871 1348 970 1419 τὴν
1013 1347 1219 1418 φθοράν
1263 1347 1549 1401 ἀποσοὸῶν
1590 1346 1700 1401 ἀπὸ
1741 1347 1835 1401 τοῦ

269 1444 460 1508 γένους
506 1443 613 1495 τῶν
657 1440 978 1512 ἀνθρώπων.
1025 1439 1138 1495 Οὐκ
1191 1438 1345 1508 οἶμαι
1387 1438 1642 1509 ἔγκλημα
1681 1456 1837 1512 περι-

268 1533 533 1589 άπτεσθαι
564 1531 792 1602 βασιλεῖ,
815 1532 1015 1585 ὁπόταν
1041 1528 1364 1600 βουλόμενος
1394 1527 1567 1584 σῶσαι
1590 1528 1654 1582 τὸ
1682 1528 1831 1592 ἴδιον,

267 1624 328 1679 τδ
370 1623 462 1678 τοῦ
509 1623 693 1677 δούλου
725 1626 911 1693 σχῆμα
941 1622 1251 1691 ἐνδύσηται.
1285 1622 1395 1673 Καὶ
1427 1620 1545 1683 πῶς
1574 1620 1832 1691 τολμήσει

1944 447 2398 517 defatigationem,
2439 463 2674 516 crucem,
2716 446 2934 513 famem,
2975 459 3278 522 caeteraque
3320 456 3500 511 omnia

1942 540 2271 608 corruptioni
2309 539 2547 610 subjecta
2591 536 2829 596 tribuere
2850 540 3099 597 audetis?
3131 537 3281 611 Resp.
3312 543 3500 609 Parce.

1938 641 2141 695 quaeso,
2168 627 2485 683 maledictis.
2532 625 2651 682 lam
2700 633 2827 683 ante
2875 626 3081 696 monui,
3130 629 3223 685 Dei
3268 628 3500 690 Verbum

1938 728 2101 770 carne
2147 715 2418 783 passibili.
2462 716 2759 772 secundum
2806 716 3206 786 Scripturarum
3255 719 3505 779 traditio-

1939 819 2089 871 nem,
2122 819 2182 861 se
2216 806 2483 873 induisse,
2517 814 2572 861 et
2604 822 2664 862 se
2702 805 2775 861 illi
2809 807 2992 863 unisse
3023 827 3037 862 ε
3071 823 3167 879 per
3193 810 3363 879 ipsam
3404 828 3503 867 au-

1938 904 2043 946 tem
2095 894 2259 949 Deum
2301 894 2532 950 Verbum
2582 903 2637 950 et
2686 896 2775 950 Dei
2824 894 3017 951 Filium
3062 900 3396 968 apparuisse,
3447 913 3503 958 et

1937 999 2058 1038 cum
2105 985 2216 1055 ipsa
2245 985 2506 1051 laborem,
2536 995 2590 1041 et
2630 1001 2876 1042 somnum
2922 997 2976 1044 et
3021 989 3254 1045 bumana
3297 992 3497 1062 omnia,

1937 1083 2155 1142 peccato
2205 1086 2411 1130 tantum
2456 1085 2702 1145 excepto,
2755 1079 3079 1134 sustinuisse
3130 1099 3144 1135 :
3199 1097 3305 1138 non
3356 1085 3499 1152 quod

1937 1166 2269 1235 corruptioni
2313 1162 2647 1233 subjaceret,
2687 1167 2950 1236 siquidem
2993 1168 3406 1241 incorruptibile
3447 1184 3503 1229 et

1939 1254 2203 1309 vivillcmn
2237 1253 2330 1310 Dei
2355 1253 2589 1311 Verbum
2623 1260 2973 1328 corruptione
3006 1271 3059 1316 et
3095 1261 3312 1318 interitu
3346 1263 3503 1337 longe

1936 1346 2183 1413 superius
2214 1354 2324 1413 est;
2357 1345 2449 1402 sed
2488 1356 2548 1401 ut
2582 1348 2857 1403 interitum
2894 1349 2962 1404 ab
2994 1350 3273 1408 hominum
3306 1369 3503 1423 genere

1935 1436 2296 1490 submoveret.
2319 1434 2439 1491 .Nec
2477 1437 2714 1492 arbitror
2742 1438 2853 1508 regi
2892 1439 3022 1494 vitio
3061 1441 3197 1496 verti
3238 1457 3417 1512 posse,
3456 1447 3499 1500 si

1934 1535 2155 1580 servare
2187 1524 2329 1594 quod
2365 1527 2793 1599 ejus-proprium
2830 1539 2916 1586 est
2944 1530 3152 1596 volens,
3186 1534 3368 1590 servili
3405 1535 3502 1590 ha-

1937 1614 2050 1668 bitu
2080 1629 2137 1670 sc
2166 1617 2370 1671 induat.
2400 1616 2465 1672 Et
2492 1619 2761 1687 quomodo
2789 1620 3052 1689 quispiam
3083 1623 3164 1688 ei,
3196 1625 3288 1693 qui
3315 1636 3503 1696 suapte

266 1732 351 1778 τις
393 1712 472 1783 τῷ
511 1716 576 1783 τῇ
630 1713 788 1781 φύσει
837 1711 1106 1781 ἐλευθέρῳ
1143 1709 1416 1778 ἐγκαλεῖν,
1447 1709 1529 1762 ὅτι
1556 1708 1746 1777 γέγονε
1771 1708 1838 1761 δι’
1869 1698 1913 1754 Β
1942 1715 2136 1761 natura
2162 1706 2297 1763 liber
2316 1716 2419 1774 est,
2444 1710 2658 1767 crimini
2681 1719 2896 1768 vertere
2920 1714 3134 1778 audeat,
3159 1716 3302 1785 quod
3330 1720 3501 1774 nostri

269 1806 414 1874 ἡμᾶς
441 1804 745 1875 ἄνθρωπος,
778 1803 872 1855 καὶ
905 1804 961 1854 ὲν
986 1804 1096 1864 τοῖς
1125 1801 1246 1854 καθ’
1273 1800 1420 1871 ἡμᾶς
1444 1798 1832 1874 οἰκονομικῶς;

281 1896 564 1965 Ἀποδέχου
613 1893 704 1947 τοῦ
753 1892 965 1963 Πατρδς
1013 1891 1111 1961 τὴν
1152 1889 1581 1961 φιλανθρωπίαν,
1621 1890 1703 1943 ὅτι
1746 1889 1836 1942 τὸν

269 1989 398 2043 ἴδιον
425 1988 553 2040 Υίδν
597 1986 849 2057 δωρεῖται
897 1983 963 2035 δι’
995 1984 1176 2053 ἡμᾶς·
1234 1982 1309 2054 μὴ
1360 1978 1726 2054 περιεργάζου
1776 1980 1836 2033 τὸ

270 2078 516 2148 πρᾶγμα,
550 2073 882 2147 παρακαλῶ·
930 2073 996 2127 οὐ
1034 2072 1143 2144 γάρ
1192 2071 1252 2138 ἐξ
1285 2070 1604 2143 Ἑλληνικῆς
1646 2071 1835 2140 σοφίας

269 2170 328 2222 τὸ
351 2168 667 2240 γνώρισμα·
698 2166 818 2219 οὐδὲ
843 2164 950 2217 ἀπὸ
979 2160 1652 2234 φρονήματοςκοσμικοῦ·
1683 2159 1836 2214 ἀλλό-

267 2278 417 2331 τριον
443 2260 553 2328 γὰρ
577 2259 871 2329 ἑκατέρων.
903 2274 922 2306 ι
947 2244 1226 2325 Μακάριος
1246 2248 1315 2319 εἴ,
1339 2273 1357 2306 ι
1386 2254 1551 2323 φησιν
1577 2253 1606 2304 ὁ
1634 2252 1837 2324 Κύριος

266 2354 346 2424 τῷ
371 2354 582 2424 Πέτρῳ,
621 2370 640 2402 ι
669 2349 850 2421 Σιμὼν
870 2348 984 2419 Βάρ
1027 2348 1208 2411 Ἰωνᾶ,
1242 2347 1325 2399 ὅτι
1369 2343 1527 2416 σάρξ,
1561 2343 1658 2397 καὶ
1698 2339 1838 2412 αἷμα

269 2448 368 2499 οὐκ
396 2442 710 2511 άπεκάλυψέ
752 2458 852 2504 σοι,
878 2438 991 2492 ἀλλ’
1017 2440 1045 2491 ὀ
1075 2437 1266 2508 Πατήρ
1298 2453 1419 2506 μου,
1450 2436 1480 2487 ὁ
1507 2436 1566 2488 ὲν
1602 2431 1714 2497 τοῖς
1749 2434 1838 2487 οὐ·

270 2539 470 2609 ρανοῐς.
505 2554 522 2584 ι
567 2532 833 2604 Οὐράνιον
863 2530 924 2583 τὸ
961 2529 1132 2599 δῶρον
1160 2527 1222 2580 τὸ
1245 2527 1344 2596 τῆς
1372 2525 1522 2589 θείας
1552 2525 1834 2595 ἐπιφοιτή-

270 2640 406 2687 σεως
444 2620 538 2675 τοῦ
576 2619 707 2673 Υἱοῦ
743 2618 837 2672 τοῦ
875 2616 1011 2671 Θεοῦ
1049 2615 1353 2688 γνώρισμα.

351 2714 548 2786 Ἐρώτ.
589 2712 717 2775 Πῶς
741 2711 769 2763 ό
806 2709 916 2763 τῶν
964 2710 1181 2763 πάντων
1219 2707 1448 2778 ποιητὴς
1476 2705 1608 2770 Θεὸς
1642 2706 1835 2774 Λόγος,

265 2810 297 2862 ὁ
322 2808 695 2880 ἀψηλάφητος.
724 2806 752 2858 ό
779 2803 1033 2875 ἀόρατος,
1055 2803 1083 2854 ὀ
1105 2799 1459 2862 ἀναλλοίωτός
1483 2815 1542 2852 τε
1565 2799 1660 2854 καὶ
1679 2814 1745 2851 πε
1753 2814 1836 2867 ρι-

266 2901 482 2973 γραφὴν
527 2900 602 2970 μὴ
652 2897 995 2968 ἀνεχόμενος,
1047 2896 1104 2947 ὲν
1150 2892 1357 2947 εὐτελεῖ
1409 2892 1552 2963 ξύλῳ
1608 2891 1840 2961 σταυρὸν

269 2994 552 3061 ὑπέμεινε,
608 2989 703 3041 καὶ
753 2988 1012 3046 θάνατον;
1081 2985 1320 3053 Ἀπόκρ.
1370 2982 1613 3037 Θάνατόν
1658 2996 1836 3051 φαμεν

269 3076 722 3146 ὑπομεμενηκότα
765 3073 858 3126 τὸν
899 3072 994 3124 τοῦ
1040 3070 1174 3144 Θερῦ
1218 3072 1409 3138 Λόγον,
1443 3069 1537 3124 καὶ
1582 3066 1836 3138 σταυρὸν,

270 3171 360 3225 διά
390 3167 491 3236 τῆς
518 3161 719 3234 σαρκὸς
740 3162 842 3235 τῇς
876 3162 1032 3223 ἰδίας,
1070 3159 1156 3211 ἴνα
1190 3161 1336 3228 ἡμᾶς
1358 3155 1644 3226 ἀπαλλάξῃ
1674 3157 1838 3210 θανάκ

271 3277 388 3323 του,
416 3259 509 3311 καὶ
536 3255 740 3326 φθορᾶς
757 3271 771 3286 ·
803 3252 901 3323 τὴν
934 3248 1070 3304 ἰδίαν
1103 3247 1212 3318 γάρ
1233 3246 1412 3317 ψυχὴν
1439 3245 1681 3300 τέθεικεν
1702 3245 1841 3316 ὑπὲρ

274 3351 451 3424 ἡμῶν,
477 3350 577 3403 οὐκ
597 3343 880 3417 ἀλλοτρίαν
910 3338 1147 3409 οῦσαν,ἥ
1175 3338 1333 3408 ξένην
1349 3334 1443 3390 τοῦ
1473 3335 1608 3391 Θεοῦ
1633 3332 1836 3404 Λόγου’·

272 3443 580 3515 ἀπόρρητος
608 3438 716 3509 γὰρ
747 3439 781 3508 ἠ
814 3435 1036 3498 ἓνωειίςὁ
1073 3431 1235 3494 αὐτὸς
1257 3428 1366 3501 γάρ
1391 3423 1572 3482 εἶπεν·
1618 3446 1637 3478 ι
1662 3427 1841 3491 ‘Eion-

273 3537 395 3591 σίαν
441 3536 547 3604 ἔχω
581 3532 677 3603 τὴν
712 3532 888 3601 ψυχήν
925 3545 1024 3598 μου
1070 3526 1262 3589 θεῖναι,
1296 3523 1389 3577 καὶ
1440 3520 1686 3587 ἐξουσίαν
1732 3519 1840 3590 ἔχω

212 3632 218 3638 ’
274 3628 437 3682 πάλιν
469 3626 650 3678 λαόεῖν
683 3623 873 3691 αὐτὴν.
908 3640 926 3672 ι
961 3618 1174 3688 Ταύτης
1203 3616 1334 3669 ἴδιον
1360 3613 1422 3668 τὸ
1447 3613 1756 3684 ἀδημονεῖν,
1779 3611 1840 3664 τὸ

273 3719 449 3790 λύπην
483 3719 769 3786 ὑπομεῖναι
803 3707 1159 3785 [ὑπομένειν],
1181 3708 1243 3762 τὸ
1286 3708 1540 3778 ἐκδημεῖν
1587 3704 1694 3759 ἀπὸ
1744 3702 1838 3756 τοῦ

276 3810 545 3881 σώματος,
572 3807 648 3869 ὡς
677 3805 768 3859 καὶ
800 3802 998 3872 σαρκὸς
1027 3800 1087 3854 τὸ
1115 3800 1330 3870 κοπιᾷν,
1356 3797 1418 3852 τὸ
1457 3793 1837 3866 σταυροῦσθαι,

273 3903 334 3955 τὸ
364 3896 702 3962 ἀνίστασθαι,
733 3895 795 3948 τὸ
825 3894 1116 3965 μετάρσιον
1153 3888 1443 3959 ὑπομένειν
1489 3887 1667 3940 θέσιν·
1701 3885 1839 3953 πλὴν

273 3994 409 4049 Θεοῦ
459 3995 527 4047 τὰ
576 3995 753 4047 πάντα
799 3990 1034 4059 λέγεται,
1065 3987 1160 4040 καὶ
1206 3983 1342 4038 εἰσί·
1379 3981 1513 4037 Θεοῦ
1540 3980 1649 4053 γάρ
1680 3979 1776 4034 καὶ
1806 3981 1839 4050 ἡ

270 4089 451 4162 ψυχή·
487 4083 621 4140 Θεοῦ
661 4086 756 4139 καὶ
792 4083 853 4136 τὸ
891 4081 1070 4151 σῶμα.

355 4265 550 4332 Ἐρώτ.
593 4262 716 4324 Πῶς
764 4262 790 4312 ό
837 4259 1239 4328 παντοδύναμος
1270 4256 1440 4325 Λόγος
1478 4253 1571 4307 τοῦ
1627 4250 1839 4318 Πατρός

1940 1810 2104 1852 causa
2145 1796 2306 1853 homo
2345 1797 2461 1853 lieri
2518 1799 3014 1872 dispensatorieque
3054 1804 3108 1859 in
3149 1810 3348 1864 nostris
3381 1824 3505 1864 ver·

1939 1886 2047 1940 sari
2092 1901 2199 1941 non
2243 1889 2530 1944 abnuerit?
2568 1888 2746 1945 Patris
2792 1891 3198 1962 benignitatem,
3241 1896 3332 1965 qui
3379 1912 3505 1969 pro-

1940 1977 2113 2045 prium
2153 1978 2344 2033 Filium
2384 1989 2604 2051 propter
2634 1995 2733 2036 nos
2767 1982 3016 2050 donavit,
3054 1985 3411 2057 amplectere;
3448 1990 3501 2046 in

1939 2069 2110 2138 ipsam
2144 2078 2321 2125 autem
2356 2085 2469 2126 rem
2503 2071 2790 2139 curiosius,
2824 2088 3027 2142 quaeso‚
3065 2074 3171 2131 noli
3207 2078 3498 2148 inquirere.

1939 2158 2054 2216 Non
2092 2161 2235 2215 enim
2276 2174 2373 2231 per
2408 2160 2719 2217 Graecorum
2761 2165 3104 2234 sapientiam,
3147 2174 3237 2221 aut
3280 2170 3504 2223 munda·

1940 2266 2064 2305 num
2099 2266 2313 2307 sensum
2346 2252 2662 2321 percipitur,
2694 2253 2788 2308 scd
2824 2255 2891 2309 ab
2924 2263 3158 2330 utroque
3184 2262 3268 2311 est
3303 2256 3501 2314 aliena.

1943 2360 1963 2393 ι
1984 2342 2176 2400 Beatus
2192 2358 2272 2409 εε,
2291 2342 2475 2399 Simon
2496 2343 2784 2409 Bar-lona,
2804 2364 2823 2397 ι
2842 2346 3018 2415 inquit
3036 2347 3291 2402 Dominus
3318 2346 3499 2414 Petro,

1943 2451 1963 2484 ι
2010 2434 2134 2504 quia
2155 2449 2284 2489 caro
2306 2443 2358 2490 et
2381 2436 2600 2505 sanguis
2626 2452 2730 2490 non
2759 2438 3037 2493 revelavit·
3055 2439 3172 2507 tibi,
3206 2439 3300 2496 sed
3341 2440 3504 2497 Pater

1938 2540 2089 2581 meus
2114 2526 2204 2595 qui
2232 2535 2313 2581 est
2340 2525 2393 2580 in
2420 2525 2573 2581 coelis
2592 2527 2656 2582 ⁸⁰.
2690 2545 2710 2579 ι
2742 2526 2873 2581 Nam
2902 2528 3066 2584 divini
3094 2532 3355 2588 adventus
3382 2533 3501 2589 Filii

1940 2609 2032 2669 Dei
2060 2614 2316 2685 cognitio,
2344 2615 2565 2670 coelcste
2593 2616 2790 2671 domun
2819 2626 2924 2671 est.

2011 2704 2271 2775 interr-oq.
2308 2704 2585 2771 Quomodo
2608 2704 2979 2761 universorum
3006 2709 3185 2779 opifex
3212 2712 3353 2768 Deus
3374 2711 3506 2770 Ver-

1940 2797 2089 2861 bum,
2116 2798 2208 2867 qui
2240 2812 2337 2851 nec
2370 2799 2531 2867 tangi,
2562 2812 2659 2852 nec
2692 2799 2861 2864 cerni,
2892 2814 2988 2855 nec
3019 2803 3238 2868 mutari,
3269 2819 3367 2861 nec
3398 2808 3506 2863 cir·

1941 2886 2225 2942 cumscribi
2266 2895 2473 2957 potest,
2509 2890 2561 2942 in
2596 2888 2686 2943 vili
2728 2889 2874 2961 ligno
2913 2906 3127 2947 crucem
3169 2904 3506 2968 mortemque

1940 2978 2226 3034 sustinuit?
2250 2977 2403 3049 Resp.
2433 2978 2661 3034 Mortem
2695 2989 2749 3036 et
2779 2995 2993 3038 crucem
3026 2982 3119 3039 Dei
3149 2984 3378 3044 Verbum
3412 3004 3507 3059 per
3610 3055 3616 3059 ι

1943 3071 2211 3140 propriam
2238 3086 2455 3126 carnem
2483 3072 2805 3129 sustinuisse
2830 3074 3060 3132 dicimus
3084 3080 3384 3136 :sustinuit
3409 3098 3505 3136 au·

1944 3172 2049 3219 tem
2090 3163 2231 3227 ltaec,
2267 3173 2329 3218 ut
2362 3178 2461 3219 nos
2492 3178 2524 3218 a
2560 3174 2733 3221 morte
2765 3174 2820 3221 et
2844 3170 3202 3247 'cormptione
3237 3172 3506 3231 immunes

1944 3255 2208 3309 redderet.
2234 3251 2369 3308 Nam
2402 3255 2636 3309 animam
2668 3257 2940 3326 propriam
2977 3258 3064 3314 ille
3094 3276 3191 3331 pro
3224 3263 3378 3321 nobis
3412 3280 3505 3335 po-

1939 3342 2068 3406 suit,
2095 3357 2198 3396 non
2225 3342 2585 3413 peregrinam,
2612 3353 2706 3399 aut
2733 3359 2763 3399 a
2792 3344 2902 3402 Deo
2921 3345 3097 3403 Verbo
3122 3351 3352 3407 alienam
3379 3368 3395 3408 ε
3423 3356 3508 3410 in-

1940 3433 2271 3502 explicabilis
2296 3435 2439 3489 enim
2464 3444 2547 3490 est
2571 3436 2719 3492 unio.
2748 3436 2865 3506 lpse
2889 3439 3033 3494 enim
3061 3441 3176 3496 ait:
3212 3461 3232 3494 ι
3261 3442 3507 3502 Potesta-

1943 3535 2047 3579 tem
2088 3525 2261 3581 liabeo
2300 3525 2527 3594 ponendi
2568 3527 2803 3581 animam
2845 3543 3053 3596 meam,
3090 3538 3145 3587 et
3184 3544 3503 3603 potestatem

1942 3613 2111 3668 liabeo
2150 3615 2341 3669 iterum
2377 3614 2621 3670 sumendi
2660 3617 2863 3674 eam¹¹.
2908 3637 2930 3670 ι
2970 3618 3118 3677 illius
3156 3625 3349 3680 animae
3384 3642 3509 3696 pro·

1941 3706 2114 3775 prium
2165 3707 2388 3772 taedere,
2432 3708 2775 3775 contristari,
2817 3723 2848 3763 e
2889 3709 3057 3784 804
3101 3728 3327 3785 corpore
3372 3719 3508 3773 emi.

1940 3811 2122 3865 grare,
2150 3800 2598 3865 quemadmodum
2629 3809 2681 3854 et
2711 3801 2863 3855 carni
2891 3817 3105 3873 quoque
3130 3808 3402 3874 peculiare
3421 3820 3509 3866 est

1939 3886 2241 3957 defatigari,
2274 3886 2540 3958 cruciligi,
2571 3889 2917 3955 exsuscitari,
2951 3890 3001 3943 in
3038 3892 3206 3946 altum
3238 3895 3503 3952 sublatam

1940 3977 2215 4033 collocari.
2255 3976 2631 4032 Verumtamen
2671 3978 2850 4032 omnia
2895 3980 3008 4034 liaec
3046 3991 3102 4035 et
3140 3982 3231 4036 Dei
3267 3992 3412 4053 sunt,
3450 3996 3504 4041 et

1943 4068 2034 4123 Dei
2081 4082 2203 4123 esse
2246 4069 2518 4122 dicuutur.
2569 4065 2662 4122 Dei
2703 4070 2848 4123 euim
2894 4078 2977 4125 est
3026 4073 3240 4139 anima,
3286 4074 3377 4131 Dei
3421 4087 3508 4133 est

1940 4172 2087 4215 caro.

2010 4246 2040 4301 1
2047 4255 2275 4319 neeri-09.
2308 4246 2585 4314 Quomodo
2606 4248 2945 4317 omnipotens
2970 4250 3146 4308 Patris
3162 4251 3396 4310 Verbum
3420 4271 3506 4311 re-

276 4356 569 4411 ἀναστάσει
607 4351 973 4424 περιεπλέικη,
1004 4349 1096 4403 καὶ
1118 4348 1290 4419 φθορᾷ
1317 4349 1346 4400 ὁ
1382 4345 1656 4417 ἄφθαρτος
1682 4341 1837 4413 [ἁῦὰ-
1871 4355 1916 4411 1)
1944 4336 2215 4404 surrexit,
2253 4345 2343 4390 aut
2389 4337 2791 4408 incorruptibile
2834 4342 3165 4409 corruptioni
3209 4344 3504 4401 obnoxium

275 4449 486 4520 νατος];
522 4450 746 4514 Ἀπόκρ.
777 4446 983 4516 Φθοράν
1015 4443 1112 4515 μὲν
1139 4442 1238 4512 οὐχ
1261 4441 1549 4509 ὑπέμεινεν
1575 4437 1681 4490 οὐδ’
1704 4433 1842 4502 αὐτὴ

275 4545 310 4614 ἡ
343 4542 436 4595 τοῦ
469 4539 601 4594 Θεοῦ
627 4539 799 4606 Λόγου
831 4535 996 4609 σάρξ·
1033 4534 1200 4597 νόθως
1237 4531 1344 4603 γὰρ
1364 4528 1840 4600 διαλαμόάνοντες.

276 4631 442 4695 νόθως
465 4630 559 4683 καὶ
589 4628 896 4698 ἐπερωτᾶτε
918 4641 932 4655 ·
969 4622 1433 4696 προανεκεκράγει
1453 4621 1560 4690 γὰρ
1582 4620 1610 4671 ὀ
1633 4617 1842 4688 προφή-

276 4739 372 4791 της
405 4721 529 4792 περὶ
558 4717 749 4772 αὐτοῦ·
792 4734 812 4767 ι
843 4716 916 4769 Οὐ
947 4713 1139 4778 δώσεις
1167 4713 1255 4766 τὸν
1276 4709 1420 4764 ὅσιόν
1451 4724 1543 4761 σου
1577 4708 1704 4760 ἰδεῖν
1725 4707 1842 4758 δια-

275 4812 498 4884 φθοράν.
528 4831 545 4864 ι
575 4811 747 4872 Πάθος
777 4809 875 4880 μὲν
900 4809 1185 4877 ὑπέμεινεν
1212 4802 1512 4858 ἐθελούσιον
1540 4801 1568 4852 ό
1589 4798 1682 4852 τοῦ
1706 4797 1839 4851 Θεοῦ

285 4905 400 4967 Υἱός
420 4921 432 4932 ·
462 4906 489 4957 ό
513 4902 704 4973 χωρῶν
735 4904 790 4955 ὲν
821 4899 1001 4969 ἑαυτῷ
1027 4897 1116 4950 τὸν
1146 4897 1428 4967 ἀχώρητον
1456 4889 1673 4960 Πατέρα
1694 4906 1707 4922 ·
1739 4905 1844 4958 χω-

276 4996 535 5070 ρούμενος
567 4995 619 5048 δὲ
654 4995 746 5049 καὶ
778 4993 936 5053 αὐτὸς
969 4990 1070 5044 ὑπὸ
1091 4989 1185 5042 τοῦ
1217 4987 1458 5066 Πατρός]
1493 4981 1836 5055 χωρούμενος

275 5090 382 5161 γὰρ
429 5089 530 5142 ὑπὸ
576 5086 670 5140 τοῦ
717 5086 947 5155 Πατρδς,
973 5083 1065 5138 καὶ
1088 5081 1163 5134 ὢν
1193 5082 1249 5133 ὲν
1277 5079 1355 5150 τῷ
1386 5078 1570 5147 κόλπῳ
1597 5074 1692 5127 τοῦ
1722 5075 1837 5127 Πα-

274 5182 420 5252 τρὸς,
451 5181 708 5251 ὲχωρεῐτο
738 5176 989 5246 ἀρρήτως
1023 5173 1114 5226 καὶ
1162 5173 1218 5225 ὲν
1258 5171 1326 5240 τῇ
1375 5168 1479 5238 ἰδίᾳ
1519 5165 1839 5237 σαρκίᾍᾼνω

274 5270 405 5324 εόίω
447 5270 502 5323 δὲ
547 5269 861 5340 τριήμερος,
898 5260 1373 5332 λαφυραγωγήσας
1412 5257 1503 5310 τὸν
1547 5255 1712 5326 ᾅδην·
1745 5252 1840 5308 καὶ

276 5363 546 5430 ἑπέφανεν
595 5360 725 5429 ἡμῖν
775 5354 911 5427 μετὰ
956 5355 1052 5423 τῆς
1101 5351 1236 5413 ἰδίας
1278 5347 1479 5418 σαρκὸς
1509 5348 1539 5399 ό
1577 5344 1672 5398 τοῦ
1702 5343 1836 5399 Θεοῦ

280 5451 429 5513 Υἱός·
468 5451 553 5502 ἵνα
585 5451 678 5503 καὶ
729 5447 875 5519 ἡμᾶς
905 5440 1182 5513 ἀπαλλάξῃ
1226 5438 1456 5494 θανάτου
1487 5435 1582 5490 καὶ
1608 5435 1834 5507 φθορᾶς.

349 5627 394 5660 ¹⁰
433 5625 619 5680 Matth.
651 5640 757 5687 ενι,
792 5625 877 5679 ¹7.

557 5718 824 5780 Pauor..
855 5717 970 5778 Gn.
999 5714 1225 5777 Lxxv.

1946 4425 2083 4479 suit?
2123 4424 2277 4493 Resp.
2322 4424 2733 4495 Corruptionem
2777 4427 2917 4482 baud
2957 4430 3213 4485 sustinuit
3254 4447 3352 4488 nec
3392 4434 3502 4503 ipsa

1939 4516 2153 4589 quidem
2198 4517 2287 4570 Dei
2324 4516 2481 4570 Verbi
2521 4531 2666 4570 caro.
2700 4515 2833 4570 Nam
2872 4518 2998 4586 quia
3040 4536 3227 4590 parum
3267 4523 3506 4595 legitime

1940 4607 2290 4678 distinguitis,
2319 4620 2507 4674 parum
2534 4606 2698 4661 etiam
2727 4606 2961 4677 legitime
2994 4609 3357 4681 interrogatis.
3382 4613 3503 4671 Jam

1940 4699 2082 4753 enirn
2121 4697 2320 4750 «ludum
2366 4708 2490 4774 :inte
2520 4696 2781 4763 propheta
2824 4698 2893 4752 de
2932 4699 3148 4755 Christo
3186 4705 3505 4771 pronuntia·

1942 4797 2051 4843 rat:
2090 4805 2109 4839 ι
2155 4785 2270 4843 Nou
2314 4788 2468 4841 dalnis
2497 4783 2754 4840 Sanctum
2799 4799 2946 4842 tuum
2986 4792 3167 4846 videre
3207 4795 3508 4862 corruptio·

1941 4899 2061 4938 nem
2082 4883 2147 4935 ¹¹.
2182 4900 2200 4934 ι
2234 4881 2376 4935 Sane
2408 4880 2710 4949 passionem
2736 4882 3093 4937 voluntariam
3124 4887 3380 4941 sustinuit
3410 4888 3501 4941 Ori

1944 4968 2132 5038 rinus,
2164 4973 2250 5039 qui
2286 4969 2502 5026 Patrem
2532 4973 2853 5028 immensum
2887 4975 2940 5028 in
2971 4989 3031 5030 se
3062 4978 3327 5044 continet,
3354 4988 3408 5033 et
3437 4980 3504 5032 ab

1937 5067 2052 5134 ipso
2086 5062 2321 5119 vicissim
2360 5061 2519 5119 Patre
2558 5065 2889 5120 continetur.
2924 5064 3058 5121 Nam
3094 5084 3124 5121 a
3165 5068 3325 5125 Patre
3358 5087 3503 5127 coni·

1938 5157 2259 5228 prehensus,
2294 5162 2351 5209 et
2383 5154 2435 5207 in
2470 5163 2696 5222 paterno
2729 5156 2847 5210 sinu
2882 5163 3172 5223 exsistens,
3208 5161 3507 5228 inexplica-

1939 5247 2032 5305 bili
2055 5245 2292 5316 quodam
2319 5244 2477 5300 modo
2498 5247 2659 5303 etiam
2685 5249 2898 5319 propria
2922 5265 3082 5306 carne
3104 5251 3499 5306 continebatur.

1941 5338 2081 5395 ldem
2112 5334 2207 5392 Dei
2239 5335 2407 5394 Filius
2430 5338 2591 5395 tertia
2617 5340 2703 5396 die
2732 5339 2927 5396 revixit
2955 5339 3143 5396 inseris
3167 5338 3499 5408 despoliati<,

1939 5438 1995 5488 et
2026 5443 2149 5483 cum
2184 5414 2401 5497 propria
2428 5443 2591 5485 carne
2619 5428 2781 5487 nobis
2808 5429 3084 5501 apparuit,
3118 5444 3225 5501 qno
3255 5427 3501 5484 videlicet

954 5625 993 5653 ¹¹
1029 5619 1185 5677 Joan.
1218 5637 1271 5687 x,
1301 5620 1388 5678 18.
1465 5621 1507 5653 ¹¹
1536 5619 1678 5677 Psal.
1703 5633 1795 5684 xv,
1831 5614 1899 5672 {0
1928 5633 1944 5684 ;
1974 5618 2097 5673 Act.
2133 5630 2194 5682 ιι,
2222 5613 2314 5671 3¹.

3070 5695 3152 5761 ⁴5
