3809 6125
279 301 412 361 ¹3ss

1409 298 1596 368 ouon
1635 298 1818 355 uuus
1856 298 1965 354 sir
2005 283 2372 357 cttntsrus.

3412 296 3550 353 1542

277 418 422 488 ὑπὲρ
475 416 762 488 ἁμαρτιῶν
803 414 931 487 περὶ
957 413 1117 486 ἡμῶν
1161 413 1419 479 ἀπέθανε,
1462 413 1673 478 δίκαιος
1717 414 1860 487 ὑπὲρ
1887 420 1933 476 Α
1964 425 2145 469 manet
2194 423 2375 469 tamen
2419 413 2582 469 etiam
2635 413 2739 467 lioc
2791 420 2949 481 paeto
2994 422 3193 479 expers
3238 413 3547 477 passionis.

274 506 500 574 ἀδίκων,
525 506 615 562 ῖνα
635 507 783 578 ἡμᾶς
807 503 1135 579 προσαγάγῃ
1155 505 1294 577 Θεῷ,
1319 505 1650 569 θανατωθεὶς
1671 507 1858 579 σαρκὶ,

273 595 634 668 ζωοποιηθεὶς
669 597 729 651 δὲ
759 596 1052 668 πνεύματι.
1084 615 1105 649 ι
1125 596 1372 652 ’Δνθότου
1419 595 1547 668 γὰρ,
1585 596 1719 667 φαίη
1768 598 1857 662 ἂν,

270 684 448 761 οἶμαι,
477 690 582 756 τὶς,
612 688 710 760 οὐχ
735 689 922 753 ἁπλῶς
947 690 980 761 ἢ
1008 689 1328 761 ἀδιορίστως
1348 688 1453 762 ἔφη
1480 689 1674 744 παθεῖν
1697 687 1860 744 αὐτὸν

269 781 300 835 ὀ
330 782 798 853 πνευματοφόρος,
817 779 1361 855 προσεπήνεγκε[δὲ],
1377 780 1451 851 τῇ
1470 785 1655 850 σαρκί
1668 797 1689 845 ;
1703 780 1858 854 ᾜδει

271 871 403 943 γὰρ,
428 872 549 944 ᾔδει
600 871 734 945 περὶ
783 871 918 927 Θεοῦ
963 874 1161 943 λέγων·
1216 872 1496 942 τοιγάρτοι
1541 872 1603 924 τὸ
1646 870 1858 934 ἀπαθὲς

272 964 713 1038 προσνενέμηκεν
736 966 903 1037 αὐτῷ,
921 965 1057 1020 καθὸ
1077 948 1276 1019 νοεῖται
1293 964 1446 1030 Θεὸς,
1464 963 1858 1035 εὐτεχνέστατα

272 1056 657 1127 προσενεγκὼν
694 1056 770 1128 τῇ
812 1058 1013 1128 σαρκί,
1044 1059 1173 1131 περὶ
1200 1057 1269 1129 ἢν
1296 1057 1365 1118 ἂν
1393 1058 1605 1127 γένοιτο
1655 1055 1717 1109 τὸ
1744 1073 1856 1110 πα-

272 1145 406 1202 θεῖν.

337 1413 401 1469 Β.
433 1413 573 1468 Ἀλλ’
595 1414 834 1469 ἐοικέναι
863 1413 998 1484 φασὶ
1029 1412 1408 1487 τερατολογίᾳ,
1436 1405 1532 1472 καὶ
1555 1413 1854 1470 ἀπονεῦσαι

267 1505 388 1562 λίαν
422 1507 502 1570 είς
527 1506 587 1560 τὸ
616 1505 897 1565 ἀπιθάνως
923 1504 1065 1577 ἔχον,
1090 1504 1153 1558 τὸ
1192 1506 1392 1578 χρῆναι
1415 1488 1620 1576 λέγειν,
1638 1504 1731 1559 τὸν
1754 1504 1856 1558 αὐ-

267 1597 358 1652 τὸν
391 1597 487 1652 καὶ
524 1597 717 1652 παθεῖν
758 1598 852 1651 καὶ
898 1596 972 1667 μὴ
1019 1595 1314 1652 παθεῖν.Ἧ
1343 1597 1453 1667 γὰρ
1486 1598 1625 1662 ὅλως
1657 1598 1717 1651 οὐ
1755 1598 1855 1651 πέ-

267 1690 554 1755 πονθενώς
574 1691 730 1756 Θεὸς,
761 1690 819 1761 ἢ,
844 1691 894 1743 εἰ
917 1688 1245 1744 πεπονθέναι
1270 1689 1508 1759 λέγεται,
1535 1689 1653 1756 πῶς
1679 1690 1747 1745 ἂν
1766 1692 1852 1764 εἴη

267 1782 433 1849 Θεός;
490 1784 698 1838 Οὐκοῦν
727 1783 757 1836 ὁ
787 1781 974 1839 παθὼν
1020 1784 1180 1837 νοοῖτ’
1212 1782 1280 1837 ἂν
1318 1784 1480 1855 μόνος
1522 1782 1554 1837 ό
1584 1784 1650 1837 ἐκ
1689 1783 1856 1857 σπέρ-
1885 1764 1930 1819 Β

268 1890 438 1946 ματος
475 1873 569 1927 τοῦ
609 1873 791 1929 Δαδίδ.

335 2059 400 2110 Α.
415 2055 611 2119 Καίτοι
628 2053 744 2118 πῶς
760 2055 861 2109 οὐκ
874 2053 1140 2126 ἀδρανοῦς
1157 2054 1400 2120 διανοίας
1416 2053 1642 2127 ἔλεγχος
1658 2056 1747 2127 εἴη
1764 2055 1851 2122 ἂν,

268 2145 360 2200 καὶ
379 2143 525 2215 μάλα
539 2144 738 2216 σαφὴς,
752 2145 814 2199 τὸ
828 2146 987 2198 ταυτὶ
1004 2144 1070 2217 δὴ
1089 2145 1277 2216 φάναι,
1297 2148 1514 2219 καὶμὴν
1533 2149 1629 2202 καὶ
1639 2146 1855 2202 ἑλέσθαι

266 2242 514 2312 φρονεῖν;
541 2239 618 2292 Οὐ
638 2238 746 2309 γάρ
767 2238 944 2293 κοινὸν
967 2239 1252 2311 ἄνθρωπον
1279 2240 1514 2296 δέδωκεν
1537 2242 1677 2313 ὑπερ
1701 2242 1856 2313 ἡμῶν

265 2334 293 2386 ὁ
319 2331 450 2395 Θεὸς
474 2332 570 2384 καί
597 2331 808 2403 Πατὴρ,
839 2332 917 2395 ὡς
950 2334 1010 2384 ὲν
1042 2316 1267 2401 μεσίτου
1295 2334 1446 2398 τάξει
1475 2334 1859 2405 παρειλημμέ·

266 2440 377 2488 νον,
414 2425 508 2477 καὶ
547 2423 930 2477 καταπλαστὸν
953 2423 1144 2495 ἔχοντα
1165 2426 1266 2496 τὴν
1286 2427 1384 2496 τῆς
1407 2427 1654 2498 υίότητος
1676 2427 1854 2492 δόξαν,

267 2515 362 2571 καὶ
378 2518 599 2586 σχετικῇ
619 2515 881 2586 συναφείᾳ
895 2516 1277 2587 τετιμημένον,
1291 2517 1406 2569 ἀλλ’
1426 2516 1630 2572 evezam
1645 2517 1722 2588 τῷ
1735 2518 1856 2573 καθ’

266 2608 434 2676 ἡμᾶς,
459 2606 527 2660 δι’
550 2608 696 2679 ἡμᾶς
726 2606 1010 2675 γεγονότα,
1037 2607 1130 2662 τὸν
1162 2607 1301 2678 ὑπὲρ
1323 2609 1507 2662 πᾶσαν
1528 2608 1626 2681 τὴν
1655 2609 1855 2675 κτίσιν,

265 2698 358 2751 τὸν
389 2699 452 2751 ὲκ
483 2700 584 2769 τῆς
630 2697 820 2762 οὐσίας
861 2697 1031 2752 αὑτοῦ
1079 2698 1358 2769 πεφηνότα
1404 2685 1598 2769 Λόγον,
1628 2700 1714 2753 ἵνα
1763 2702 1859 2754 καὶ

263 2787 440 2861 ὁρῷτο
484 2790 583 2859 τῆς
630 2790 888 2845 ἁπάντων
917 2788 1063 2869 ζωῆς
1088 2789 1526 2855 ἀντάξιος.Ἔστι
1565 2791 1642 2855 δὲ,
1677 2786 1857 2861 οἶμαι,

265 2882 376 2936 τῶν
425 2881 545 2934 λίαν
592 2881 1013 2947 ὲκτοπωτάτων,
1047 2883 1249 2955 σαρκὸς
1298 2864 1440 2937 κατὰ
1489 2881 1586 2946 τὰς
1635 2883 1859 2955 Γραφὰς

267 2978 576 3047 γεγονότος,
612 2971 689 3041 ὡς
735 2972 894 3047 ἔφην,
924 2973 1022 3026 τοῦ
1071 2975 1434 3044 Μονογενοῦς,
1475 2974 1570 3030 καὶ
1609 2976 1710 3029 οὐκ
1753 2976 1858 3029 ἀπ·

270 3065 602 3132 αξιώσαντος
635 3067 733 3136 τὴν
761 3061 1098 3132 οἰκονομίαν,
1132 3067 1553 3136 μονονουχὶ·καὶ
1599 3067 1860 3139 ἐπιτιμᾷν

271 3157 422 3228 αὐτῷ
450 3173 568 3218 πως
595 3159 660 3228 τῇ
695 3157 798 3228 ἰδίᾳ
822 3157 950 3228 δόξῃ
989 3155 1391 3228 μεμαχημὲνῳ,
1414 3155 1521 3208 ,καὶ
1558 3160 1722 3228 σαρκὶ
1755 3177 1859 3213 πα-

273 3254 386 3307 θεῖν
419 3250 570 3320 παρὰ
605 3251 666 3303 τὸ
710 3250 857 3315 εἰκὸς
890 3249 1149 3321 ἑλομένῳ.
1169 3249 1309 3302 Ἀλλ’
1338 3246 1427 3323 ἦν,
1460 3241 1510 3307 ὦ
1534 3253 1767 3321 γενναῖε,
1799 3255 1860 3311 τὸ

272 3343 464 3414 χρῆμα
486 3345 752 3412 σωτήριον
785 3339 864 3412 τῷ
884 3339 1077 3410 κόσμῳ
1106 3338 1288 3397 παντί.
1304 3339 1526 3412 Ἐπειδὴ
1550 3341 1604 3394 δὲ
1627 3341 1860 3414 ἠθέλησε

270 3435 358 3488 διὰ
406 3433 565 3487 τοῦτο
616 3431 809 3491 παθεῖν
842 3433 870 3485 6
906 3430 1051 3501 πέρα
1090 3428 1188 3485 τοῦ
1222 3426 1484 3484 δύνασθαι
1525 3431 1744 3494 παθεῖν,
1773 3431 1863 3487 διά

271 3544 355 3582 τοι
405 3527 469 3581 τὸ
513 3522 655 3581 εἶναι
687 3524 869 3605 ,φύσει
914 3520 1068 3588 Θεὸς,
1099 3523 1199 3595 τῆν
1248 3523 1340 3578 τοῦ
1382 3523 1572 3580 παθεῖν
1607 3525 1863 3598 δεκτικὴν

274 3622 591 3691 ἠμπέσχετο
636 3619 839 3690 σάρκα,
889 3618 986 3671 καὶ
1032 3616 1166 3671 ἰδίαν
1220 3617 1501 3687 ἀπέφηνεν
1549 3618 1742 3691 αὐτὴν,
1775 3620 1864 3674 ἵνα

276 3712 370 3766 καὶ
398 3712 564 3765 αὑτοῦ
595 3710 805 3778 λέγοιτο
841 3710 904 3764 τὸ
933 3708 1147 3772 παθεῖν,
1173 3709 1252 3763 ὅτι
1288 3709 1362 3782 μὴ
1398 3709 1457 3763 τὸ
1485 3710 1673 3780 ἑτέρου
1695 3711 1861 3775 τινὸς,

277 3805 411 3860 ἀλλὰ
447 3804 507 3856 τὸ
541 3801 704 3856 αὑτοῦ
742 3801 976 3857 πέπονθε
1023 3801 1202 3871 σῶμα.
1233 3801 1442 3856 Οὐκοῦν
1487 3802 1722 3868 διδόντος
1767 3803 1863 3858 τοῦ

274 3897 478 3968 τρόπου
527 3896 626 3966 τῆς
677 3893 988 3965 οἰκονομίας
1040 3892 1390 3965 ἀνεγκλήτως
1446 3893 1594 3965 αὐτῷ
1638 3895 1735 3949 καὶ
1781 3894 1862 3962 τὸ,

280 3990 444 4059 σαρκὶ
475 3988 572 4058 μὲν
601 3987 818 4041 ἑλέσθαι
856 3985 1074 4049 παθεῖν,
1101 3984 1328 4056 Θεότητι
1358 3984 1417 4037 δὲ
1446 3987 1521 4057 μὴ
1559 3986 1752 4039 παθεῖν
1776 3981 1865 4055 (ἦν

280 4079 386 4151 γὰρ
420 4081 477 4132 ὲν
505 4078 652 4149 αὐτῷ
680 4078 814 4142 Θεός
837 4095 895 4132 τε
918 4074 1054 4148 ὁμοῦ
1082 4077 1176 4130 καί
1193 4074 1526 4145 ἄνθρωπος),
1553 4076 1866 4146 περιττολο-

278 4171 468 4239 γοῦσιν
497 4171 546 4222 οἱ
576 4167 899 4232 διεναντίας,
931 4167 1028 4221 καὶ
1055 4165 1151 4236 τὴν
1177 4163 1272 4218 τοῦ
1312 4164 1611 4237 μυστηρίου
1635 4163 1867 4237 δύναμιν

235 4327 241 4335 ,
281 4261 664 4318 άσυνετὼτατα
715 4259 1146 4331 κιόδηλεύοντες,
1193 4259 1396 4313 οἴονται
1444 4260 1584 4330 τάχα
1633 4277 1735 4315 που
1772 4261 1868 4315 καὶ

282 4355 504 4410 ἱπαίνου
537 4352 740 4424 μεστὴν
765 4353 1033 4405 ποιεῖσθαι
1055 4351 1388 4428 τὴν-ἕνωσιν,
1413 4350 1617 4405 Ἐδόκει
1638 4352 1737 4422 μὲν
1758 4352 1869 4424 γάρ

1962 515 2230 574 quatenus
2258 515 2344 559 εει
2375 503 2535 559 Deus.
2569 503 2778 559 ideirco
2810 510 2866 556 et
2900 501 3116 554 divinus
3148 499 3340 555 Petrus
3368 501 3501 555 dicit
3530 520 3545 558 :

1966 611 1984 645 ι
2016 594 2152 659 Quia
2190 593 2438 648 Christus
2464 592 2631 647 semel
2665 606 2764 661 pro
2808 591 3045 659 peccatis
3072 590 3277 645 nostris
3297 598 3549 661 „mortuus

1960 693 2067 746 est.
2101 684 2283 753 justus
2308 699 2405 752 pro
2432 682 2667 753 injustis,
2696 692 2754 737 ut
2786 697 2884 738 uos
2908 680 3132 737 offerret
3178 681 3308 745 Deo,
3351 682 3546 736 morti·

1962 774 2153 831 licatus
2178 776 2394 843 quidem
2421 790 2607 839 carne,
2646 774 2953 844 vivificatus
2974 784 3156 827 autem
3186 772 3391 841 Spiritu
3420 773 3487 827 ⁸¹.
3521 794 3542 827 »

1958 864 2067 921 Cur
2119 866 2287 932 enim,
2344 867 2509 931 dicat,
2548 875 2609 919 ut
2645 864 2906 930 arbitror,
2964 863 3197 932 aliquiS,v
3246 878 3352 917 non
3413 864 3550 920 dixit

1957 960 2249 1029 Apostolus
2277 959 2596 1027 simpliciter
2618 966 2780 1025 atque
2806 955 3085 1011 indefinite
3117 969 3338 1023 passum
3369 955 3545 1021 ipsum

1955 1067 2077 1110 esse
2105 1070 2120 1108 ι
2153 1051 2249 1107 sed
2298 1051 2520 1120 adjecit,
2547 1049 2747 1105 carne?
2785 1048 3096 1103 Artificiose
3144 1061 3275 1120 vero
3320 1047 3543 1114 adjecit,

1957 1163 2117 1201 carue
2147 1162 2167 1201 .·
2191 1157 2403 1202 utrum
2442 1143 2611 1199 Deum
2646 1144 2821 1213 ipsum
2848 1156 2968 1196 esse
3006 1139 3196 1205 sciret,
3238 1139 3544 1210 passionem

1957 1239 2105 1295 carni
2147 1237 2411 1293 accidisse
2437 1236 2707 1307 significet
2740 1250 2755 1289 ι
2785 1233 3067 1289 Christum
3094 1246 3245 1300 vero,
3277 1240 3545 1301 quatenus

1959 1337 2045 1385 est
2102 1327 2266 1393 Deus,
2298 1327 2570 1398 passionis
2594 1333 2875 1396 expertem
2906 1322 3097 1380 ruisse.

2028 1418 2091 1473 B.
2131 1419 2397 1474 Caeterum
2438 1417 2671 1487 prodigii
2711 1414 2889 1472 simile
2937 1429 3057 1470 εεεε
3108 1414 3331 1477 dieunt,
3374 1422 3541 1483 atque

1958 1509 2272 1566 incredibile
2318 1509 2658 1578 absurdoque
2707 1508 3057 1578 proximum,
3110 1506 3339 1565 dicere:
3388 1518 3544 1559 eum-

1958 1606 2077 1676 dem
2112 1614 2166 1658 et
2193 1617 2409 1673 passum
2439 1614 2558 1656 esse
2613 1610 2667 1654 et
2695 1614 2800 1653 non
2831 1613 2950 1654 esse
2982 1612 3221 1668 passum.
3254 1596 3365 1652 Aut
3392 1596 3541 1652 enim

1955 1716 2177 1773 prorsus
2231 1715 2337 1756 non
2383 1707 2469 1755 est
2524 1712 2736 1767 passus,
2784 1702 2845 1749 ut
2877 1694 3064 1749 Deus:
3118 1699 3211 1746 aut
3262 1691 3306 1747 si
3351 1705 3542 1761 passus

1956 1808 2077 1849 esse
2116 1792 2334 1861 dicitur,
2364 1790 2631 1859 quomodo
2660 1788 2733 1842 sit
2764 1786 2944 1841 Deus?
2970 1784 3318 1842 censendum
3355 1783 3541 1852 itaque

1958 1895 2037 1940 est
2086 1885 2259 1939 solum
2314 1896 2435 1937 eum
2484 1880 2575 1950 qui
2627 1888 2810 1934 estex
2860 1877 3069 1933 semine
3109 1874 3276 1930 David
3321 1888 3541 1945 passum

1958 1989 2098 2029 esse.

2029 2068 2097 2125 A.
2137 2067 2209 2121 At
2249 2080 2378 2119 vero
2423 2061 2698 2133 quomodo
2747 2075 2855 2116 non
2907 2060 2981 2114 sit
3039 2056 3541 2114 manifestissimum

1958 2165 2330 2229 argumentum
2368 2154 2653 2210 imbecillis
2694 2152 3028 2215 intellectus,
3062 2150 3368 2218 huiusmodi
3408 2148 3545 2219 quid

1958 2252 2165 2308 sentire
2202 2248 2504 2305 aedicere?
2542 2246 2727 2315 Neque
2758 2244 2901 2299 enim
2939 2258 3280 2298 communem
3325 2256 3389 2297 ac
3426 2240 3545 2295 vul-

1957 2357 2140 2412 garem
2172 2340 2442 2394 bominem
2480 2336 2702 2391 tradidit
2733 2332 2875 2388 Deus
2906 2348 3002 2402 pro
3029 2331 3201 2391 nobis.
3233 2331 3406 2386 instar
3438 2343 3545 2383 me·

1959 2432 2182 2486 ‹flaturis
2212 2438 2571 2499 assumptum,
2600 2437 2657 2483 et
2689 2419 2927 2484 ascititia
2973 2425 3093 2480 Filii
3131 2417 3299 2493 gloria
3348 2421 3543 2487 praedi-

1962 2532 2097 2585 tum,
2142 2529 2197 2575 et
2233 2520 2423 2576 stricta
2470 2520 2700 2588 quadam
2752 2518 3137 2587 conjunctione
3185 2514 3544 2568 decoratum:

1959 2617 2052 2670 sed
2089 2627 2303 2669 omnem
2348 2621 2651 2667 creaturam
2692 2625 3031 2679 exsuperans
3060 2608 3297 2662 Verbum
3348 2602 3413 2658 e‘x
3458 2617 3548 2657 εε·

1959 2706 2133 2762 sentia
2164 2705 2334 2774 ipsius
2379 2703 2641 2774 genitum,
2674 2704 2846 2757 nostri
2894 2702 3125 2756 similem
3176 2705 3401 2770 propter
3447 2711 3547 2751 nos

1959 2800 2161 2853 factum
2193 2835 2209 2862 ,
2263 2807 2322 2851 ιιι
2380 2805 2698 2850 cerneretur
2740 2796 2983 2849 onmium
3029 2792 3153 2846 vitae
3199 2790 3376 2858 pretio
3428 2803 3548 2859 par.

1961 2890 2361 2947 perabsurdum
2393 2897 2572 2942 autem
2600 2887 2979 2957 judicaverim,
3019 2900 3141 2939 cum
3182 2881 3505 2952 [inigenitus
3528 2921 3544 2945 .

1965 2994 2022 3039 ut
2048 2984 2182 3049 dixi,
2211 2997 2336 3036 caro
2376 2982 2676 3036 seeuiulum
2710 2980 3023 3048 Scripturas
3051 2976 3345 3042 aitsanctus,
3375 2986 3429 3030 et
3456 2977 3549 3029 iu-

1963 3080 2333 3137 carnatioueut
2364 3078 2682 3147 dedignatus
2710 3090 2814 3129 non
2851 3075 3036 3134 luerit,
3070 3073 3243 3142 ipsum
3276 3070 3550 3138 quodam·

1965 3174 2126 3231 niodo
2150 3171 2372 3243 culpare
2413 3183 2477 3226 ae
2509 3166 2929 3241 reprehendere,
2961 3175 3215 3232 tanquam
3246 3160 3336 3230 qui
3371 3158 3552 3228 priva-

1965 3278 2032 3323 tae
2059 3281 2168 3321 suae
2193 3264 2377 3336 gloriae
2405 3263 2678 3327 offecerit,
2702 3271 2756 3315 et
2778 3275 2944 3314 carue
2971 3256 3079 3328 pati
3113 3263 3312 3328 proeter
3336 3265 3560 3324 aequunt

1964 3357 2217 3412 voluerit.
2258 3355 2529 3411 Caeterum
2562 3352 2665 3407 suit
2692 3366 2755 3406 ea
2793 3366 2881 3406 res
2930 3350 3135 3406 mutulo
3164 3348 3419 3401 universo
3460 3360 3551 3401 sa-

1967 3450 2180 3504 lutaris.
2213 3447 2348 3502 Cum
2371 3457 2549 3501 autem
2584 3444 2790 3499 idcirco
2819 3442 2929 3512 pati
2963 3438 3192 3495 voluerit
3222 3439 3268 3492 is
3300 3438 3352 3492 iu
3390 3451 3549 3506 quem

1966 3543 2112 3599 nulia
2153 3541 2339 3610 passlo
2380 3539 2574 3595 cadere
2614 3544 2813 3606 potest,
2859 3534 3003 3605 quod
3046 3530 3301 3585 nimirum
3342 3529 3413 3584 sit
3454 3543 3551 3581 na-

1968 3647 2088 3690 tura
2128 3632 2302 3701 Deus,
2350 3631 2551 3687 idcireo
2596 3641 2818 3683 carnem
2864 3624 3134 3695 passionis
3178 3635 3426 3689 capacem
3479 3616 3564 3670 iu·.

1970 3727 2108 3793 duit,
2140 3738 2373 3794 eamque
2410 3719 2682 3790 propriam
2709 3730 2862 3771 suam
2886 3713 3180 3768 declaravit
3206 3729 3219 3765 ε
3255 3713 3327 3764 ita
3354 3719 3412 3762 ut
3440 3704 3551 3777 ipse

1968 3819 2243 3873 diceretur
2269 3815 2401 3884 pati.
2426 3811 2613 3880 Neque
2654 3811 2797 3864 enim
2847 3806 3073 3860 alterius
3101 3802 3427 3871 cujuspiam,
3456 3801 3560 3856 sed

1968 3924 2124 3966 suum
2158 3908 2329 3977 ipsius
2360 3919 2559 3973 corpus
2584 3915 2801 3971 passum
2825 3895 3104 3953 est.-Cuin
3144 3896 3327 3961 itaque
3373 3891 3552 3944 incar-

1969 4002 2206 4058 nationis
2238 3999 2376 4054 ratio
2412 3997 2463 4052 id
2500 3995 2673 4056 serat.
2704 3993 2861 4062 eique
2894 3990 3096 4044 tribuat
3134 3994 3189 4040 ut
3237 3998 3401 4040 earne
3431 3980 3553 4053 qui-

1970 4095 2092 4148 dem
2141 4091 2248 4161 pati
2290 4089 2540 4154 voluerit,
2593 4085 2803 4141 Deitate
2850 4096 2980 4138 xero
3030 4077 3373 4150 nequaquam
3409 4078 3562 4148 (erat

1970 4186 2117 4241 enim
2150 4185 2202 4239 in
2238 4185 2357 4255 ipso
2385 4182 2529 4236 Deus
2561 4179 2722 4234 simul
2758 4187 2810 4231 et
2835 4172 3019 4242 honio)
3045 4214 3060 4240 ,
3090 4170 3386 4226 adversarii
3416 4167 3554 4222 mul-

1974 4279 2047 4332 tis
2098 4274 2350 4330 inanibus
2407 4270 2590 4325 verbis
2638 4270 2993 4335 obstrepunt,
3044 4274 3099 4318 et
3152 4259 3393 4332 mysterii
3447 4256 3563 4311 vim

1976 4376 2141 4435 atque
2171 4365 2426 4418 virtutem
2455 4356 2862 4429 imperitissime
2886 4353 3276 4413 adulterantes,
3303 4347 3558 4402 eximiam

283 4464 400 4510 πως
446 4443 870 4519 προστρῖὅῑῖθαί
919 4461 1043 4499 ‘⁶²2²
1081 4442 1271 4515 μῶμον
1301 4442 1451 4514 αὐτῷ
1503 4442 1567 4496 τὸ
1594 4443 1688 4496 καὶ
1729 4443 1866 4509 ὅλως
1899 4476 1943 4530 1)
1973 4457 2262 4528 quamdam
2294 4465 2349 4509 et
2382 4453 2558 4507 laudis
2591 4450 2805 4521 plenam
2851 4446 3115 4500 unitatem
3158 4449 3347 4512 putant
3390 4440 3561 4494 couti·-

283 4541 500 4596 ἑλέσθαι
553 4540 718 4609 σαρκὶ
758 4537 972 4602 παθεῖν,
1008 4537 1122 4591 ἀλλ’
1151 4532 1219 4613 ἦν
1252 4537 1455 4608 ἑτέρως
1489 4536 1866 4601 εὐκλεές.”οτι

284 4634 393 4704 γάρ
441 4635 556 4686 ἐστι
606 4631 838 4686 θανάτου
884 4630 1147 4699 κρείττων
1193 4627 1288 4682 καὶ
1341 4627 1568 4701 φθορᾶς,
1605 4627 1719 4700 ζωὴ
1771 4627 1869 4683 καὶ

286 4721 549 4787 ζωοποιὸς
577 4719 859 4790 ὑπάρχων,
882 4718 910 4769 ὁ
927 4717 1080 4781 Θεὸς,
1114 4716 1540 4790 μεμαρτύρηκεν
1566 4720 1599 4790 ἡ
1629 4718 1869 4773 ἀνάστα-

289 4832 390 4878 σις.
407 4815 706 4884 Ἐγήγερκε
734 4813 844 4882 γὰρ
873 4809 965 4863 τὸν
991 4810 1186 4864 ἑαυτοῦ
1212 4809 1361 4865 ναόν.
1389 4809 1679 4882 Τοιγάρτοι
1703 4811 1870 4882 φησὶν

285 4909 313 4961 ὁ
342 4906 626 4968 θεσπέσιος
657 4903 888 4970 Παῦλος·
914 4903 950 4956 ἰ
981 4903 1056 4957 Οὐ
1085 4902 1196 4973 γὰρ
1223 4882 1624 4974 ,ὲπαισχύνομαί
1657 4903 1721 4957 τὸ
1765 4903 1872 4959 Εὐ-

286 4996 557 5066 αγγέλιον·
589 4995 816 5065 δύναμις
843 4995 950 5067 γὰρ
983 4994 1118 5049 Θεοῦ
1143 4997 1289 5047 ἐστιν
1310 4995 1391 5058 εἱς
1413 4992 1688 5065 σωτηρίαν
1708 4993 1872 5049 παντὶ

291 5091 367 5161 τῷ
395 5089 725 5143 πιστεύοντι.
762 5107 780 5140 ι
823 5090 932 5143 Καὶ
960 5087 1154 5142 πάλιν·
1195 5085 1295 5139 ιύ
1339 5084 1496 5154 λόγος
1546 5084 1657 5156 γὰρ
1699 5088 1728 5139 ὁ
1773 5085 1870 5139 τοῦ

292 5181 546 5252 σταυροῦ,
573 5182 685 5244 τοῖς
716 5180 815 5250 μὲν
838 5179 1233 5248 ἀπολλυμένοις
1265 5178 1449 5249 μωρία
1507 5178 1646 5241 ἐστὶ,
1674 5180 1786 5242 τοῖς
1813 5177 1872 5232 δὲ

293 5273 620 5343 σωζομένοις
647 5273 781 5343 ἡμῖν
813 5270 1043 5340 δύναμις
1076 5267 1210 5322 Θεοῦ
1264 5270 1411 5322 ἐστιν
1437 5285 1451 5299 ·
1476 5268 1660 5333 αὐτοῖς
1681 5268 1740 5324 δὲ
1760 5271 1875 5334 τοῖς

294 5364 534 5433 κλητοῖς.
570 5359 846 5422 Ἰουδαίοις
899 5375 958 5411 τε
1006 5358 1100 5410 καὶ
1141 5356 1390 5428 Ἕλλησι,
1439 5357 1695 5428 Χριστὸς,
1740 5357 1875 5412 Θεοῦ

1972 4557 2115 4599 cere.
2182 4541 2572 4595 Existimaruut
2631 4539 2776 4592 euim
2833 4535 2935 4590 boc
2982 4535 3033 4588 ei
3086 4532 3261 4587 labem
3317 4529 3559 4599 aliquam

1972 4649 2280 4707 aspergere,
2313 4632 2455 4702 quod
2489 4630 2649 4703 767
2682 4628 2903 4684 οιιιιιὶιιο
2932 4626 3165 4680 voluerit
3201 4638 3366 4678 carue
3394 4621 3565 4689 mori,

1974 4735 2031 4781 at
2079 4733 2271 4781 contra
2318 4724 2527 4793 insigne
2578 4737 2643 4776 ac
2688 4721 3010 4792 praeclarum
3059 4724 3160 4772 est.
3206 4715 3363 4781 Quod
3411 4715 3559 4768 enim

1978 4827 2153 4875 morte
2192 4828 2358 4888 atque
2391 4816 2615 4870 interitu
2659 4813 2911 4885 superior
2945 4812 3052 4875 sit,
3082 4825 3206 4864 cum
3255 4809 3326 4862 sit
3355 4806 3462 4860 vita
3507 4815 3565 4861 et

1976 4909 2294 4974 vivificans,
2350 4917 2536 4977 utpote
2592 4907 2772 4968 Deus,
2825 4900 3156 4957 resurrectio
3210 4907 3404 4953 testata
3454 4908 3565 4950 est.

1980 5001 2277 5058 Suscitavit
2320 4999 2464 5054 enim
2511 5013 2666 5053 suum
2708 4995 2877 5067 ipsius
2923 4991 3202 5062 templum.
3251 4987 3459 5043 idcirco
3505 4996 3564 5040 et

1980 5095 2195 5151 divinus
2239 5092 2442 5147 Paulus
2490 5089 2711 5159 inquit:
2753 5078 2786 5140 ἰ
2841 5083 2960 5140 Non
3008 5085 3271 5140 erubeseo
3311 5078 3561 5147 Evange-

1982 5185 2137 5240 lium.
2169 5181 2356 5239 Virtus
2383 5181 2526 5237 enim
2568 5179 2660 5234 Dei
2711 5184 2797 5232 est
2859 5175 2913 5228 in
2958 5173 3187 5229 salutem
3246 5167 3396 5222 ouini
3446 5185 3561 5221 cre·

1975 5277 2119 5332 denti
2140 5277 2208 5329 ⁸¹.
2244 5295 2265 5328 ι
2296 5274 2363 5330 Et
2391 5287 2646 5330 rursum:
2683 5288 2702 5322 ι
2734 5266 2972 5324 Verbum
3000 5262 3145 5317 cuim
3176 5257 3358 5315 crucis
3382 5298 3397 5320 .
3442 5271 3559 5325 per-

1976 5368 2232 5424 euntibus
2275 5366 2491 5438 quidem
2535 5361 2765 5419 stultitia
2796 5366 2876 5416 est
2911 5372 2926 5410 ι
2968 5355 3035 5410 iis
3066 5362 3246 5408 autem
3286 5348 3378 5418 qui
3426 5343 3560 5402 salvi

291 5455 521 5524 δύναμις
582 5455 675 5506 ’‘²''-
727 5449 864 5506 83οὖ
917 5451 1099 5518 σοφία·
1132 5467 1150 5500 ’
1188 5449 1297 5501 Καὶ
1346 5447 1454 5520 μὴν
1506 5450 1599 5502 δαὶ
1641 5449 1807 5513 αὐτὸς
1850 5450 1878 5503 ὁ
1980 5457 2137 5520 Γιιιιιι,
2167 5455 2280 5510 boe
2313 5463 2398 5510 est
2450 5453 2640 5519 nobis,
2692 5448 2787 5505 Dei
2840 5447 3012 5501 virtus
3054 5451 3157 5499 est.
3206 5437 3340 5509 ipsis
3377 5446 3560 5491 autem

300 5545 444 5608 Υἱὸς,
481 5544 689 5614 μέλλων
741 5542 1055 5596 ἀναίὶαίνειν
1101 5541 1192 5593 ἐπὶ
1238 5538 1301 5591 τὸ
1347 5541 1615 5612 σωτήριον
1667 5539 1875 5610 πάθος,

336 5717 378 5752 ²⁸
418 5718 434 5773 Ι
477 5718 621 5773 Petr.
660 5734 737 5777 ιιι.
778 5716 858 5772 18.
937 5720 978 5749 ”
1022 5717 1174 5771 Rom.
1209 5732 1246 5783 ι,
1286 5716 1368 5772 t6.

1979 5548 2185 5604 vocatis
2212 5544 2412 5604 luda-is
2438 5553 2600 5614 atque
2628 5539 2855 5609 Graecis,
2883 5536 3133 5595 Christus
3155 5529 3251 5589 Dei
3283 5529 3476 5595 virtus,
3505 5535 3558 5585 et
