3809 6125
429 315 565 375 tort

1453 319 1513 375 S.
1553 313 1832 373 CYRILLI
1870 312 2339 369 ALEXANontNt
2379 310 2699 367 Anctttm‘.

3565 301 3700 359 tots

426 433 527 490 bus
560 449 654 503 per
671 434 965 504 pretiosam
1015 449 1229 491 crucem
1290 442 1344 492 et
1366 450 1461 505 per
1488 422 1940 491 ‘resurrectionem
1967 444 1993 483 a
2025 432 2069 489 Α
2100 429 2285 501 ἀρχῶν
2318 428 2412 483 καὶ
2451 429 2558 482 τῶν
2587 429 2684 485 σὺν
2724 426 2916 488 αύταῐς
2947 415 3229 489 ἐξουσιῶν,
3262 414 3352 470 διὰ
3379 413 3478 468 τοῦ
3511 417 3701 488 τιμίω

425 527 675 589 mortuis,
717 535 890 581 morte
942 541 1229 583 concussa.
1285 525 1482 582 Virtuti
1539 527 1699 597 igitur
1746 524 1995 595 propriae,

423 617 529 674 boc
578 627 666 673 est
730 617 888 680 Filio,
951 617 1114 674 Pater
1171 635 1291 675 cum
1339 620 1455 675 haee
1517 619 1697 674 omnia
1749 618 1995 675 facienda

423 710 692 779 permisit,
758 711 946 765 orbem
1004 711 1348 777 instauravit,
1405 712 1786 782 hominemque
1832 710 1998 778 capti-

408 812 546 852 ·vum
565 798 618 853 in
646 798 938 869 pristinum
966 809 1165 856 statum
1217 801 1454 857 reduxit.
1484 800 1748 874 Quocirca
1782 800 1998 855 dicebat

406 890 492 945 ‘ad
522 890 696 961 ipsum
729 907 944 963 quoque
973 892 1179 951 Filius:
1215 913 1235 948 ι
1277 894 1388 965 Ego
1424 904 1476 950 te
1501 892 1794 949 clarificavi
1833 906 1998 962 super

425 990 644 1049 terram,
703 1000 839 1056 opus
879 988 1251 1043 consummavi
1303 988 1447 1058 quod
1501 986 1698 1044 dedisti
1752 985 1888 1041 mibi·
1938 992 1996 1039 ut

419 1070 612 1128 faciam
645 1072 708 1129 ⁸⁸.
750 1093 769 1126 ι

487 1248 552 1315 Β.
584 1248 906 1307 Rectissime
931 1251 1136 1309 dixisti.

486 1342 554 1397 A.
591 1342 722 1399 Vide
738 1357 890 1414 ergo,
913 1345 1052 1400 utin
1083 1354 1325 1416 tempore
1346 1346 1624 1415 praesenti.
1683 1347 1991 1416 corruptio-

416 1448 486 1488 ne
513 1432 691 1488 adbuc
714 1434 1048 1502 dominante,
1101 1444 1158 1491 et
1212 1445 1438 1504 peccato
1479 1435 1716 1492 nondum
1767 1452 1991 1508 prorsus

415 1523 647 1591 subiato,
678 1532 729 1580 et
765 1524 1012 1595 improbo
1067 1541 1132 1583 ac
1194 1526 1542 1584 fraudulento
1597 1528 1834 1584 dracone
1890 1530 1994 1583 im·

414 1616 621 1684 perium
651 1616 827 1671 adbuc
851 1616 904 1671 in
941 1617 1247 1674 increduius
1284 1618 1582 1683 obtinente,
1631 1617 1802 1673 divisa
1857 1633 1994 1689 quo·

415 1709 700 1764 dammodo
750 1708 824 1763 sit
876 1707 977 1764 Dei
1015 1710 1282 1778 potentia,
1337 1724 1403 1765 ac
1461 1709 1609 1765 vetut
1660 1710 1714 1765 in
1766 1711 1990 1781 ancipiti

415 1800 636 1866 haereat,
681 1813 804 1854 cum
828 1798 1016 1869 Iugum
1049 1799 1124 1853 itti
1153 1799 1331 1854 adbuc
1354 1801 1654 1866 excutiant,
1705 1801 1795 1870 qui
1848 1816 1992 1857 non-

413 1890 539 1945 dum
577 1890 889 1961 impostura}
950 1889 1362 1958 daemoniorum,
1421 1900 1477 1947 et
1532 1892 1661 1948 huic
1705 1893 1886 1964 impiae
1928 1909 1993 1951 nc

415 1993 643 2039 terrenae
681 1983 804 2038 vitae
834 1984 1248 2051 renuntiarunt;
1288 1985 1523 2040 instante
1561 1998 1692 2040 vero
1750 1995 1993 2056 tempore

411 2089 520 2142 quo
561 2089 709 2130 mors
746 2075 982 2142 deficiet,
1020 2083 1076 2130 et
1109 2076 1347 2147 potentia
1389 2076 1599 2145 peccati
1652 2087 1892 2142 corruet,
1937 2088 1993 2132 et

413 2163 501 2219 illa
550 2164 749 2220 diaboli
823 2166 1067 2235 tyrannis
1159 2167 1320 2236 piane
1382 2182 1603 2237 quoque
1655 2170 1987 2237 destruetur,

413 2271 622 2312 mentm
669 2271 733 2311 ac
761 2256 1035 2314 sincerum
1067 2259 1465 2327 quodammodo
1511 2259 1797 2330 imperium
1841 2260 1987 2317 Patri

412 2358 787 2420 repraesentat,
828 2358 884 2405 et
929 2350 1186 2406 deteriori
1230 2366 1337 2406 non
1411 2354 1702 2409 admistum
1761 2368 1986 2429 reguum

408 2444 575 2499 tradit
614 2444 722 2501 Deo
747 2442 972 2502 acPatri
1002 2442 1188 2501 Filius.
1228 2444 1388 2502 Solus
1427 2448 1572 2502 enim
1610 2446 1859 2517 regnabit
1891 2462 1990 2517 per

409 2528 586 2599 ipsum
625 2537 681 2585 et
747 2546 869 2587 eum
919 2533 1055 2603 ipso.
1105 2533 1538 2604 Dispensationis
1594 2535 1760 2607 igitur
1816 2536 1990 2591 adim-

409 2612 781 2688 pletionem,e‘t
800 2624 975 2678 omnis
995 2625 1237 2695 mysterii
1255 2624 1661 2695 perfectionem,
1681 2626 1988 2684 traditionis

407 2711 671 2769 vocabulo
687 2714 1013 2788 significavit
1035 2714 1122 2771 ilie
1149 2714 1352 2783 Spiritu
1371 2716 1468 2772 Dei
1495 2717 1708 2773 amatus
1725 2716 1983 2775 loannes.

405 2802 648 2872 Regnum
680 2804 880 2865 etenim
911 2806 1009 2861 Dei·
1028 2808 1097 2863 ab
1137 2806 1259 2863 aiiis
1295 2808 1697 2877 quodammodo
1750 2824 1989 2881 occupa-

406 2905 545 2963 tum,
572 2907 629 2952 et
653 2899 720 2951 ab
746 2897 815 2953 iis
870 2898 961 2967 qui
1011 2897 1324 2956 invaserant
1374 2908 1618 2972 ereptum
1668 2901 1863 2967 obtulit
1920 2917 1986 2958 ac

406 2990 624 3046 tradidit
651 2989 821 3045 Filius
850 2989 1023 3056 Patri,
1048 2991 1163 3063 ipse
1218 3006 1388 3061 regno
1442 3007 1787 3064 nequaquam
1835 2994 1986 3051 exci-

2103 520 2362 593 σταυροῦ,
2398 518 2844 583 κατασεισθέντος
2878 516 2936 571 δὲ
2971 511 3069 567 καὶ
3108 509 3339 565 Θανάτου
3370 506 3463 562 διὰ
3492 508 3602 579 τῆς
3639 508 3702 562 ἐκ

2101 614 2311 684 νεκρῶν
2358 610 2709 673 ἀναστάσεως
2760 607 2952 664 αὐτοῦ.
2990 603 3229 674 Δυνάμει
3275 599 3586 672 τοιγαροῦν
3631 603 3697 673 τῇ

2103 706 2227 781 ἰδίᾳ.
2269 705 2513 759 τουτέστι
2537 702 2616 774 τῷ
2642 699 2778 772 Υίῷ,
2795 700 2953 754 ταυτὶ
2972 699 3038 768 δὴ
3068 696 3360 767 σύμπαντα
3382 692 3698 764 κατορθοῦν

2098 798 2272 868 ἐφιεὶς
2302 799 2331 851 ό
2359 796 2569 868 Πατὴρ,
2599 790 3055 863 άνεκεφαλαιοῦτο
3082 790 3181 861 τὴν
3206 786 3577 858 οἰκουμένην,
3603 785 3696 841 καὶ

2098 887 2422 960 ἁνεκόμιζεν
2451 889 2531 951 είς
2556 886 2617 941 τὸ
2642 887 2701 940 ὲν
2725 886 2869 958 ἀρχῇ
2902 880 3178 955 δραπέτην
3202 879 3335 933 δντα
3354 877 3450 931 τόν
3480 877 3697 947 ἄνθρω-

2098 996 2219 1034 πον.
2247 978 2541 1051 Τοιγάρτοι
2567 978 2664 1033 καὶ
2686 976 2894 1047 ἔφασκε
2923 973 3059 1045 πρὸς
3086 971 3248 1029 αὐτὸν
3271 972 3301 1025 ὀ
3324 970 3458 1034 Υίός
3478 986 3529 1021 ⁰«
3554 967 3693 1037 Ἐγώ

2100 1088 2161 1125 σε
2194 1070 2422 1136 ἐδόξασα
2448 1070 2542 1125 ἐπὶ
2566 1069 2669 1140 τῆς
2697 1070 2824 1141 γῆς,
2846 1067 2907 1123 τὸ
2937 1066 3096 1137 ἔργον
3124 1062 3447 1125 ἐτελείωσα,
3471 1062 3506 1116 δ
3529 1062 3692 1116 δέᾱυ-

2099 1163 2201 1227 κας
2232 1180 2322 1234 μοι
2356 1162 2444 1215 ἵνα
2476 1162 2706 1233 ποιήσω.
2743 1180 2764 1213 ι

2166 1256 2229 1309 Β.
2272 1254 2504 1324 Ἀριστα
2539 1252 2696 1323 ἔφης.

2164 1347 2231 1401 Α.
2276 1345 2466 1419 Ἀθρει
2494 1344 2557 1417 δὴ
2583 1339 2697 1411 οῦν,
2731 1344 2808 1407 ὡς
2834 1340 2893 1395 ἔν
2923 1357 2988 1411 γε
3018 1338 3096 1411 τῷ
3124 1337 3355 1410 παρόντι
3382 1334 3570 1407 καιρῷ
3593 1352 3685 1389 τυ-

2096 1439 2396 1512 ραννούσης
2419 1439 2518 1510 μὶν
2552 1437 2632 1491 ἔτι
2663 1437 2766 1508 τῆς
2794 1434 3023 1508 φθορᾶς,
3052 1430 3207 1487 οὔπω
3232 1430 3291 1484 δὲ
3326 1429 3573 1484 είσάπαν
3590 1431 3686 1500 τῆς

2094 1530 2371 1604 ἁμαρτίας
2406 1528 2771 1602 ἐξῃρημένης,
2803 1524 3175 1601 βασιλεύοντος
3207 1522 3265 1576 δέ
3288 1519 3406 1576 τῶν
3438 1520 3684 1575 ἀπίστων

2094 1621 2176 1676 ἔτι
2206 1620 2300 1675 τοῦ
2339 1618 2579 1691 πονηροῦ
2612 1620 2710 1673 καὶ
2746 1616 3061 1678 άπατεῶνος
3090 1608 3412 1685 δράκοντος,
3439 1609 3685 1663 διανενέ·

2098 1712 2274 1786 μηταί
2318 1728 2437 1776 πως
2476 1710 2539 1764 τὸ
2579 1708 2674 1765 τοῦ
2717 1706 2854 1763 Θεοῦ
2900 1706 3122 1779 κράτος,
3154 1700 3597 1774 ἐπαμφοτερίζει
3629 1700 3685 1754 δέ

2092 1804 2304 1875 ῶσπερ,
2332 1799 2741 1872 άποσειομένων
2783 1798 2865 1853 ἔτι
2907 1797 3001 1850 τὸν
3033 1793 3201 1862 ζυγὸν
3228 1791 3341 1848 τῶν
3367 1789 3526 1845 οὔπω
3554 1806 3685 1844 κατ-

2092 1894 2413 1965 εγνωκότων
2430 1893 2529 1962 τῆς
2551 1891 2660 1946 τῶν
2680 1886 2969 1961 δαιμονίων
2989 1886 3207 1956 ἀπάτης
3229 1884 3330 1938 καὶ
3343 1883 3449 1953 τῆς
3466 1882 3686 1935 ἀνοσίου

2090 1986 2321 2057 ταυτησὶ
2351 1984 2449 2041 καὶ
2491 1982 2867 2054 γεωδεστέρας
2911 1978 3075 2049 ζωῆς·
3105 1972 3576 2044 ἀναδεικνυμέυου
3626 1972 3685 2025 δέ

2090 2078 2184 2132 τοῦ
2231 2074 2447 2149 καιροῦ,
2477 2074 2602 2130 καθ’
2634 2073 2702 2129 δν·
2737 2071 2990 2141 άτονήσει
3035 2067 3292 2131 θάνατος,
3330 2065 3432 2119 καὶ
3472 2066 3537 2119 τὸ
3583 2066 3685 2136 τῆς

2092 2168 2369 2243 ἁμαρτίας
2409 2168 2747 2221 διαπεσεῖται
2801 2164 3038 2235 κράτος,
3085 2157 3582 2231 καταφθαρησεται
3625 2156 3682 2210 δὲ

2090 2262 2325 2317 είσάπαν
2355 2261 2449 2316 καὶ
2490 2260 2526 2331 ἡ
2568 2257 2663 2311 τοῦ
2709 2255 2957 2310 διαδόλου
3001 2251 3311 2319 πλεονεξία,
3348 2250 3680 2323 παρίστησιν

2089 2358 2167 2423 ὡς
2212 2353 2477 2425 εἰλικρινῆ
2527 2351 2625 2423 τὴν
2677 2350 2886 2422 ἀρχὴν,
2935 2347 3030 2403 καὶ
3060 2344 3153 2399 τοῦ
3208 2343 3463 2417 χείρονος
3504 2340 3694 2413 ἀμιγῆ,

2091 2446 2424 2520 παραδίδωσι
2456 2444 2533 2516 τῷ
2560 2442 2681 2515 Θεῷ
2710 2441 2804 2496 καὶ
2835 2439 3011 2511 Πατρὶ
3036 2438 3134 2509 τὴν
3168 2435 3460 2508 βασιλείαν
3478 2436 3508 2489 ό
3530 2434 3667 2495 rue.

2089 2540 2266 2603 Μόνος
2289 2535 2399 2609 γὰρ
2422 2534 2580 2606 ἡμῶν
2607 2530 2868 2602 κατάρξει
2894 2528 2963 2583 δι’
2983 2525 3151 2582 αὐτοῦ
3180 2541 3245 2579 τε
3266 2523 3371 2577 καὶ
3390 2540 3487 2577 συν
3503 2518 3658 2589 αὐτῷ.

2088 2629 2199 2700 Τὴν
2237 2628 2417 2681 τοίνυν
2446 2624 2792 2695 ἐκπλήρωσιν
2821 2637 2921 2691 της
2954 2615 3298 2688 οἰκονομίας,
3328 2614 3421 2669 καὶ
3452 2612 3543 2681 τὴν
3563 2607 3651 2662 τοῦ

2088 2738 2166 2775 πα
2170 2718 2292 2782 nbc,-
2332 2714 2635 2790 μυστηρίου
2681 2710 3038 2786 κατόρθωσιν,
3072 2707 3154 2780 τῷ
3181 2706 3286 2780 τῆς
3320 2701 3651 2774 παραδόσεως

2086 2812 2311 2884 ὀνόματι
2351 2808 2730 2878 κατεσήμηνεν
2763 2805 2793 2858 ὁ
2825 2800 3305 2875 πνευματοφόρος.
3335 2794 3511 2851 ouva
3550 2791 3661 2861 γάρ

2087 2921 2203 2967 πως
2248 2901 2342 2972 ὑφ’
2371 2898 2574 2969 ἐτέρων
2618 2896 2887 2968 ἐχομένην
2925 2895 3026 2965 τὴν
3056 2891 3152 2946 τοῦ
3186 2888 3332 2946 Θεοῦ
3381 2886 3671 2960 βασιλείαν,

2085 3000 2181 3055 καὶ
2218 2995 2330 3054 τῶν
2365 2995 2569 3070 μεταξυ
2619 2987 3118 3064 παρεισδεδυκότων
3165 2983 3482 3047 ἐκσπάσας,
3507 2996 3675 3055 προσ-

402 3082 566 3138 dens:
567 3081 1004 3152 regnabitenim
1033 3092 1181 3138 certe
1212 3097 1337 3139 cum
1389 3098 1489 3139 suo
1513 3082 1802 3151 Genitore,
1825 3084 1980 3156 citius
2006 3117 2050 3176 C
2086 3091 2295 3165 αγήοχέ
2321 3106 2382 3144 τε
2408 3090 2504 3143 καὶ
2537 3085 2858 3158 παρέδωκεν
2892 3084 2921 3137 ό
2945 3081 3075 3143 Υἱὸς
3101 3079 3181 3150 τῷ
3212 3077 3427 3148 Πατρὶ,
3449 3077 3551 3131 οὒκ
3576 3074 3672 3140 ἔξω

401 3189 525 3228 cum
558 3174 629 3229 sit
655 3174 825 3228 virtus
852 3174 1039 3230 visens
1083 3186 1138 3229 ct
1165 3175 1504 3250 hypostatice
1542 3176 1837 3243 exsistenS‚
1862 3179 1979 3235 baec

400 3273 549 3319 certe
579 3264 759 3320 omnia
790 3264 1026 3321 secisse
1005 3281 1128 3334 Jure
1177 3267 1373 3323 merito
1408 3268 1738 3325 censebitur.
1768 3268 1975 3324 Christi

400 3370 529 3410 vero
557 3370 781 3425 regnum
812 3357 917 3413 [ine
981 3372 1190 3424 carere,
1220 3357 1346 3415 licet
1388 3360 1594 3417 ratione
1623 3360 1977 3419 humanitatis

398 3445 526 3500 iliud
562 3448 833 3517 accepisse
863 3448 1093 3513 dicatur,
1118 3463 1185 3504 ex
1235 3449 1300 3504 iis
1349 3465 1613 3521 agnosces
1639 3466 1762 3522 quae
1810 3451 1974 3510 nobis

397 3537 619 3610 scripsit
646 3539 863 3595 divinus
914 3541 1122 3604 Daniel,
1160 3542 1214 3596 iu
1247 3543 1480 3599 humana
1510 3545 1680 3600 forma
1715 3553 1770 3601 et
1790 3546 1974 3616 specie

387 3645 504 3699 lam
585 3632 980 3700 quodammodo
1036 3633 1390 3705 Unigenitum
1463 3638 1826 3706 conspiciens.
1879 3639 1973 3697 Sic

393 3729 576 3776 autem
607 3721 773 3777 dixit:
812 3740 832 3775 ι
861 3723 927 3778 Ει
948 3724 1001 3779 in
1041 3724 1230 3782 diebus
1267 3741 1449 3798 regum
1476 3728 1713 3799 iliorum,
1740 3731 1973 3787 suscita-

392 3811 474 3870 bit
528 3813 672 3870 Deus
713 3815 834 3886 coeli
881 3831 1127 3888 regnum,
1166 3820 1307 3890 qnod
1357 3820 1409 3874 in
1445 3823 1642 3877 saecuia
1695 3838 1801 3878 non
1849 3838 1972 3885 cor·

393 3913 696 3974 rumpetur,
735 3914 791 3961 et
824 3921 1044 3977 regnum
1067 3909 1184 3979 ejus
1214 3912 1410 3981 populo
1456 3913 1611 3969 alteri
1666 3930 1773 3973 non
1806 3916 1969 3972 relin-

391 4004 608 4065 quetur.
660 3995 946 4055 imminuet
1014 4008 1071 4056 et
1127 4003 1415 4059 ventilabit
1450 4007 1631 4062 omnia
1683 4023 1873 4078 regna,
1914 4019 1970 4066 et

391 4087 566 4154 ipsum
589 4088 918 4145 excitabitur
947 4091 1000 4147 in
1023 4094 1220 4149 saecuta
1252 4094 1321 4150 ⁰.
1354 4115 1372 4148 ι
1400 4097 1466 4152 Ει
1498 4113 1686 4155 rursus
1711 4117 1725 4155 ι
1755 4118 1774 4152 ι
1806 4101 1967 4171 Aspi-

388 4178 624 4245 ciebam,
681 4181 878 4251 inquit,
931 4182 985 4239 in
1032 4185 1245 4242 visione
1308 4191 1506 4255 noctis,
1555 4199 1612 4245 et
1669 4200 1798 4248 ecce
1839 4208 1963 4248 cum

388 4269 623 4326 nubibus
644 4273 769 4327 coeii
799 4274 956 4341 quasi
978 4275 1147 4332 Filius
1169 4277 1410 4335 bominis
1439 4281 1686 4345 veniens,
1709 4291 1762 4337 et
1792 4299 1965 4355 usque

385 4360 454 4417 ed
477 4359 770 4432 Antiquum
797 4365 1015 4424 dierum
1039 4369 1304 4437 pervenit,
1354 4370 1517 4443 615
1560 4382 1615 4429 et
1655 4388 1838 4430 eoram
1897 4391 1963 4432 eo

2077 3183 2174 3241 τοῦ
2231 3180 2537 3255 βασιλεύειν
2589 3179 2851 3251 ὑπάρχων
2898 3175 3092 3238 αύτός·
3141 3169 3531 3242 συγκατάρξει
3571 3169 3671 3239 γὰρ

2078 3278 2298 3341 πάντως
2329 3252 2408 3348 τῶ
2440 3273 2554 3328 ἰδίω
2585 3272 2899 3342 Γεννὴτορι,
2946 3261 3006 3322 ου
3034 3266 3128 3321 καὶ
3159 3262 3468 3335 δύναμις·
3437 3281 3515 3317 ων
3535 3261 3677 3327 ζῶσά

2076 3385 2138 3425 τε
2193 3369 2291 3422 καὶ
2337 3365 2739 3431 ἐνυπόστατος,
2790 3360 2948 3415 ταυτὶ
2994 3358 3060 3429 δὴ
3111 3356 3295 3410 πάντα
3354 3352 3678 3427 ἐνηργηκὼς

2076 3461 2233 3517 νοοίτῗ
2259 3459 2327 3514 ἂν
2368 3454 2744 3518 είκότως.”οτι
2785 3450 2844 3506 δέ
2882 3449 3274 3518 ἀκατάληπτος
3329 3445 3454 3520 [Ζσ.
3475 3441 3680 3501 &xed-

2073 3544 2295 3620 ληκτος]
2342 3547 2376 3615 ἡ
2407 3540 2644 3615 Χριστοῦ
2685 3539 2955 3612 βασιλεία,
2985 3537 3080 3591 καὶ
3127 3537 3178 3590 εί
3222 3534 3451 3604 λέγοιτο
3492 3532 3674 3588 λαῦείν

2074 3638 2215 3696 κατὰ
2244 3637 2307 3691 τὸ
2331 3633 2696 3706 ἀνθρώπινον,
2726 3631 2893 3700 εἰδείη
2923 3647 3006 3693 τις
3040 3627 3107 3682 ἂν
3162 3627 3261 3680 καὶ
3297 3627 3365 3692 ἐξ
3387 3620 3467 3682 ὧν
3485 3628 3516 3680 ὁ
3537 3625 3670 3688 θεῖος

2072 3734 2206 3804 ἡμῖν
2238 3731 2483 3801 γέγραφε
2507 3726 2728 3798 Δανιὴλ,
2764 3727 2822 3779 ἐν
2847 3721 3162 3793 ἀνθρωπεία
3192 3723 3387 3792 μορφῇ
3417 3721 3516 3774 καὶ
3542 3717 3651 3788 ⁶1²}-

2074 3830 2207 3899 ματι
2241 3821 2463 3896 θεωρῶν
2492 3820 2592 3892 ἠδη
2623 3836 2742 3882 πως
2762 3817 2855 3870 τὸν
2883 3813 3350 3884 Μονογενῆ.Ἔφη
3384 3813 3444 3866 δὲ
3463 3811 3648 3872 οὓτως·

2077 3934 2097 3969 ι
2129 3916 2241 3971 Καὶ
2287 3917 2346 3969 ἐν
2392 3915 2515 3976 ταῖς
2553 3911 2791 3982 ἡμέραις
2822 3907 2932 3962 τῶν
2968 3905 3229 3978 βασιλέων
3257 3904 3514 3971 ἐκείνων,
3535 3904 3653 3956 ἀνα·

2071 4010 2257 4081 στήσει
2305 4008 2334 4060 ό
2382 4005 2515 4070 Θεδς
2550 4005 2646 4058 τοῦ
2673 4001 2906 4074 ούρανοῦ
2946 3998 3248 4071 βασιλείαν,
3272 3998 3406 4070 ἣτις
3430 3999 3512 4058 είς
3531 3995 3658 4058 τοῦς

2068 4100 2269 4164 αἰῶνας
2291 4100 2350 4154 ού
2374 4095 2833 4166 διαφθαρήσεται,
2868 4092 2962 4146 καὶ
2988 4092 3024 4163 ἡ
3057 4088 3311 4162 βασιλεία
3340 4087 3509 4144 αὑτοῦ
3547 4083 3657 4155 λαῷ

2066 4193 2239 4264 ἑτέρῳ
2281 4192 2382 4261 οὐχ
2430 4187 2907 4258 ύπολειφθήσεται.
2956 4184 3226 4238 Λεπτυνεῖ
3263 4181 3365 4236 καὶ
3400 4179 3655 4252 λικμήσει

2066 4287 2245 4349 πάσας
2272 4284 2370 4348 τὰς
2398 4280 2696 4353 βασιλείας,
2726 4279 2822 4334 καὶ
2848 4277 2985 4349 αῦτη
3016 4275 3389 4345 ἀναστήσεται
3421 4275 3507 4336 είς
3535 4273 3655 4334 τοὺς

2065 4378 2288 4446 αίῶνας.
2313 4395 2334 4428 ›
2373 4373 2483 4428 Καὶ
2516 4372 2695 4427 πάλιν·
2732 4390 2752 4425 ι
2775 4368 3092 4441 Ἐθεωρουν,
3121 4368 3309 4437 φησὶν,
3335 4369 3397 4421 ἐν
3417 4366 3632 4438 ὀράματ
3639 4379 3655 4413 ι

383 4450 598 4508 oblatus
617 4465 725 4521 est,
756 4462 813 4510 et
834 4456 990 4512 datus
1016 4467 1100 4514 est
1127 4459 1226 4529 ipsi
1259 4461 1624 4532 principatus,
1676 4475 1733 4521 et
1763 4467 1955 4535 honor,
1993 4455 2037 4511 D
2062 4469 2162 4542 τῆς
2194 4467 2407 4530 νυκτὸς,
2428 4464 2521 4520 καὶ
2546 4463 2653 4517 ίδου
2682 4462 2819 4540 μετὰ
2857 4461 2965 4515 τῶν
3008 4459 3245 4530 νεφελῶν
3272 4459 3370 4512 τοῦ
3401 4457 3650 4530 ούρανοῦ.

383 4552 438 4596 et
466 4559 731 4616 regnum3
765 4555 820 4601 et
844 4561 1059 4605 omnes·
1065 4552 1275 4622 populi,
1303 4554 1494 4622 tribus,
1540 4566 1596 4613 et
1625 4556 1820 4630 linguae
1855 4561 1956 4632 ipsi
2068 4558 2201 4619 ὡσεὶ
2226 4557 2355 4619 Υἱὸς
2383 4554 2670 4627 ἀνθρώπου
2707 4552 3000 4625 ἐρχόμενος
3026 4547 3116 4622 ἦν,
3147 4550 3245 4604 καὶ
3277 4550 3386 4615 ἔως
3409 4549 3508 4613 τοῦ
3545 4550 3651 4602 112·

383 4635 641 4692 servient.
674 4637 923 4697 Potestas
960 4640 1102 4712 c1u8,
1168 4654 1412 4715 potestas
1455 4651 1805 4720 sempiterna,
1839 4669 1960 4722 quoe
2066 4649 2221 4705 λαιοῦ
2254 4649 2363 4702 τῶν
2390 4647 2612 4719 ἡμερῶν
2651 4645 2873 4714 ἔφθασε,
2909 4644 3001 4698 καὶ
3025 4642 3256 4697 ἐνώπιον
3284 4642 3457 4697 αὐτοῦ
3487 4657 3651 4713 προσ·

385 4741 490 4781 '¹⁰¹¹
559 4730 877 4798 Ρῑωῑθῐὼῑῑ,
962 4744 1019 4790 et
1071 4751 1295 4807 regnum
1353 4739 1471 4809 ejus
1537 4757 1642 4795 non
1708 4757 1959 4800 corrum-
2065 4740 2292 4816 ηνέχθη,
2322 4739 2418 4795 καὶ
2450 4735 2599 4808 αὐτῷ
2643 4736 2800 4807 ἐδόθη
2841 4738 2875 4806 ἡ
2918 4734 3084 4810 ἀρχὴ,
3122 4734 3214 4788 καὶ
3240 4735 3273 4806 ἡ
3298 4733 3460 4806 τιμὴ,
3485 4733 3583 4786 καὶ
3617 4733 3649 4801 η

382 4828 542 4887 Distu?
565 4821 630 4875 ⁸⁸·
659 4842 679 4877 ⁸
2068 4833 2338 4911 βασιλεία’
2376 4832 2471 4885 καὶ
2506 4831 2704 4893 πάντες
2744 4829 2793 4882 ot
2833 4828 2975 4894 λαοὶ,
3009 4826 3193 4898 φυλαὶ,
3221 4826 3468 4897 γλῶσσαι
3502 4823 3649 4894 αὐτῷ

378 4911 776 4971 δουλεύσουσιν.
792 4917 858 4971 Ἡ
880 4916 1101 4985 ἐξουσία
1131 4919 1320 4989 αὐτοῦ,
1354 4923 1570 4989 ἐξουσία
1593 4928 1827 4999 αἰώνιος,
1861 4935 1983 5006 ῆτις
2018 4939 2080 4992 ού
2122 4927 2538 5001 παρελεύσεται,
2574 4924 2668 4977 καὶ
2694 4924 2728 4992 ἡ
2796 4922 3045 4993 βασιλεία
3094 4919 3262 4977 αὐτοῦ
3324 4921 3391 4974 οὐ
3424 4919 3649 4989 διαφθα·

378 5024 626 5080 ρησεται.
654 5030 673 5063 ι

454 5103 513 5158 B.
547 5103 838 5179 Perspicua
867 5117 923 5166 et
942 5118 1098 5168 certa
1118 5122 1204 5170 est.
1232 5114 1501 5172 dictorum
1532 5117 1683 5176 fides.
2135 5115 2196 5169 B.
2238 5109 2425 5179 Σαφῆς
2472 5107 2566 5161 καὶ
2614 5105 3047 5177 ἀπαραλὸγῑστῡς
3098 5101 3205 5156 τῶν
3249 5102 3567 5174 εἰρημένων
3620 5110 3648 5176 ‘i

2061 5204 2266 5266 πίστις,

444 5280 511 5337 Α.
554 5282 743 5352 Atqui,
782 5281 1161 5351 obone,'noii
1202 5287 1258 5344 in
1310 5289 1415 5348 hoc
1467 5292 1666 5351 sudare
1725 5297 1949 5356 diutius.
2130 5299 2195 5350 Α.
2249 5291 2389 5346 Ἀλλ’
2424 5288 2621 5361 ἱδρῶτα
2671 5288 2792 5360 μὲν,
2843 5280 2889 5342 ὦ
2937 5289 3171 5357 γενναῖε,
3202 5287 3318 5358 ,τδν
3369 5289 3465 5343 ἐπὶ
3510 5289 3647 5360 τῷδε

374 5369 675 5429 Obscurum
697 5374 844 5431 enim
882 5390 987 5432 non
1033 5385 1117 5433 est
1148 5377 1473 5437 inconcusso
1527 5381 1580 5437 in
1627 5392 1774 5440 statu
1831 5402 1952 5457 per·
2062 5387 2224 5459 μέθες
2247 5401 2261 5416 ·
2293 5385 2377 5456 εἴη
2410 5382 2520 5455 γὰρ
2545 5383 2612 5437 ἂν
2641 5382 2740 5436 οὐκ
2776 5381 3114 5452 ἀσυμφανὲς,
3148 5380 3224 5444 ὡς
3271 5383 3331 5435 ἐν
3363 5382 3645 5455 ὰκλονῆτῳ

376 5479 690 5521 mansurum
762 5465 1136 5541 Unigenitum,
1185 5483 1445 5542 quantum
1495 5475 1561 5529 ad
1613 5490 1835 5547 regnum
1897 5488 1953 5534 ει
2058 5478 2284 5550 διαμονῇ
2335 5476 2599 5542 κείσεται,
2631 5475 2691 5530 τό
2735 5491 2799 5545 γε
2842 5469 2979 5546 ἧκον
3019 5475 3101 5539 είς
3145 5472 3429 5544 βασιλείαν
3458 5491 3519 5528 τε
3551 5475 3642 5529 καὶ

376 5554 603 5624 gloriam
663 5560 936 5629 propriam
992 5561 1208 5628 attinet,
1255 5563 1553 5636 eodemque
1613 5566 1773 5623 modo
1830 5583 1953 5640 pcr-
2058 5569 2214 5638 δόξαν
2247 5566 2402 5638 ίδίαν,
2437 5570 2466 5623 ό
2504 5565 2834 5638 Μονογενὴς,
2865 5560 2972 5630 ἔξει
3017 5582 3076 5619 τε
3122 5565 3386 5632 ὡσαύτως
3424 5566 3514 5622 ἀεὶ
3543 5567 3644 5638 τῆ*

450 5730 493 5763 ⁸⁶
518 5731 674 5792 Joan.
709 5751 840 5806 xvu,
884 5738 934 5794 t.
1019 5739 1062 5773 ⁸⁷
1097 5739 1234 5797 Dan.
1268 5756 1333 5812 n,
1367 5740 1456 5797 Η.
1531 5741 1579 5775 ⁸⁸
1613 5741 1745 5798 Dan.
1781 5757 1874 5810 vn,
1914 5743 1999 5813 ¹3,
2035 5744 2119 5803 tt.
