3809 6125
291 358 399 416 881

1362 361 1449 419 DE
1486 362 1588 421 SS.
1634 364 2009 421 'mmmm
2045 364 2388 422 ntALOGUS
2424 363 2514 421 W.

3442 359 3552 417 882

295 490 418 545 ρον,
448 470 511 526 τὸ
547 471 818 538 ίσοσθενὲς
847 472 925 546 τῷ
950 476 1144 549 Πατρί.
1179 478 1447 552 Παρὴχθη
1477 482 1584 551 γὰρ
1619 482 1685 536 δι’
1714 483 1880 537 αὐτοῦ
1912 490 1957 545 Α
1988 484 2150 540 Patre
2185 484 2507 553 potentiam.
2564 478 2864 551 peripsum
2920 477 3064 535 enim
3089 511 3095 518 ·
3116 453 3374 549 producta
3425 484 3555 535 sunt

295 565 438 636 πρὸς
470 561 682 632 γένεσιν
709 563 776 616 τὰ
805 566 901 617 οὐκ
926 565 1056 620 δντα
1093 567 1246 621 ποτέ.
1288 570 1644 625 Κοινοόουλία
1684 588 1742 624 τε
1780 574 1876 626 καὶ

297 654 572 726 ῖσουργία,
597 656 691 709 καὶ
716 657 748 725 ἠ
771 656 908 728 πρὸς
937 659 1044 711 πᾶν
1063 658 1241 715 ὁτιοῦν
1262 661 1535 731 ὁμοιότης,
1568 663 1875 734 γέγραπται

290 748 386 802 διὰ
429 746 696 810 Μωσέως.
743 746 1106 821 Είσκεκόμικε
1146 750 1256 824 γὰρ
1295 752 1425 824 ἡμῖν
1461 752 1686 822 λέγοντα
1719 755 1872 819 Θεὸν,

289 840 453 911 δῆλον
489 838 547 892 δὲ
574 839 679 907 ὅτι,
713 840 849 911 πρὸς
877 840 967 894 τὸν
993 842 1054 907 ἐξ
1087 842 1281 897 ἑαυτοῦ
1309 845 1404 898 καὶ
1434 846 1611 917 ἑαυτῷ
1643 864 1874 916 συνυφε·

294 930 476 985 στῶτα
525 931 738 999 Λόγον·
773 950 792 984 ι
835 931 1159 1005 Ποιήσωμεν
1191 934 1480 1008 ἄνθρωπον
1523 938 1643 990 κατ’
1691 937 1876 991 εἰκόνα

289 1021 569 1093 ἡμετέραν
602 1020 694 1074 καὶ
743 1020 865 1074 καθ’
894 1024 1173 1093 ὁμοίωσιν.
1229 1043 1246 1076 ι
1288 1025 1363 1079 Τὸ
1396 1026 1608 1097 γάρτοι,
1659 1045 1679 1078 ι
1716 1029 1874 1099 ποιή-

291 1129 503 1183 σωμεν,
541 1129 562 1163 ι
595 1111 692 1182 οὐχ
717 1112 817 1172 ἐνὶ,
854 1112 1053 1182 πρέποι
1081 1113 1126 1167 δ’
1154 1114 1221 1167 ἂν
1246 1115 1447 1185 μᾶλλον
1469 1119 1582 1181 τοῖς
1605 1118 1744 1190 ὑπὲρ
1779 1119 1873 1172 ἕνα

285 1205 384 1259 καὶ
428 1202 522 1257 δύο
567 1202 729 1256 τισίν.
777 1203 990 1274 Ἐπειδὴ
1017 1203 1093 1270 δὲ,
1129 1205 1302 1274 φειδοῖ
1327 1206 1422 1259 καὶ
1465 1206 1655 1279 ἀγάπῃ
1684 1210 1750 1277 τῇ
1795 1209 1873 1272 εἰς

281 1297 459 1366 ἡμᾶς,
493 1294 550 1361 ἐξ
580 1294 823 1364 ἐμφύτου
852 1294 947 1348 καὶ
973 1295 1310 1365 θεοπρεποῦς
1348 1296 1682 1367 ἡμερότητος
1711 1297 1874 1350 οίονεὶ

283 1384 644 1457 κεκινημένος
691 1404 710 1437 ι
757 1386 818 1438 ὲν
866 1388 1048 1457 μορφῇ
1075 1385 1170 1439 τοῦ
1210 1384 1347 1439 Θεοῦ
1377 1388 1473 1440 καὶ
1514 1385 1724 1458 Πατρδς
1768 1387 1871 1440 ὑπ-

282 1474 491 1546 άρχων,
535 1473 634 1546 οὐχ
690 1475 977 1545 ἁρπαγμὸν
1003 1474 1249 1545 ἡγήσατο
1290 1471 1428 1530 εἶναι
1459 1473 1549 1531 ῖσα
1585 1475 1726 1548 Θεῷ,
1756 1476 1871 1529 ἀλλ’

280 1565 476 1620 ἑαυτὸν
505 1565 741 1620 ὲκένωσε
785 1564 995 1635 μορφὴν
1031 1564 1218 1619 δούλου
1266 1564 1468 1633 λαὸὼν,
1509 1566 1607 1621 καὶ
1631 1567 1870 1639 σχήματι

283 1657 538 1729 εὑρεθεὶς
564 1656 642 1721 ὡς
673 1655 979 1728 ἄνθρωπος,
1007 1657 1404 1714 τεταπείνωκεν
1428 1659 1641 1727 ἑαυτὸν,
1672 1678 1690 1710 ι
1722 1661 1872 1723 ποῖος

277 1751 429 1821 ἡμᾶς
468 1748 753 1802 ἀναπείσει
773 1747 949 1816 λόγος,
977 1748 1126 1812 τοὺς,
1157 1749 1209 1802 οῖ
1244 1766 1304 1818 γε
1333 1752 1555 1821 φρονεῖν
1579 1750 1716 1822 ὀρθὰ
1744 1751 1872 1821 περὶ

1984 591 2106 646 quae
2158 576 2445 644 aliquando
2499 589 2604 629 non
2659 581 2833 630 erant.
2890 570 3196 640 Quinetiam
3248 568 3548 627 voluntatis

1982 666 2311 732 communio,
2347 676 2403 722 et
2426 667 2480 720 iu
2509 663 2782 735 operando
2817 661 3118 732 aequalitas,
3150 667 3205 715 et
3234 657 3577 714 omnimoda·

1982 757 2279 813 similitudo
2305 756 2499 813 divinis
2560 754 2782 826 scriptis
2810 762 2950 810 esta
2988 752 3170 824 Moyse
3208 750 3545 820 consignata.

1984 848 2198 905 induxit
2239 849 2381 904 enirn
2431 848 2586 904 nohis
2630 845 2799 903 Deum
2846 846 3136 922 dicentem,
3197 840 3450 896 nimirum
3483 838 3559 895 ad’

1982 941 2216 997 Verbum
2252 940 2396 1012 quod
2425 940 2618 1011 inipso
2642 949 2698 996 et
2728 954 2849 995 cum
2875 936 2992 1007 ipso
3027 933 3311 991 coexsistit
3339 949 3356 987 ι
3393 950 3412 984 ι
3448 929 3551 986 ra·

1981 1035 2191 1090 ciamus
2220 1032 2493 1087 hominem
2545 1028 2840 1086 secundum
2887 1025 3176 1096 imaginem
3218 1030 3461 1077 nostram
3495 1028 3553 1076 et

1981 1123 2047 1179 ad
2083 1122 2490 1179 slmilitudinem
2525 1121 2594 1174 ⁸⁸.
2654 1138 2673 1172 ι
2727 1117 2857 1173 lllud
2901 1115 3084 1182 enlm,
3138 1132 3157 1166 ι
3203 1112 3488 1177 faciamus,
3525 1127 3547 1163 ι

1982 1229 2087 1270 non
2119 1214 2237 1284 uni,
2260 1214 2354 1270 sed
2381 1212 2624 1284 pluribus
2644 1225 2806 1282 quam
2830 1207 2922 1263 uni
2950 1216 3005 1263 et
3035 1205 3245 1260 duohus
3275 1201 3548 1260 convenit.

1981 1308 2247 1375 Quoniam
2283 1317 2463 1361 autem
2510 1300 2886 1359 misericordia
2919 1306 2972 1354 et
3002 1295 3269 1353 charitate
3296 1308 3424 1365 erga
3452 1297 3554 1347 nos

1981 1414 2047 1453 ex
2078 1413 2174 1454 sua
2202 1405 2259 1453 et
2290 1397 2401 1452 Deo
2442 1391 2785 1451 convenienti
2830 1400 3011 1445 motus
3045 1386 3312 1466 honitate,
3373 1402 3391 1437 ι
3426 1396 3551 1437 cum

1982 1488 2033 1542 in
2084 1485 2257 1541 forma
2288 1484 2383 1539 Dei
2414 1499 2478 1539 ac
2503 1480 2677 1536 Patris
2702 1485 2869 1542 esset,
2905 1491 3012 1531 non
3041 1471 3286 1543 rapinam
3317 1466 3553 1523 arbitra-

1984 1588 2069 1631 tus
2099 1584 2183 1630 est
2211 1589 2331 1630 csse
2355 1587 2412 1628 se
2439 1569 2700 1643 aequalem
2742 1567 2876 1634 Deo,
2923 1565 3015 1621 sed
3074 1561 3421 1629 semetipsum
3454 1571 3552 1614 ex·

1982 1669 2210 1725 inanivit
2235 1667 2463 1721 sormam
2496 1661 2636 1718 servi
2674 1660 2969 1729 accipiens,
3003 1663 3060 1711 et
3087 1652 3272 1709 habitu
3301 1650 3553 1705 inventus

1984 1771 2045 1814 ut
2072 1758 2256 1823 homo,
2279 1754 2583 1811 humiliavit
2619 1750 2969 1821 semetipsum
2988 1748 3035 1781 ⁸⁹
3067 1764 3081 1801 ι
3117 1766 3135 1798 ι
3161 1758 3281 1816 quae
3302 1740 3553 1797 nosratio

273 1842 447 1897 αὑτοῦ
474 1839 871 1911 διεσκέμμεθα,
900 1842 1011 1904 τοῖς
1041 1841 1141 1913 τῆς
1168 1841 1452 1905 κενώσεως
1486 1841 1707 1915 μέτροις
1751 1845 1872 1896 ἐπι-
1904 1841 1950 1898 Β
1978 1850 2159 1919 adiget
2193 1848 2392 1919 quibus
2422 1854 2567 1902 recta
2602 1842 2848 1898 doctrina
2875 1852 3020 1895 ουτω
3049 1844 3134 1894 est
3154 1874 3173 1903 ,
3216 1828 3554 1887 utinanitio-

274 1935 443 2005 τιμᾷν
483 1932 582 1985 καὶ
632 1931 1101 2002 κατασμικρύνειν
1142 1930 1460 2000 ἐπείγεσθαι
1499 1932 1592 1986 τὸν
1625 1932 1691 1987 δι’
1721 1933 1869 2005 ἡμᾶς

275 2024 375 2078 καὶ
397 2021 538 2093 ὑπὲρ
562 2021 720 2092 ὴμῶν
746 2020 983 2074 καθέντα
1008 2021 1144 2093 πρὸς
1167 2021 1395 2076 κένωσιν
1418 2022 1517 2094 τὴν
1542 2022 1679 2078 ῑδίαν
1703 2023 1871 2094 ὑπερ·

275 2115 446 2186 οχήν;
476 2112 613 2167 Τότε
638 2113 741 2185 γὰρ
766 2112 830 2185 δὴ
858 2114 951 2166 καὶ
986 2114 1328 2184 πρωτότοκος
1356 2116 1384 2168 ὀ
1411 2116 1744 2189 Μονογενὴς,
1780 2116 1870 2170 λε-

277 2203 534 2270 λόγισται
562 2199 619 2255 δὲ
641 2201 737 2254 καὶ
766 2202 825 2253 ὲν
855 2200 1067 2263 πολλοῖς
1107 2200 1356 2269 ἀδελφοῖς
1383 2202 1412 2254 ὁ
1437 2195 1519 2260 εἷς
1556 2217 1619 2254 τε
1646 2200 1742 2255 καὶ
1772 2202 1870 2273 μό-

284 2310 404 2357 νος,
434 2293 508 2357 ὡς
535 2291 660 2357 rte<
683 2293 748 2345 ὲκ
774 2292 1006 2362 Πατρός.
1056 2290 1332 2346 Καθίκετο
1358 2292 1469 2362 γὰρ
1494 2294 1574 2357 εἰς
1602 2294 1870 2348 ταπείνω·

296 2402 411 2449 σιν,
456 2385 548 2439 καὶ
576 2385 778 2457 πέφηνε
829 2384 952 2438 καθἸ
1004 2385 1172 2455 ἡμᾶς,
1221 2384 1318 2455 οὐχ
1356 2384 1442 2438 ῖνα
1473 2401 1525 2438 τι
1564 2384 1725 2439 πάθοι
1765 2384 1872 2438 τῶν

291 2478 498 2532 ἀδικεῖν
516 2476 802 2541 εἰωθότων,
824 2476 885 2529 τὸ
927 2472 1064 2529 εἶναι
1107 2475 1241 2540 Θεὸς
1265 2475 1575 2543 ἁποὸαλὼν,
1625 2467 1870 2544 καὶ’Υἰδς

285 2567 521 2639 ἀληθῶς,
549 2567 665 2621 ἀλλ’
691 2569 779 2623 ἵνα
803 2568 864 2621 τὸ
890 2568 1049 2638 φύσει
1077 2567 1262 2622 δοῦλον
1288 2570 1382 2622 καὶ
1410 2569 1658 2639 γενητὸν,
1683 2569 1870 2623 τουτέ-

280 2674 406 2713 στιν
428 2659 593 2730 ἠμᾶς,
628 2660 709 2722 εἰς
735 2658 833 2730 τὴν
859 2659 1010 2730 αὐτῷ
1037 2677 1096 2713 τε
1120 2660 1215 2712 καὶ
1245 2657 1394 2730 μόνῳ
1424 2659 1615 2731 Κυρίῳ
1638 2659 1868 2715 ἐνοῦσαν

273 2750 626 2820 άνακομίσειε
650 2748 829 2814 δόξαν,
860 2750 1008 2814 υἱοὺς
1037 2751 1321 2820 ἀποφήνας
1363 2748 1521 2804 Θεοῦ.
1566 2751 1734 2804 Ὅταν
1775 2747 1869 2807 οῦν

271 2842 415 2912 ἡμῖν
446 2841 811 2910 συντάττηται
834 2840 919 2893 διὰ
949 2840 1040 2894 τοῦ
1070 2840 1353 2894 καλεῖσθαι
1384 2842 1746 2914 πρωτότοκος,
1770 2844 1893 2917 οὐχ.

270 2933 441 3003 ἡμεῖς
466 2932 631 2985 αὐτὸν
672 2932 752 2995 εἰς
793 2931 854 2983 τὸ
889 2931 1039 3002 παρὰ
1064 2931 1225 3001 φύσιν
1254 2931 1643 3004 ὲκόιασόμεθα,
1666 2934 1866 2988 πολλοῦ

268 3040 341 3092 γε
373 3024 473 3078 καὶ
500 3024 582 3076 δεῖ
609 3037 621 3050 ·
664 3023 951 3093 ἁνακομιεῖ
985 3022 1043 3076 δὲ
1075 3023 1271 3094 μᾶλλον
1309 3024 1471 3090 αὐτὸς
1503 3028 1671 3098 ἡμᾶς,
1703 3028 1783 3094 είς
1809 3027 1872 3082 το

262 3116 428 3184 ὑπὲρ
461 3112 622 3182 φύσιν
669 3112 1020 3166 ὲκόεὸιάσθαι
1051 3114 1124 3186 (ἱ)
1155 3115 1356 3182 λέγειν,
1401 3117 1567 3187 ὴγουν
1600 3120 1867 3192 ἡττῆσθαι

266 3207 344 3279 τῇ
375 3203 577 3268 κτὲσει,
626 3203 744 3266 πῶς
784 3203 885 3257 οὐκ
929 3203 1279 3274 ἀπόπληκτον
1320 3206 1634 3273 παντελῶς;
1664 3209 1872 3265 Οὐκοῦν

272 3294 581 3365 γενόμενος
608 3293 730 3346 καθ’
757 3293 925 3364 ἡμᾶς,
958 3293 1019 3345 οὐ
1048 3291 1172 3345 καθ’
1201 3293 1347 3364 ἡμᾶς
1392 3292 1548 3349 ἔσται
1589 3295 1775 3367 ποθὲν,
1804 3301 1867 3354 τὸ

274 3385 415 3439 ῐδιον
434 3383 847 3457 ἁποὸεὸληκὼς,
868 3384 983 3439 ἀλλ’
1000 3385 1161 3459 ἡμεῖς
1180 3383 1250 3441 δι’
1269 3384 1433 3441 αὐτὸν
1454 3384 1598 3461 ὑπὲρ
1618 3389 1864 3457 ἑαυτοὺς,

272 3478 353 3549 τῇ
379 3474 476 3531 τοῦ
521 3475 793 3548 τιμῶντος
818 3475 1003 3548 χάριτι
1040 3474 1101 3530 τδ
1130 3475 1231 3548 τῆς
1274 3475 1411 3541 ίδίας
1440 3476 1655 3545 φύσεως
1695 3481 1864 3554 ὕπερ-

275 3565 622 3638 θρώσκοντες
650 3566 868 3638 μέτρον,
909 3566 1006 3621 καὶ
1049 3564 1184 3638 πρὸς
1227 3565 1289 3619 τὸ
1321 3567 1435 3621 ἄνω
1473 3569 1568 3621 κοιλΙ
1603 3570 1866 3644 ὑπερκεί-

281 3674 453 3729 μενον
482 3657 808 3722 ἀναθέοντες.

1977 1943 2063 1997 nis
2108 1940 2477 1996 conditionem
2514 1948 2764 2006 arguere,
2809 1946 2873 1987 ac
2911 1927 3073 2000 517
3105 1924 3409 1995 deprimere
3439 1928 3551 1975 sta-

1979 2043 2194 2090 tuamus
2225 2046 2351 2087 eum
2385 2029 2476 2100 qui
2502 2036 2724 2100 propter
2757 2039 2858 2080 nos
2886 2033 2942 2078 et
2972 2035 3071 2092 pro
3102 2017 3260 2075 nohis
3290 2011 3547 2085 majesta-

1979 2134 2089 2181 tem
2122 2137 2275 2179 suam
2309 2120 2374 2175 ad
2410 2118 2762 2175 inanitionem
2809 2110 3062 2170 demisit?
3108 2108 3263 2164 Tunc
3316 2106 3459 2162 enim
3495 2111 3552 2157 et

1976 2215 2375 2290 primogenitus
2404 2226 2525 2268 esse
2552 2209 2721 2281 coepit
2757 2208 2846 2264 ille
2904 2203 3262 2275 unigenitus,
3310 2199 3552 2267 adeoque

1977 2317 2261 2380 reputatus
2286 2315 2371 2361 est
2404 2304 2456 2359 in
2489 2300 2675 2358 multis
2707 2297 2967 2355 iratribus
2992 2295 3083 2351 ille
3112 2307 3251 2348 unus
3278 2304 3343 2346 ac
3379 2287 3553 2353 solus,

1977 2411 2232 2472 tanquam
2270 2396 2440 2453 Filius
2461 2412 2529 2451 ex
2569 2393 2751 2448 Patre.
2797 2387 3022 2445 Demisit
3068 2385 3216 2442 enim
3247 2396 3307 2439 se
3336 2381 3403 2444 ad
3427 2380 3549 2435 ina-

1977 2489 2262 2553 nitionem,
2308 2496 2364 2543 et
2393 2485 2586 2542 similis
2621 2483 2776 2539 nobis
2807 2479 3075 2551 apparuit,
3105 2492 3211 2532 non
3238 2484 3296 2529 ut
3323 2475 3377 2529 in
3410 2472 3546 2528 divi·

1977 2582 2147 2637 nitate
2209 2582 2463 2634 damnum
2506 2574 2726 2646 aliquod
2790 2571 3064 2637 senserit,'
3116 2567 3374 2623 desinens
3422 2577 3550 2620 csse

1976 2672 2122 2727 Deus
2153 2684 2217 2725 ac
2243 2667 2415 2723 Filius
2452 2680 2661 2732 revera,
2697 2664 2792 2721 sed
2841 2670 2902 2717 ut
2951 2660 3004 2716 id
3031 2658 3174 2731 quod
3206 2666 3397 2712 natura
3425 2666 3546 2709 ser-

1973 2778 2097 2818 vum
2127 2746 2305 2817 est'et
2344 2768 2619 2825 creatum,
2671 2771 2771 2812 nos
2817 2752 3070 2808 videlicet
3133 2747 3274 2803 {ilios
3304 2744 3396 2801 Dei
3428 2744 3552 2799 red·

1973 2856 2105 2911 dens
2149 2852 2213 2909 ad
2244 2866 2363 2908 eam
2398 2849 2623 2923 gloriam
2681 2845 3003 2903 transferret
3037 2855 3156 2913 quae
3190 2837 3294 2893 sibi
3346 2851 3409 2892 ac
3444 2834 3548 2891 soli

1973 2944 2203 3001 Domino
2253 2942 2419 2998 inest.
2468 2940 2601 2997 Cum
2656 2939 2822 3011 igitur
2849 2937 2993 2991 inter
3027 2945 3127 2988 nos
3162 2936 3452 2987 censeatur
3479 2941 3545 2981 ex

1972 3052 2041 3094 eo
2073 3035 2217 3109 quod
2257 3031 2652 3107 primogenitus
2702 3031 2918 3097 dicitur,
2965 3042 3072 3084 non
3124 3037 3228 3080 nos
3277 3022 3451 3091 ipsum
3480 3016 3546 3072 ad

1974 3128 2177 3201 aliquid
2212 3128 2355 3199 quod
2404 3127 2475 3182 sit
2500 3135 2697 3196 praeter
2721 3134 2971 3180 naturam
2992 3118 3293 3187 adigemus,
3317 3110 3547 3168 multum

1978 3218 2155 3284 abest,
2217 3217 2312 3273 sed
2343 3216 2457 3289 ipse
2482 3230 2579 3271 nos
2602 3214 2781 3286 potius
2810 3211 2878 3268 ad
2907 3207 3228 3281 dignitatem
3284 3214 3547 3273 superna·

1976 3308 2201 3364 turalem
2232 3309 2441 3365 evehet.
2489 3306 2702 3363 Etenim
2731 3303 2972 3360 divinam
2999 3305 3055 3356 et
3082 3293 3417 3352 ineffabilem
3452 3304 3565 3345 na--

1971 3411 2146 3458 turam
2192 3401 2373 3457 'dicere
2420 3401 2472 3456 vi
2520 3401 2766 3455 adactam
2801 3408 2943 3460 esse,
2975 3398 3069 3447 aut
3111 3394 3377 3444 creaturae
3411 3380 3543 3437 sub-

1971 3492 2159 3559 ditam,
2182 3506 2252 3546 an
2278 3506 2385 3547 non
2408 3490 2609 3560 stupidi
2632 3501 2855 3560 prorsus
2881 3491 2967 3540 est
2983 3495 3046 3537 ac
3066 3474 3348 3534 vecordis?
3363 3472 3551 3540 ltaque

1974 3581 2153 3640 {actus
2180 3582 2342 3640 nobis
2365 3581 2581 3648 similis,
2624 3579 2780 3635 nohis
2820 3573 3018 3633 similis
3044 3584 3151 3627 non
3202 3565 3310 3624 erit
3337 3563 3548 3633 utique,

1977 3672 2181 3730 amisso
2233 3672 2378 3743 quod
2419 3685 2576 3728 suum
2629 3678 2733 3735 est,
2790 3667 2884 3724 sed
2946 3678 3047 3720 nos
3101 3668 3323 3732 propter
3372 3654 3548 3724 ipsum

277 3767 449 3821 supra
484 3765 581 3806 nos
608 3750 776 3821 ipsoS,
811 3749 982 3822 gratia
1021 3748 1140 3820 ejus
1166 3748 1381 3818 quinos
1429 3749 1679 3819 honorat,
1728 3754 1864 3812 ultra
1908 3764 2140 3836 propr-im
2165 3778 2372 3824 aarum
2429 3762 2794 3822 conditionem
2860 3757 3058 3824 erecti,
3097 3763 3153 3810 et
3189 3753 3255 3807 ad
3297 3745 3546 3818 superio.

285 3865 403 3907 rem
430 3858 480 3904 et
508 3848 783 3904 excelsum
820 3856 1021 3902 statum
1056 3844 1329 3902 translati.

357 3941 419 3995 Β.
451 3940 576 4004 Πῶς
599 3939 735 4011 ἔφης
755 3956 770 4006 ;

359 4031 424 4085 Α.
453 4031 524 4084 Ἦ
567 4029 677 4102 γὰρ
712 4027 832 4098 οὐχὶ
874 4024 1189 4097 Πνεῦματος
1230 4027 1504 4099 γεννητοὶ,
1559 4027 1654 4082 καὶ
1700 4030 1867 4087 τέκνα

280 4122 423 4179 Θεοῦ
451 4119 852 4192 διακεκλήμεθα
875 4136 889 4184 ;

360 4214 420 4268 Β.
456 4213 585 4267 Ναί.

356 4306 423 4360 Α.
451 4304 739 4375 Τοιγάρτοι
765 4305 857 4358 καὶ
896 4302 1366 4375 προστετάγμεθα,
1402 4302 1612 4375 πατέρα
1648 4304 1746 4374 μὲν
1773 4302 1866 4359 ἐπὶ

2048 3944 2106 4001 Β.
2148 3943 2424 4014 Quomodo
2455 3939 2670 3998 dixisti?

2038 4037 2105 4092 Α.
2133 4020 2334 4092 'Annon
2361 4034 2471 4089 nati
2500 4030 2736 4103 Spiritus
2772 4036 2829 4084 et
2874 4025 2966 4082 sslii
3005 4024 3100 4080 Dei
3125 4030 3297 4079 vocati
3325 4021 3558 4080 sumus?

2042 4125 2102 4182 B.
2145 4125 2342 4181 Etiam.

2040 4219 2108 4273 A.
2150 4217 2357 4274 idcirco
2390 4214 2530 4286 jussi
2568 4227 2754 4272 sumus
2792 4210 2956 4270 etiam
2992 4216 3202 4280 patrem
3239 4207 3451 4278 quidem
3492 4208 3546 4264 in

1975 4318 2118 4365 terra
2165 4309 2417 4364 invocare
2463 4305 2773 4370 neminem,
2819 4301 2912 4358 sed
2952 4297 3063 4354 Deo
3109 4306 3359 4367 tanquam
3401 4294 3559 4350 Patri·

281 4397 390 4466 γῆς
436 4395 730 4449 ἀποκαλεῖν
774 4393 996 4466 μηδένα.
1043 4393 1161 4464 Θεῷ
1199 4411 1264 4462 τε
1312 4394 1420 4466 μὴν
1469 4393 1545 4459 ὡς
1578 4395 1757 4469 Πατρὶ
1802 4395 1872 4450 τὰ
1903 4406 1948 4461 1)
1974 4414 2074 4455 nos
2113 4401 2345 4466 tradere,
2380 4406 2603 4468 propter
2650 4411 2770 4452 eum
2809 4393 2900 4465 qui
2941 4391 3084 4446 inter
3120 4403 3220 4443 nos
3259 4395 3415 4443 natus
3464 4396 3550 4443 est

284 4486 410 4541 καθ’
445 4487 672 4549 ἑαυτοὺς
720 4485 1071 4558 προσνέμειν,
1115 4483 1204 4539 διὰ
1226 4485 1317 4540 τὸν
1346 4486 1404 4538 ὲν
1432 4486 1565 4557 ἡμῖν
1610 4487 1873 4556 γεγονότα

285 4577 656 4649 πρωτότοκον,
712 4576 806 4630 καὶ
853 4577 951 4648 οὐχ
999 4575 1186 4648 ἑτέρου
1223 4594 1317 4630 του
1361 4575 1542 4648 χάριν,
1589 4577 1739 4649 ἢῖνα
1779 4579 1874 4632 καὶ

282 4670 450 4740 ἡμεῖς
474 4667 542 4721 δι’
571 4668 752 4734 αὐτὸν,
778 4666 883 4722 υἱοί
905 4672 942 4723 ·.
961 4667 1168 4739 Πρέποι
1195 4667 1304 4740 γὰρ
1332 4668 1398 4722 ἂν
1420 4668 1619 4724 οὑτωσὶ
1640 4673 1705 4742 τῇ
1734 4668 1872 4739 μετὰ

288 4760 493 4832 σαρκὸς
528 4760 813 4832 οἰκονομίᾳ
862 4760 891 4812 ό
926 4760 1146 4823 σκοπός.
1192 4758 1302 4814 Ποῦ
1331 4759 1440 4832 γὰρ
1477 4759 1556 4814 ἔτι
1604 4760 1763 4830 σοφὸν
1807 4761 1869 4815 τὸ

287 4851 529 4925 Χριστοῦ
563 4854 880 4925 μυστήριον,
917 4853 966 4906 εί
1012 4852 1118 4924 πρό
1164 4869 1228 4921 γε
1260 4851 1368 4905 τῶν
1409 4851 1582 4906 ἄλλων
1606 4851 1703 4923 τὴν
1733 4852 1870 4907 ἰδίαν

283 4944 454 5009 αὐτὸς
487 4945 712 5016 ἠδίκησε
761 4945 944 5015 φύσιν,
976 4944 1129 4998 οὐδὲν
1176 4943 1376 5016 ὀνήσας
1414 4944 1483 4998 τὰ
1533 4944 1653 4998 καθ’
1680 4946 1866 5017 ήμᾶς;

286 5034 565 5108 Κατέθορε
601 5037 711 5109 γὰρ
757 5038 834 5102 εἰς
863 5035 923 5090 τὸ
952 5031 1091 5091 εῖναι
1132 5034 1497 5108 πρωτότοκος,
1539 5035 1626 5089 ῖνα
1652 5035 1868 5103 πολλοῖς

289 5129 674 5198 συντάττηται,
700 5128 875 5183 καίτοι
897 5129 955 5182 τὸ
978 5128 1164 5199 ἕτερος
1189 5122 1443 5183 εἶναικαὶ
1467 5127 1706 5200 ἀμείνων
1729 5128 1870 5184 κατὰ

289 5219 478 5290 φύσιν,
540 5220 692 5289 παρὰ
735 5220 823 5285 τὰ,
877 5213 958 5283 οἷς
1004 5219 1070 5274 ἂν
1127 5221 1473 5277 συντάττοιτο
1525 5220 1667 5277 κατά
1697 5237 1761 5291 γε
1811 5220 1874 5275 τδ

287 5311 522 5377 ἐκείνοις
549 5310 759 5376 δοκοῦν,
788 5310 1086 5382 οὐδαμόθεν
1116 5310 1274 5382 ἔχων.

361 5403 423 5459 Β.
472 5403 612 5458 Ἀλλ’
640 5403 716 5468 ὡς
746 5406 801 5457 ἐν
828 5403 954 5476 δόξῃ
984 5404 1147 5476 φησὶν
1177 5403 1238 5457 οὐ
1275 5403 1509 5476 μετρίως
1547 5401 1863 5475 διενεγκὼν,

367 5581 416 5617 ⁸⁸
451 5582 586 5639 Gcn.
618 5597 653 5646 t,
681 5581 770 5637 26.
845 5582 891 5617 ⁸·
925 5580 1157 5655 Philipp.
1188 5597 1247 5652 n,
1275 5580 1391 5638 6-8.

373 5745 454 5808 (l)
491 5745 692 5800 Desunt
732 5745 814 5801 hic
845 5743 1115 5800 nonnulla.

1972 4489 2414 4560 primogenitum,
2439 4502 2539 4542 nec
2582 4486 2739 4539 aliam
2767 4483 2836 4538 ob
2861 4495 3081 4539 causam
3118 4493 3277 4549 qnam
3301 4487 3363 4532 ut
3384 4477 3556 4532 etiam=

1974 4596 2075 4638 nos
2109 4595 2206 4650 per
2236 4579 2409 4648 ipsum
2444 4577 2538 4632 tilii
2572 4578 2760 4632 simus.
2791 4573 2903 4629 lloc
2934 4572 3078 4628 enim
3109 4580 3266 4639 pacto
3299 4583 3427 4624 suus
3463 4567 3547 4621 ’rn-

1975 4669 2279 4729 carnationi
2317 4668 2601 4741 quadrabit
2636 4680 2850 4735 scopus.
2881 4662 2987 4720 Ubi
3020 4663 3164 4718 enim
3196 4661 3409 4716 demum
3444 4659 3547 4715 erit

1977 4765 2196 4836 sapiens
2223 4760 2352 4818 illud
2379 4759 2580 4817 Christi
2612 4755 2949 4831 mysterium,
2978 4753 3024 4810 si
3055 4766 3166 4825 prae
3194 4750 3405 4808 caeteris
3433 4751 3547 4820 ipse

1977 4863 2186 4911 naturae
2218 4867 2331 4910 suae
2366 4852 2618 4909 damnum
2655 4847 2829 4904 attulit
2864 4846 3020 4901 nohis
3052 4843 3185 4900 nihil
3221 4839 3458 4912 adjutis?
3487 4840 3544 4895 ln

1978 4945 2464 5017 primogenituram
2502 4941 2700 4999 etenim
2739 4938 2949 5010 irrupit,
2990 4944 3049 4991 ut
3086 4947 3222 4990 unus
3258 4933 3324 4989 de
3363 4931 3547 4987 multis

1979 5046 2315 5103 censeretur,
2333 5033 2600 5106 quamvis,
2622 5040 2681 5086 ut
2702 5029 2775 5085 illi
2798 5022 3129 5091 existimant,
3147 5022 3290 5079 nulla
3307 5037 3373 5078 ex
3392 5031 3547 5100 parte

1981 5130 2225 5186 diversus
2260 5135 2352 5181 aut
2386 5123 2726 5197 praestantior
2756 5134 2879 5178 esse
2911 5124 3093 5191 posset
3126 5117 3194 5172 iis
3226 5115 3280 5170 in
3317 5126 3544 5184 quorum

1978 5219 2169 5276 ordine
2197 5227 2472 5276 censetur.

2015 5389 2020 5393 ’
2051 5393 2113 5452 Β.
2152 5396 2223 5451 At
2264 5394 2530 5453 universae
2571 5399 2833 5452 creaturae
2870 5398 3095 5445 vocatur
3133 5377 3547 5455 primogenitus,
