3809 6125
207 265 310 322 80}

1215 224 1226 233 ’
1266 258 1353 313 οε
1392 258 1492 315 ss.
1529 257 1903 316 rmmrm:
1947 260 2291 319 DlALOGUS
2329 261 2415 318 ιιι.

3368 257 3475 316 802

206 384 341 451 φυὶς
370 374 433 432 οῦ
478 376 532 431 τί
572 393 678 429 που
714 375 781 429 τὸ
815 375 875 443 ἐξ
899 373 1064 428 αὐτοῦ
1097 375 1463 445 προχεόμενον
1492 378 1572 440 εἰς
1603 375 1670 431 τὰ
1700 378 1797 448 τῆς
1829 385 1871 441 A
1901 392 2116 449 cunque
2146 379 2235 434 illa
2262 380 2353 444 sit,
2400 379 2451 433 id
2490 375 2633 447 quod
2680 390 2744 431 ex
2780 373 2901 446 ipso
2932 373 3275 444 profunditur
3307 374 3361 430 in
3406 391 3475 433 ea

204 471 517 542 αἰσθήσεως
539 465 786 521 δεκτικά.
810 464 935 530 Πῶς
962 464 1072 536 γὰρ
1096 463 1162 519 ἂν
1194 466 1397 538 ἑτέρως
1420 467 1532 538 ἔχοι
1554 468 1613 522 τὸ
1642 470 1794 541 ἐνερ·

204 566 325 635 γεῖν
355 563 587 624 ἐκεῖνος,
616 557 692 630 μὴ
716 556 838 629 οὐχὶ
881 556 980 629 τὴν
1005 556 1158 630 ηλίου
1201 558 1362 629 φύσιν
1392 562 1490 632 τῆς
1534 562 1667 624 ίδίας
1696 562 1790 615 ἐκ·

200 655 418 728 δρομῆς
468 649 627 722 ῥίζαν
671 648 860 721 ὥσπερ
896 647 1019 705 τινὰ
1052 651 1147 705 καὶ
1184 651 1395 724 μητέρα
1423 652 1605 723 λαχὸν,
1639 652 1705 706 ἵν’
1732 652 1793 717 ἐξ

203 741 283 803 ὧν
306 742 450 800 εἶναι
480 741 866 807 πεπίστευται,
901 741 1002 812 τῆς
1031 740 1128 796 τοῦ
1165 742 1422 815 προέντος
1447 744 1634 808 οὐσίας
1662 743 1791 815 ὅλην

203 840 329 911 ἕχον
353 838 412 891 ἐν
438 832 619 904 ἐαυτῷ
638 833 740 904 τὴν
770 832 1032 901 ποιότητα
1065 833 1410 905 ἐκφαίνοιτος

277 932 342 988 Β.
382 928 499 1000 Οὐχ
528 926 735 998 ἑτέρως
766 923 832 979 ἂν
871 922 1007 996 ἔχοι.

275 1023 345 1077 Α.
398 1018 560 1073 Ἰτέον
581 1015 648 1088 δὴ
668 1010 761 1070 οῦν
790 1014 879 1069 ἐπ’
909 1011 1080 1089 αὐτὴν
1099 1010 1202 1090 ἢδη
1235 1034 1353 1083 πως
1379 1016 1479 1090 τὴν
1508 1016 1602 1071 τοῦ
1633 1017 1790 1087 ἁγίου

203 1112 527 1185 Πνεῦματος
561 1109 759 1180 φύσιν,
799 1106 895 1161 καὶ
929 1108 1347 1181 περιεργότερον
1385 1109 1788 1181 βασανίζοντες,

203 1205 385 1260 ἐκεῖνο
409 1195 854 1271 διασκεψώμεθα,
881 1198 984 1251 οὐκ
1026 1199 1343 1268 ἐξαγωνίοις
1377 1195 1522 1253 τισὶν
1555 1198 1791 1270 ἐπιθρώ-

206 1313 432 1359 σκοντες
459 1293 660 1361 λόγοις,
693 1288 887 1362 καιροῦ
907 1289 965 1344 δὲ
986 1290 1229 1361 διέρπειν
1265 1286 1350 1359 ἐφ’
1371 1290 1533 1364 ῐτερα
1563 1307 1786 1362 πρεπω-

201 1390 440 1443 δέστατα
471 1382 907 1454 παραθήγοντος,
943 1380 1177 1453 πότερόν
1201 1398 1332 1435 ποτε
1352 1365 1530 1455 noi-:pt
1553 1384 1649 1437 καὶ
1674 1382 1790 1455 Υίῷ

203 1480 268 1535 τὸ
292 1478 523 1549 Πνεῦμα
548 1473 951 1539 συντετάξεται,
980 1473 1078 1529 καὶ
1104 1475 1162 1528 ἐν
1193 1477 1261 1546 τῇ
1295 1475 1395 1547 μιᾷ
1410 1473 1511 1547 τῆς
1538 1474 1791 1547 θεότητος

203 1570 369 1641 φύσει
389 1565 830 1635 καταγραπτέον,
870 1564 903 1636 ἢ
941 1566 1055 1635 μή;

279 1663 340 1716 Β.
385 1658 526 1713 Ἕνα
569 1657 736 1727 φασὶν
769 1654 1021 1727 ἀληθινὸν
1065 1642 1205 1711 εἶναι
1231 1656 1385 1725 Θεὸν,
1426 1650 1518 1711 τὸν
1544 1655 1790 1730 Πατέρα,

204 1751 577 1827 ἐπαριθμοῦσι
603 1750 661 1804 δέ
693 1750 842 1820 αὐτῷ
868 1750 928 1804 τὸ
957 1750 1204 1820 σύμπαν,
1240 1738 1452 1804 οὐδένα.

274 1849 341 1901 Δ.
385 1842 600 1899 Οὐκοῦν
639 1840 1012 1912 ἐξωσθήσεται
1057 1841 1179 1896 κατ’
1207 1843 1405 1907 αὐτοὺς
1431 1842 1531 1914 τῆς
1564 1841 1800 1913 ἀληθοῦς

203 1936 586 2009 eamme-obv
614 1932 730 2006 Υἰῷ
757 1934 933 1988 καὶτὸ
955 1935 1200 2006 Πνεῦμα,
1224 1934 1320 1988 καὶ
1339 1936 1420 1999 είς
1439 1935 1540 2008 τὴν
1563 1934 1672 1990 τῶν
1697 1936 1795 2005 γἐ-

203 2029 441 2098 γονότων
462 2022 823 2096 ἁπολισθησει
854 2022 1085 2093 πληθὺν,
1131 2024 1226 2078 καὶ
1249 2024 1487 2095 ὀμοφυές
1515 2023 1614 2095 μὲν
1644 2024 1797 2078 ἔσται

205 2123 332 2175 κατ’
362 2118 560 2181 αὐτοὺς
600 2113 684 2186 τῷ
730 2112 878 2185 Υίῷ,
914 2114 1057 2169 κατά
1106 2131 1171 2184 γε
1201 2116 1294 2170 τὸν
1330 2115 1427 2170 τοῦ
1470 2114 1799 2186 πεποιῆσθαι

205 2208 394 2272 λόγον,
414 2203 511 2277 τῆς
531 2203 589 2259 δὲ
614 2201 709 2258 τοῦ
732 2202 867 2257 Θεοῦ
893 2205 985 2257 καὶ
1012 2203 1224 2276 Πατρὸς
1251 2204 1460 2269 οὐσίας,
1484 2204 1561 2269 ὡς
1581 2208 1800 2278 πορρω-

212 2297 393 2351 τάτω.
416 2297 572 2359 [lotoe
599 2289 693 2351 οῦν
731 2294 813 2349 ἐτι
844 2295 974 2359 Θεὸς
1017 2298 1076 2350 ἐν
1104 2298 1238 2368 ἡμῖν
1267 2299 1316 2351 εί
1343 2298 1437 2352 καὶ
1467 2297 1802 2363 ἐναυλίζοιτο

221 2388 346 2449 τοῖς
395 2384 794 2457 βαπτιζομένοις
817 2425 832 2450 ,
886 2386 980 2439 καὶ
1019 2388 1411 2461 ἐγκατοικῆσαι
1439 2385 1524 2443 τὸ
1551 2388 1797 2460 Πνεῦμα,

228 2472 691 2548 παραδεικνύντων
720 2477 940 2530 ἐκεῖνοι.
967 2476 1105 2547 Περὶ
1136 2478 1234 2549 μὲν
1270 2477 1380 2550 γὰρ
1407 2477 1501 2533 τοῦ
1534 2478 1670 2535 Θεοῦ
1703 2482 1801 2535 καὶ

223 2566 454 2638 Πατρὸς,
479 2565 630 2621 οὐδὲν
658 2566 816 2620 αὐτοὶ
844 2569 1001 2637 φαῖεν
1032 2566 1121 2633 ἂν,
1151 2567 1401 2642 καθάπερ
1431 2564 1667 2641 ἐγῷμαι.
1685 2570 1800 2641 Τῆς

213 2656 327 2728 γὰρ
355 2656 490 2711 κατὰ
527 2657 691 2729 φύσιν
721 2657 815 2711 καὶ
869 2658 1103 2729 ἀληθοῦς
1131 2659 1386 2731 θεότητος
1428 2662 1531 2734 τὴν
1555 2658 1795 2732 μέθεξιν,

206 2749 312 2803 οὐκ
336 2748 405 2803 ἄν
426 2766 512 2813 τις
539 2749 652 2803 ἐλοι
676 2749 806 2803 ποτὲ
831 2749 920 2803 διὰ
942 2748 1170 2821 γενητοῦ
1197 2748 1293 2805 τοῦ
1320 2750 1656 2823 Πνεύματος,
1674 2752 1799 2805 ἐπεὶ

211 2836 289 2911 μὴ
315 2838 477 2894 τοῦτο
525 2841 743 2895 ἐκείνου
782 2840 1000 2912 μέθεξις
1044 2844 1269 2916 φυσική.
1318 2842 1585 2898 Λείπεται
1611 2844 1801 2898 -τοίνυν

206 2932 406 3000 εἰπεῖν,
439 2932 516 2997 ὡς
546 2933 633 3005 εἴη
667 2933 767 3003 μέν
801 2932 963 3003 μόνος
987 2934 1045 2985 ἐν
1067 2934 1202 3004 ἡμῖν
1226 2935 1256 2987 ό
1293 2933 1445 2999 Υίὸς.
1473 2934 1651 3002 καίτοι
1676 2934 1799 2989 κατ’

206 3023 456 3089 ἐκείνους
497 3024 887 3096 ὠνομασμένος
925 3024 1244 3098 ἐτεροφυὴς,
1286 3026 1383 3080 καὶ
1409 3028 1510 3099 τῆς
1539 3024 1634 3081 τοῦ
1662 3024 1799 3081 Θεοῦ

1899 484 2022 540 quae
2050 478 2395 525 sunt·sensus
2424 470 2666 538 capacia.
2700 465 2818 532 Quo
2856 466 3000 520 enim
3035 463 3142 520 alio
3177 472 3334 536 pacto
3363 468 3472 520 vim

1899 574 2054 615 suam
2092 568 2370 614 exsereret
2398 598 2413 625 ,
2462 557 2567 612 nisi
2615 555 2781 612 veluti
2814 554 3053 612 radicem
3086 559 3375 626 quamdam
3408 570 3475 611 ac

1898 658 2127 704 matrem
2150 648 2457 704 emissionis
2490 661 2602 701 suae
2644 656 2892 701 naturam
2926 647 3058 703 solis
3087 647 3311 702 liaberet
3337 691 3353 713 ,
3411 658 3477 703 ut

1896 752 1965 794 cx
1990 754 2055 795 eo
2077 740 2219 809 quod
2243 753 2365 796 esse
2387 739 2628 795 creditur
2654 748 2820 795 totam
2868 739 2923 794 in
2958 741 3138 810 seipso
3171 740 3476 795 emittentis

1897 831 2214 889 substantiae
2244 832 2564 903 qualitatem
2601 831 2804 889 habere
2824 833 3120 890 videatur?

1962 921 2024 979 Β.
2048 921 2167 980 Non
2199 923 2308 980 alio
2331 938 2482 979 sanc.

1969 1017 2035 1072 A.
2067 1017 2148 1071 Ad
2175 1017 2349 1086 ipsam
2378 1029 2510 1087 ergo
2536 1016 2755 1073 demum
2796 1018 2970 1075 sancti
3022 1018 3261 1089 Spiritus
3304 1028 3474 1073 natu-

1897 1123 2014 1162 ram
2044 1109 2353 1176 veniamus,
2379 1122 2611 1178 eamque
2636 1118 2892 1164 accurate
2912 1112 3339 1176 consideremus,
3365 1123 3471 1166 non

1896 1207 2251 1255 excurrentes
2274 1208 2436 1255 extra
2463 1198 2825 1269 propositum,
2868 1198 3036 1271 470
3086 1201 3179 1257 sed
3233 1210 3474 1268 tempore

1897 1304 1997 1347 nos
2035 1292 2103 1345 ad
2135 1304 2225 1346 res
2254 1291 2494 1347 maxime
2520 1304 2793 1361 congruas
2834 1290 3088 1346 hortante
3123 1308 3138 1344 ε
3175 1301 3355 1346 utrum
3388 1290 3473 1344 vi·

1882 1381 2094 1459 ¹delicet
2130 1380 2281 1437 Patri
2329 1389 2387 1437 et
2434 1378 2576 1436 Filio
2623 1382 2698 1437 sit
2746 1384 3266 1447 connumerandus,
3311 1390 3366 1437 et
3418 1381 3472 1437 iu

1896 1490 2002 1531 una
2030 1473 2252 1531 deitatis
2281 1480 2477 1529 natura
2516 1474 2972 1539 conscribendus,
3001 1488 3180 1530 aurion
3215 1474 3240 1529 *ἓ

1972 1648 2036 1704 Β.
2068 1644 2243 1706 Uumn
2266 1650 2420 1705 aiunt
2442 1664 2565 1706 esse
2594 1664 2782 1705 verum
2819 1649 2988 1705 Deum
3014 1629 3231 1707 Patrem
3256 1664 3268 1698 :
3335 1650 3463 1707 huie

1825 1738 1868 1793 B
1893 1758 2023 1800 vero
2045 1751 2406 1798 annumerant
2431 1742 2592 1812 plane
2619 1741 2916 1797 neminem.

1968 1835 2035 1889 A.
2073 1827 2241 1903 igitur
2270 1848 2337 1889 ex
2376 1847 2568 1888 eorum
2597 1836 2872 1888 sententia
2903 1848 2934 1887 a
2979 1848 3104 1889 vera
3132 1833 3331 1889 deitate
3375 1846 3474 1888 ex·

1910 1924 2160 1982 cludetur
2182 1924 2347 1980 etiam
2377 1940 2482 1980 una
2510 1940 2635 1980 cum
2661 1921 2802 1981 Filio
2835 1920 3096 1995 Spiritus,
3142 1934 3199 1981 et
3234 1925 3288 1980 in
3325 1938 3477 1980 crea·

1899 2027 2146 2075 turarum
2200 2032 2484 2073 numerum
2538 2017 2947 2085 amandabitur,
2997 2028 3163 2088 atque
3232 2017 3477 2089 ejusdem

1900 2118 2114 2166 naturae
2149 2108 2369 2177 quidem
2404 2109 2514 2163 erit
2562 2122 2687 2164 eum
2718 2104 2858 2166 Filio
2884 2146 2900 2173 ‚
2955 2108 3118 2165 sicuti
3159 2108 3477 2179 opinantur,

1900 2201 2046 2273 quod
2078 2200 2148 2256 ad
2179 2199 2475 2257 creationis
2502 2200 2769 2257 rationem
2801 2202 3035 2266 attinet,
3089 2201 3183 2257 sed
3218 2217 3249 2256 a
3290 2201 3385 2257 Dei
3425 2213 3478 2257 et

1899 2292 2082 2351 Patris
2131 2292 2438 2349 substantia
2494 2291 2813 2364 longissime
2864 2294 3106 2349 distabit.
3173 2291 3480 2349 Ostendant

1900 2384 2066 2456 igitur
2122 2381 2200 2438 illi
2240 2381 2429 2451 ecquis
2479 2382 2695 2437 tandem
2729 2382 2876 2438 Deus
2912 2383 3069 2438 sitin
3100 2382 3279 2447 nobis,
3325 2384 3372 2440 si
3424 2384 3481 2438 iu

1899 2475 2189 2546 baptizatis
2228 2472 2443 2529 habitat
2488 2487 2554 2528 ac
2603 2473 2910 2529 diversatur
2948 2472 3205 2545 Spiritus,
3254 2475 3329 2532 De
3370 2475 3481 2533 Deo

1898 2566 2044 2623 euim
2075 2579 2142 2621 ac
2186 2562 2350 2621 Patre
2375 2562 2510 2619 nibil
2543 2562 2649 2634 ipsi
2700 2564 2977 2630 dixerint,
3022 2575 3080 2620 ut
3111 2579 3254 2621 reor.
3308 2565 3481 2622 Natu-

1899 2657 2031 2714 ralis
2060 2657 2208 2714 enim
2257 2671 2322 2713 ac
2362 2672 2507 2713 verae
2540 2655 2761 2712 deitatis
2805 2656 3277 2729 participationem
3322 2658 3482 2716 nem'n

1899 2740 2118 2807 demum
2153 2762 2251 2819 per
2275 2757 2519 2805 creatum
2558 2745 2825 2818 Spiritum
2867 2750 3166 2819 acceperit,
3214 2750 3481 2820 siquidem

1901 2840 2007 2895 hoe
2029 2854 2136 2895 non
2183 2847 2334 2894 esset
2377 2837 2525 2895 illius
2567 2838 2831 2895 naturalis
2878 2840 3243 2911 participatio.
3292 2841 3484 2898 Restat

1900 2929 2068 3003 igitur
2104 2930 2419 2997 dicendum,
2444 2928 2619 2986 solum
2647 2930 2866 3000 quidem
2918 2930 2972 2985 in
3028 2932 3187 2988 nobis
3228 2948 3350 2989 esse
3390 2933 3483 2989 Fi·

1900 3021 2071 3110 ¹3¹¹.¹¹¹‘
2113 3023 2385 3095 quamvis,
2419 3031 2481 3078 ut
2530 3022 2610 3078 illi
2660 3022 2877 3090 volunt,
2926 3022 3105 3081 dictus
3132 3026 3206 3081 sit
3254 3025 3483 3082 alterius

206 3115 304 3177 καὶ
324 3115 553 3185 Πατρὸς
583 3114 770 3178 οὐσίας
793 3114 1131 3186 ἐκδεὸηκὼς,
1161 3116 1251 3171 διά
1273 3132 1334 3170 τε
1351 3117 1603 3192 τοῦτο’·τῇ
1628 3118 1801 3172 κτίσει
1825 3087 1871 3149 c
1904 3124 2113 3171 ttaturae
2137 3155 2154 3181 ,
2192 3124 2249 3171 et
2276 3130 2344 3171 ex
2377 3114 2471 3171 Dei
2502 3129 2567 3172 ac
2596 3114 2779 3171 Patris
2827 3117 3133 3174 substantia
3182 3134 3435 3189 egressus
3462 3159 3484 3182 ,

208 3203 740 3280 συναριθμούμενος.
775 3205 972 3269 Κτίσις
996 3199 1089 3262 οῦν
1125 3208 1184 3261 ἐν
1219 3207 1372 3277 ἡμῖν,
1402 3208 1503 3283 οὐκ
1523 3209 1605 3264 ἐτι
1644 3210 1800 3277 Θεὸς,

211 3300 306 3357 καὶ
326 3298 420 3353 διὰ
441 3297 663 3351 κτιστοῦ
685 3297 779 3352 τοῦ
801 3296 940 3351 Πνεύ
948 3314 1138 3369 ματος,
1155 3298 1519 3371 καταπλουτεί
1538 3301 1628 3357 τὸν
1653 3303 1805 3372 ἁγια-

213 3391 356 3464 σμὸν
386 3392 420 3462 ἡ
444 3390 644 3457 κτίσις,
673 3390 826 3444 οὐδὲν
847 3389 1061 3473 ‘1⁰2⁹‘
1078 3389 1245 3463 mp&
1267 3389 1367 3445 τοῦ
1402 3386 1540 3449 Θεοῦ
1569 3394 1660 3447 καὶ
1692 3394 1804 3448 Πα-

209 3481 364 3556 τρός.
403 3482 470 3536 Et
493 3481 550 3536 δὲ
585 3480 654 3555 δὴ
698 3464 956 3554 μεθέντῖις
985 3482 1158 3548 τουτὶ,
1189 3483 1627 3554 παρατρέποιντο
1664 3485 1802 3558 πρὸς

213 3573 278 3628 τὸ
316 3573 563 3644 ἄμεινον,
606 3573 701 3627 καὶ
737 3571 870 3627 Θεὸν
913 3565 1052 3626 εἶναι
1101 3572 1311 3643 λέγοιεν
1345 3574 1435 3628 τὸν
1481 3575 1629 3644 Υίὸν,
1662 3593 1805 3648 φρα-

215 3665 419 3731 ζόντων
454 3665 666 3731 ἐκεῖνο,
718 3664 924 3738 πότερα
959 3664 1096 3721 θεῶν
1146 3667 1204 3717 ἐν
1252 3667 1384 3738 ἡμῖν
1439 3667 1593 3724 ἐσται
1646 3671 1799 3737 δυὰς,

216 3756 741 3826 ἐγκατοικισθέντων
770 3759 907 3829 ἡμῖν
939 3756 1035 3810 τοῦ
1063 3758 1279 3827 Πατρὸς
1313 3759 1409 3813 καὶ
1454 3760 1550 3814 τοῦ
1584 3761 1737 3826 Υίοῦ,
1764 3765 1799 3837 ἢ

218 3846 355 3918 γοῦν
392 3840 472 3910 εἷς
514 3864 573 3900 τε
600 3849 696 3901 καὶ
729 3849 923 3920 μόνος;
947 3849 1092 3920 Ἔφη
1120 3848 1229 3922 γὰρ
1269 3851 1298 3902 ὁ
1327 3850 1594 3920 Χριστός·
1621 3872 1639 3905 ι
1677 3854 1804 3910 Ἐάν

217 3956 306 4004 τις
333 3940 523 4011 ἀγαπᾷ
558 3958 645 4011 με,
675 3940 766 3995 τὸν
793 3942 950 4011 λόγον
975 3959 1078 4013 μου
1102 3945 1282 4013 τηρεῖ,
1311 3944 1405 3997 καὶ
1429 3946 1458 3997 ὀ
1487 3945 1677 4018 Πατήρ
1701 3965 1803 4018 μου

219 4031 501 4101 ἀγαπήσει
534 4032 717 4103 αὐτὸν,
754 4032 891 4107 πρὸς
919 4034 1082 4088 αὐτὸν
1116 4033 1468 4105 ἐλευσόμεθα,
1503 4037 1599 4091 καὶ
1634 4039 1804 4112 μονὴν

217 4122 360 4193 παρ’
389 4122 537 4194 αὐτῷ
568 4123 932 4196 ποιησόμεθα.
964 4144 982 4176 ι
1630 4196 1633 4200 ¹

297 4214 359 4268 B.
400 4215 505 4268 Δύο
554 4217 672 4286 μὲν,
710 4212 884 4287 οἶμαι,
932 4217 1111 4285 θεοὺς,
1153 4218 1264 4272 οὐδ’
1304 4218 1371 4274 ἂν
1417 4220 1614 4286 αὐτοὺς
1657 4223 1804 4276 ἐκεί-

220 4323 348 4371 νους
381 4307 596 4362 ἑλέσθαι
626 4311 769 4361 νοεῖν
792 4325 807 4340 ·
841 4309 1201 4382 τετράψονται
1223 4310 1280 4364 δὲ
1312 4309 1462 4378 ἴσως,
1487 4314 1628 4385 πρός
1656 4332 1720 4384 γε
1744 4314 1808 4369 τὸ

1908 3215 2070 3278 atque
2089 3207 2161 3263 ob
2181 3207 2235 3263 id
2257 3219 2523 3264 creaturae
2550 3216 2994 3265 connumeratus.
3025 3209 3287 3268 Creatura
3318 3211 3484 3283 igitur

1905 3300 1960 3357 in
1995 3301 2153 3358 nohis
2181 3309 2285 3366 est,
2319 3299 2558 3370 neniam
2589 3301 2756 3368 Deus,
2794 3309 2849 3356 et
2894 3316 2994 3373 per
3020 3312 3269 3358 creatum
3303 3301 3481 3374 Spiri-

1908 3401 2021 3448 tum
2076 3392 2516 3448 sanctificatione
2568 3391 2935 3463 locupletatur
2986 3404 3241 3451 creatura
3270 3434 3287 3460 ,
3345 3397 3482 3450 nillil

1904 3482 2111 3539 habens
2144 3498 2175 3538 a
2215 3482 2325 3538 Deo
2353 3494 2411 3538 et
2463 3482 2645 3540 Patre.
2700 3483 2797 3538 Sin
2824 3493 3035 3552 autem,
3101 3485 3205 3541 hoc
3258 3497 3485 3557 praeter-

1905 3573 2100 3640 misso,
2158 3574 2225 3628 ad
2254 3574 2528 3629 saniorem
2568 3583 2803 3631 mentem
2842 3587 3206 3643 revertamur,
3236 3590 3291 3633 et
3316 3576 3485 3633 Deum

1904 3680 2027 3722 esse
2080 3665 2265 3721 dicant
2305 3663 2506 3721 Filium
2537 3703 2555 3732 ,
2588 3666 2956 3737 respondeant
2998 3679 3180 3724 utrum
3227 3672 3278 3724 in
3330 3673 3486 3726 nobis

1905 3757 2085 3812 futura
2116 3757 2189 3812 sit
2227 3757 2451 3813 deorum
2481 3755 2718 3813 dualitas
2741 3795 2758 3822 ,
2793 3755 2955 3814 Patre
2989 3768 3045 3813 et
3074 3758 3214 3814 Filio
3245 3761 3298 3814 in
3329 3762 3485 3816 nobis

1907 3849 2280 3906 habitantibus
2312 3890 2329 3918 ,
2392 3863 2461 3905 an
2509 3865 2652 3905 unus
2699 3865 2762 3906 ac
2810 3851 3007 3908 solus?
3060 3852 3285 3910 Dicebat
3334 3856 3481 3909 enim

1904 3939 2209 3997 Christus:
2246 3957 2266 3991 ι
2324 3936 2534 4011 Siquis
2561 3940 2740 4012 diligit
2781 3957 2903 4009 me,
2948 3953 3259 4001 sermonem
3305 3959 3483 4000 meum

1908 4040 2111 4101 servat,
2152 4043 2207 4089 et
2230 4029 2398 4088 Pater
2426 4046 2579 4088 meus
2608 4032 2792 4105 diliget
2827 4033 3028 4105 ipsum,
3058 4037 3199 4092 etad
3238 4051 3361 4092 eum
3396 4053 3485 4092 ve-

1908 4124 2145 4190 niemuS,
2182 4132 2237 4179 et
2284 4123 2624 4180 mansionem
2672 4127 2814 4196 apud
2844 4142 2963 4182 eum
2996 4125 3257 4184 faciemus
3291 4132 3360 4185 ¹⁹.
3404 4148 3424 4183 ι
3519 4199 3531 4209 ἡ

1979 4216 2041 4272 Β.
2080 4217 2226 4273 Duos
2255 4231 2377 4274 esse
2414 4217 2545 4274 deos
2569 4233 2637 4274 ne
2664 4217 2785 4274 illos
2817 4219 3034 4289 quidem
3069 4221 3213 4291 ipsos
3254 4237 3487 4279 censere

1911 4318 2134 4365 autumo
2169 4325 2185 4363 τ
2221 4310 2316 4366 sed
2342 4318 2732 4366 convertentur
2751 4311 2937 4368 forsan
2968 4311 3035 4368 ad
3070 4324 3275 4369 rectam
3307 4315 3483 4371 incul-⁴

223 4399 358 4454 εὐθὺ
394 4401 490 4453 καὶ
512 4401 829 4473 ἀμωμήτως
859 4402 1005 4472 ἔχον,
1033 4402 1167 4458 Θεὸν
1190 4405 1248 4458 ἐν
1276 4405 1408 4476 ἡμῖν
1431 4406 1526 4460 ἕνα
1552 4407 1803 4474 διδόντες,
1835 4427 1882 4487 D
1914 4412 2207 4472 patamque
2257 4401 2418 4458 iidem
2449 4442 2465 4469 ‚
2531 4402 2954 4475 fatebunturque
3006 4405 3172 4461 Deum
3226 4409 3279 4461 in
3334 4410 3487 4466 nobis

220 4491 320 4544 τὸν
346 4490 599 4560 ἀληθινόν
626 4509 686 4545 τε
726 4493 821 4546 καὶ
843 4493 1024 4561 φύσει,
1058 4495 1343 4565 προσθεῖεν
1364 4497 1409 4551 δ’
1448 4499 1514 4552 ἂν
1547 4499 1677 4565 ἴσως
1704 4501 1803 4554 αὐ-

221 4583 307 4635 τοὶ
328 4581 420 4636 τὸν
446 4581 667 4653 Πατέρα
695 4583 792 4636 καὶ
828 4582 1010 4655 μόνον.

293 4675 361 4728 Α.
404 4672 613 4727 Οὐκοῦν
644 4675 860 4745 ἀνάγκη
883 4676 977 4730 καὶ
1002 4676 1100 4747 οὐχ
1124 4677 1349 4743 ἐκόντας
1374 4678 1473 4751 ἤδη
1495 4696 1612 4745 πως
1631 4681 1808 4736 ἐκεῖνο

224 4764 397 4835 φάναι
427 4764 653 4837 τολμᾷν,
677 4765 753 4831 ὡς
773 4765 934 4838 εἴπερ
965 4768 1113 4822 ἐστὶν
1143 4762 1223 4833 εἷς
1255 4771 1313 4823 ἐν
1351 4771 1484 4842 ἡμῖν
1517 4773 1612 4827 καὶ
1647 4773 1813 4845 μόνος

222 4856 365 4916 Θεὸς
411 4858 440 4910 ό
484 4857 696 4928 Πατὴρ,
739 4858 1081 4912 συνεισδαλεί
1119 4860 1238 4931 μὲν,
1280 4861 1464 4915 οὐκέτι
1501 4863 1807 4935 χρησίμως,

1910 4509 2077 4550 unum
2112 4508 2234 4551 esse
2266 4510 2456 4550 verum
2505 4495 2656 4551 illum
2700 4506 2755 4552 et
2788 4499 3113 4568 naturalem,
3160 4499 3253 4555 sed
3300 4500 3485 4557 forsan

1913 4586 2243 4653 addiderint,
2271 4585 2487 4641 Patrem
2511 4600 2575 4640 ae
2602 4586 2798 4642 solum.

1987 4678 2056 4734 A.
2090 4677 2284 4748 ltaque
2309 4691 2532 4734 necesse
2555 4685 2723 4734 estut
2751 4677 2835 4736 vel
2867 4679 3024 4736 inviti
3054 4681 3185 4737 illud
3223 4687 3486 4753 ‹innodam-

1920 4773 2082 4828 modo
2105 4771 2286 4827 dicere
2322 4770 2618 4827 audeamus
2644 4771 2787 4841 quod
2821 4786 2943 4826 cum
2972 4788 3113 4829 unus
3138 4774 3209 4830 sit
3247 4776 3302 4830 in
3333 4780 3489 4834 nobis

1918 4877 1984 4920 ac
2003 4863 2152 4919 solus
2183 4861 2326 4920 Deus
2357 4863 2537 4926 Pater,
2566 4878 2673 4916 non
2698 4863 2810 4933 jam
2830 4856 3055 4933 utiliter,
3088 4867 3184 4921 sed
3218 4868 3489 4933 superflue

225 4946 434 5020 μᾶλλον
460 4947 518 5001 δέ
544 4948 643 5019 ἥδη
683 4950 780 5004 καὶ
816 4950 1088 5021 περιττῶς
1117 4951 1146 5002 ὀ
1194 4951 1344 5016 Υἱὸς.
1371 4953 1641 5008 καίτοι·τὸ
1667 4949 1806 5011 εἶναι
1918 4957 2105 5029 potius
2135 4971 2240 5011 una
2270 4971 2330 5012 se
2365 4957 2576 5027 ingeret
2610 4956 2795 5022 Filius.
2838 4973 2959 5013 cum
2997 4958 3135 5017 Deus
3184 4975 3346 5018 verus
3381 4978 3487 5019 non

222 5037 360 5100 Θεὸς
389 5036 663 5109 ἀληθινὸς,
695 5040 796 5093 οὐκ
826 5039 987 5110 ἔχων,
1021 5039 1177 5110 ὄχλος
1205 5040 1263 5095 δὲ
1306 5040 1496 5114 ὥσπερ
1520 5045 1724 5109 εἰκαῖος
1745 5048 1807 5100 ἐν
1914 5050 2007 5114 sit,
2062 5049 2353 5120 inanisque
2400 5050 2539 5105 forte
2567 5063 2827 5105 numerus
2860 5049 3075 5107 futurus
3120 5063 3203 5109 est
3240 5053 3294 5109 in
3329 5056 3490 5110 nobis

223 5131 360 5200 ἡμῖν
389 5130 542 5184 ἐσται
571 5131 755 5203 τυχὸν,
780 5134 813 5205 η
855 5134 984 5204 παρ’
1011 5133 1175 5187 αὐτοῦ
1204 5133 1502 5207 πλήρωσις.
1533 5137 1635 5209 Είη
1661 5137 1707 5191 δ’
1740 5139 1809 5192 ἂν
1913 5141 2036 5212 elus
2069 5140 2367 5212 plenitudo.
2388 5140 2697 5209 Quinetiam
2730 5141 2910 5197 minus
2926 5158 3091 5214 quam
3116 5159 3214 5215 par
3242 5156 3328 5201 est
3360 5147 3487 5211 rite,

224 5227 323 5277 καὶ
349 5225 555 5296 ἑτέρως
578 5226 768 5298 οὐκ-ὲν
802 5227 992 5298 κόσμῳ
1021 5227 1098 5299 τῷ
1126 5228 1420 5301 καθήκοντι
1450 5230 1812 5304 τετελεσμένα
1909 5245 1966 5291 et
2003 5244 2308 5306 opportune
2336 5235 2429 5290 liet
2463 5234 2556 5292 ille
2587 5249 2935 5305 congressus.
2972 5235 3103 5291 Nam
3148 5238 3348 5308 templa
3392 5240 3487 5296 Dei

225 5317 297 5369 τὰ
324 5317 426 5387 τῆς
456 5318 718 5389 εὐκαίρου
742 5319 1155 5389 συνεισδρομῆς.
1177 5321 1316 5375 Noto).
1338 5321 1449 5395 γὰρ
1469 5323 1628 5395 εἴπερ
1646 5323 1814 5395 ἐσμὸν
1909 5342 2031 5383 cum
2079 5328 2286 5393 simus,
2322 5342 2387 5383 ae
2439 5341 2545 5383 non
2608 5327 2833 5384 deorum
2853 5367 2871 5394 ,
2904 5327 2972 5383 de
3025 5329 3265 5384 omnium
3322 5333 3491 5390 eorde

227 5408 324 5462 τοῦ
347 5408 507 5474 Θεοῦ,
531 5413 625 5464 καὶ
656 5411 717 5465 οὐ
741 5410 793 5465 τί
819 5428 921 5465 που
946 5411 1084 5467 θεῶν
1113 5412 1386 5484 ἐξιτητέον
1421 5417 1520 5487 τῆς
1555 5417 1812 5474 ἁπάντων

124 5498 135 5506 “
227 5500 482 5573 καρδίας,
516 5502 861 5574 ἐπιφωνείτω
901 5505 987 5570 τίς
1011 5505 1112 5578 ἠδη
1140 5506 1219 5578 τῷ
1264 5507 1400 5580 Υίῷ,
1433 5508 1636 5580 μᾶλλον
1669 5509 1728 5566 δὲ
1761 5511 1815 5566 τί

304 5672 355 5710 ”
379 5673 539 5737 ioan.
576 5695 683 5747 ιιιν,
716 5682 809 5738 23.

1908 5419 2296 5490 egrediendum
2327 5417 2489 5490 471,
2523 5430 2607 5476 est
2636 5419 2854 5475 tandem
2886 5418 3049 5485 Filio,
3077 5420 3349 5477 exclamat
3385 5425 3487 5478 ali-

1910 5509 2035 5581 quis
2070 5511 2381 5570 :imovero
2425 5526 2524 5569 cur
2573 5511 2734 5584 plane
2776 5512 3062 5569 denuntiat
3116 5514 3381 5585 principio
3428 5529 3489 5572 se
