<?xml version="1.0" encoding="UTF-8"?>
<!DOCTYPE html PUBLIC "-//W3C//DTD XHTML 1.0 Transitional//EN"
    "http://www.w3.org/TR/xhtml1/DTD/xhtml1-transitional.dtd">
<html xmlns="http://www.w3.org/1999/xhtml" xml:lang="en" lang="en">
 <head>
  <title>
</title>
<meta http-equiv="Content-Type" content="text/html;charset=utf-8" />
  <meta name='ocr-system' content='tesseract 3.04.00' />
  <meta name='ocr-capabilities' content='ocr_page ocr_carea ocr_par ocr_line ocrx_word'/>
</head>
<body>
  <div class='ocr_page' id='page_1' title='image "./patrologicursus109migngoog_0488.png"; bbox 0 0 3809 6125; ppageno 0'>
   <div class='ocr_carea' id='block_1_1' title="bbox 295 231 439 291">
    <p class='ocr_par' dir='ltr' id='par_1_1' title="bbox 295 231 439 291">
     <span class='ocr_line' id='line_1_1' title="bbox 295 231 439 291; baseline 0.028 -3"><span class='ocrx_word' id='word_1_1' title='bbox 295 231 439 291; x_wconf 65' lang='lat' dir='ltr'>ns&amp;</span> 
     </span>
    </p>
   </div>
   <div class='ocr_carea' id='block_1_2' title="bbox 1209 237 2657 299">
    <p class='ocr_par' dir='ltr' id='par_1_2' title="bbox 1209 237 2657 299">
     <span class='ocr_line' id='line_1_2' title="bbox 1209 237 2657 299; baseline 0.003 -4"><span class='ocrx_word' id='word_1_2' title='bbox 1209 237 1796 298; x_wconf 76' lang='lat' dir='ltr'><strong>ARGUMENTORUM</strong></span> <span class='ocrx_word' id='word_1_3' title='bbox 1839 240 1929 296; x_wconf 82' lang='lat' dir='ltr'>DE</span> <span class='ocrx_word' id='word_1_4' title='bbox 1968 241 2029 297; x_wconf 88' lang='lat' dir='ltr'>S.</span> <span class='ocrx_word' id='word_1_5' title='bbox 2072 239 2340 298; x_wconf 76' lang='lat' dir='ltr'>spitum</span> <span class='ocrx_word' id='word_1_6' title='bbox 2383 241 2657 299; x_wconf 63' lang='lat' dir='ltr'>CAPUA.</span> 
     </span>
    </p>
   </div>
   <div class='ocr_carea' id='block_1_3' title="bbox 3405 253 3541 311">
    <p class='ocr_par' dir='ltr' id='par_1_3' title="bbox 3405 253 3541 311">
     <span class='ocr_line' id='line_1_3' title="bbox 3405 253 3541 311; baseline 0.044 -5"><span class='ocrx_word' id='word_1_7' title='bbox 3405 253 3541 311; x_wconf 74' lang='grc' dir='ltr'>1Ιῖίῖ</span> 
     </span>
    </p>
   </div>
   <div class='ocr_carea' id='block_1_4' title="bbox 367 349 3542 479">
    <p class='ocr_par' dir='ltr' id='par_1_4' title="bbox 367 349 3542 479">
     <span class='ocr_line' id='line_1_4' title="bbox 367 349 3542 479; baseline 0.009 -75"><span class='ocrx_word' id='word_1_8' title='bbox 367 349 433 404; x_wconf 86' lang='grc' dir='ltr'><strong>Εί</strong></span> <span class='ocrx_word' id='word_1_9' title='bbox 459 350 568 403; x_wconf 77' lang='grc' dir='ltr'>πᾶν</span> <span class='ocrx_word' id='word_1_10' title='bbox 595 351 657 405; x_wconf 85' lang='grc' dir='ltr'>τὸ</span> <span class='ocrx_word' id='word_1_11' title='bbox 694 353 757 407; x_wconf 81' lang='grc' dir='ltr'><strong>ἐκ</strong></span> <span class='ocrx_word' id='word_1_12' title='bbox 784 352 880 408; x_wconf 84' lang='grc' dir='ltr'>τοῦ</span> <span class='ocrx_word' id='word_1_13' title='bbox 904 352 993 432; x_wconf 74' lang='grc' dir='ltr'>μὴ</span> <span class='ocrx_word' id='word_1_14' title='bbox 1031 353 1182 416; x_wconf 83' lang='grc' dir='ltr'><strong>ὅντος</strong></span> <span class='ocrx_word' id='word_1_15' title='bbox 1217 354 1298 417; x_wconf 86' lang='grc' dir='ltr'>είς</span> <span class='ocrx_word' id='word_1_16' title='bbox 1326 354 1387 407; x_wconf 86' lang='grc' dir='ltr'>τὸ</span> <span class='ocrx_word' id='word_1_17' title='bbox 1427 350 1569 409; x_wconf 74' lang='grc' dir='ltr'><strong>εἶναι</strong></span> <span class='ocrx_word' id='word_1_18' title='bbox 1599 357 1876 479; x_wconf 64' lang='grc' dir='ltr'><strong>κεκλτὲμέ-</strong></span> <span class='ocrx_word' id='word_1_19' title='bbox 1901 365 1947 421; x_wconf 72' lang='grc' dir='ltr'><strong>Α</strong></span> <span class='ocrx_word' id='word_1_20' title='bbox 2050 356 2111 412; x_wconf 87' lang='lat' dir='ltr'>Si</span> <span class='ocrx_word' id='word_1_21' title='bbox 2136 372 2298 414; x_wconf 83' lang='lat' dir='ltr'>omne</span> <span class='ocrx_word' id='word_1_22' title='bbox 2333 361 2474 429; x_wconf 86' lang='lat' dir='ltr'>qnod</span> <span class='ocrx_word' id='word_1_23' title='bbox 2507 376 2575 414; x_wconf 83' lang='lat' dir='ltr'>ex</span> <span class='ocrx_word' id='word_1_24' title='bbox 2610 361 2777 426; x_wconf 71' lang='lat' dir='ltr'>nihilo</span> <span class='ocrx_word' id='word_1_25' title='bbox 2823 363 2887 417; x_wconf 92' lang='lat' dir='ltr'>ad</span> <span class='ocrx_word' id='word_1_26' title='bbox 2924 378 3045 421; x_wconf 83' lang='lat' dir='ltr'>esse</span> <span class='ocrx_word' id='word_1_27' title='bbox 3080 367 3399 436; x_wconf 81' lang='lat' dir='ltr'>productum</span> <span class='ocrx_word' id='word_1_28' title='bbox 3458 387 3542 431; x_wconf 82' lang='lat' dir='ltr'>cst</span> 
     </span>
    </p>
   </div>
   <div class='ocr_carea' id='block_1_5' title="bbox 277 418 1867 1730">
    <p class='ocr_par' dir='ltr' id='par_1_5' title="bbox 292 418 1867 633">
     <span class='ocr_line' id='line_1_5' title="bbox 296 418 1866 497; baseline 0.006 -27"><span class='ocrx_word' id='word_1_29' title='bbox 296 433 404 482; x_wconf 68' lang='grc' dir='ltr'><strong>νον,</strong></span> <span class='ocrx_word' id='word_1_30' title='bbox 452 418 638 473; x_wconf 85' lang='grc' dir='ltr'><strong>δοῦλόν</strong></span> <span class='ocrx_word' id='word_1_31' title='bbox 681 425 800 474; x_wconf 82' lang='grc' dir='ltr'><strong>ἐστι</strong></span> <span class='ocrx_word' id='word_1_32' title='bbox 839 438 934 474; x_wconf 87' lang='grc' dir='ltr'>του</span> <span class='ocrx_word' id='word_1_33' title='bbox 968 422 1251 486; x_wconf 73' lang='grc' dir='ltr'><strong>κτίσαντος</strong></span> <span class='ocrx_word' id='word_1_34' title='bbox 1298 426 1396 476; x_wconf 80' lang='grc' dir='ltr'>καὶ</span> <span class='ocrx_word' id='word_1_35' title='bbox 1433 427 1704 480; x_wconf 83' lang='grc' dir='ltr'><strong>οίκετικὸν</strong></span> <span class='ocrx_word' id='word_1_36' title='bbox 1780 444 1866 497; x_wconf 88' lang='grc' dir='ltr'>χει</span> 
     </span>
     <span class='ocr_line' id='line_1_6' title="bbox 295 488 1867 564; baseline 0.006 -24"><span class='ocrx_word' id='word_1_37' title='bbox 295 488 516 560; x_wconf 71' lang='grc' dir='ltr'><strong>μέτρον,</strong></span> <span class='ocrx_word' id='word_1_38' title='bbox 546 488 820 563; x_wconf 79' lang='grc' dir='ltr'><strong>ἐλεύθεροι</strong></span> <span class='ocrx_word' id='word_1_39' title='bbox 871 490 929 543; x_wconf 83' lang='grc' dir='ltr'>δὲ</span> <span class='ocrx_word' id='word_1_40' title='bbox 1016 494 1157 562; x_wconf 81' lang='grc' dir='ltr'><strong>μείς,</strong></span> <span class='ocrx_word' id='word_1_41' title='bbox 1189 494 1411 563; x_wconf 79' lang='grc' dir='ltr'><strong>μέτοχοι</strong></span> <span class='ocrx_word' id='word_1_42' title='bbox 1458 496 1746 564; x_wconf 73' lang='grc' dir='ltr'><strong>γεγονότες</strong></span> <span class='ocrx_word' id='word_1_43' title='bbox 1770 495 1867 550; x_wconf 78' lang='grc' dir='ltr'>τοῦ</span> 
     </span>
     <span class='ocr_line' id='line_1_7' title="bbox 292 558 1866 633; baseline 0.005 -22"><span class='ocrx_word' id='word_1_44' title='bbox 292 558 448 625; x_wconf 81' lang='grc' dir='ltr'><strong>ἁγίου</strong></span> <span class='ocrx_word' id='word_1_45' title='bbox 470 559 802 632; x_wconf 81' lang='grc' dir='ltr'><strong>Πνεῦματος,</strong></span> <span class='ocrx_word' id='word_1_46' title='bbox 851 559 975 614; x_wconf 71' lang='grc' dir='ltr'><strong>ἐλαύ</strong></span> <span class='ocrx_word' id='word_1_47' title='bbox 1039 561 1134 633; x_wconf 79' lang='grc' dir='ltr'><strong>ρόν</strong></span> <span class='ocrx_word' id='word_1_48' title='bbox 1160 579 1265 614; x_wconf 83' lang='grc' dir='ltr'>που</span> <span class='ocrx_word' id='word_1_49' title='bbox 1295 563 1513 625; x_wconf 83' lang='grc' dir='ltr'><strong>πάντως</strong></span> <span class='ocrx_word' id='word_1_50' title='bbox 1567 565 1700 618; x_wconf 77' lang='grc' dir='ltr'><strong>αὐτὸ</strong></span> <span class='ocrx_word' id='word_1_51' title='bbox 1723 566 1866 619; x_wconf 69' lang='grc' dir='ltr'><strong>κατὰ</strong></span> 
     </span>
    </p>

    <p class='ocr_par' dir='ltr' id='par_1_6' title="bbox 288 628 1866 841">
     <span class='ocr_line' id='line_1_8' title="bbox 334 628 1866 704; baseline 0.005 -23"><span class='ocrx_word' id='word_1_52' title='bbox 334 628 456 682; x_wconf 80' lang='grc' dir='ltr'><strong>ύσιν</strong></span> <span class='ocrx_word' id='word_1_53' title='bbox 492 630 662 684; x_wconf 78' lang='grc' dir='ltr'><strong>ἐστίν.</strong></span> <span class='ocrx_word' id='word_1_54' title='bbox 723 630 786 683; x_wconf 71' lang='lat' dir='ltr'>Et</span> <span class='ocrx_word' id='word_1_55' title='bbox 829 628 889 683; x_wconf 80' lang='grc' dir='ltr'><strong>δέ</strong></span> <span class='ocrx_word' id='word_1_56' title='bbox 924 628 1102 695; x_wconf 73' lang='grc' dir='ltr'><strong>τοῦτο,</strong></span> <span class='ocrx_word' id='word_1_57' title='bbox 1128 629 1252 684; x_wconf 78' lang='grc' dir='ltr'><strong>οὔτε</strong></span> <span class='ocrx_word' id='word_1_58' title='bbox 1299 634 1550 704; x_wconf 84' lang='grc' dir='ltr'><strong>γενητὸν,</strong></span> <span class='ocrx_word' id='word_1_59' title='bbox 1603 633 1726 687; x_wconf 77' lang='grc' dir='ltr'><strong>οὔτε</strong></span> <span class='ocrx_word' id='word_1_60' title='bbox 1761 635 1866 689; x_wconf 81' lang='grc' dir='ltr'><strong>ὑπὸ</strong></span> 
     </span>
     <span class='ocr_line' id='line_1_9' title="bbox 289 645 1865 775; baseline 0.007 -26"><span class='ocrx_word' id='word_1_61' title='bbox 289 645 480 767; x_wconf 52' lang='lat' dir='ltr'>guyoti,</span> <span class='ocrx_word' id='word_1_62' title='bbox 511 697 644 770; x_wconf 79' lang='grc' dir='ltr'>ὼςή</span> <span class='ocrx_word' id='word_1_63' title='bbox 676 699 874 762; x_wconf 77' lang='grc' dir='ltr'><strong>κτίσις,</strong></span> <span class='ocrx_word' id='word_1_64' title='bbox 906 699 1123 770; x_wconf 83' lang='grc' dir='ltr'><strong>φύσεως</strong></span> <span class='ocrx_word' id='word_1_65' title='bbox 1159 701 1216 755; x_wconf 79' lang='grc' dir='ltr'><strong>δέ</strong></span> <span class='ocrx_word' id='word_1_66' title='bbox 1249 702 1450 774; x_wconf 79' lang='grc' dir='ltr'><strong>μᾶλλον</strong></span> <span class='ocrx_word' id='word_1_67' title='bbox 1485 704 1584 775; x_wconf 85' lang='grc' dir='ltr'>τῆς</span> <span class='ocrx_word' id='word_1_68' title='bbox 1608 705 1865 761; x_wconf 73' lang='grc' dir='ltr'><strong>ἐπέκεινα</strong></span> 
     </span>
     <span class='ocr_line' id='line_1_10' title="bbox 288 767 1011 841; baseline 0.008 -21"><span class='ocrx_word' id='word_1_69' title='bbox 288 767 457 836; x_wconf 78' lang='grc' dir='ltr'><strong>ζυγοῦ</strong></span> <span class='ocrx_word' id='word_1_70' title='bbox 490 784 551 821; x_wconf 87' lang='grc' dir='ltr'>τε</span> <span class='ocrx_word' id='word_1_71' title='bbox 581 769 674 822; x_wconf 82' lang='grc' dir='ltr'>καὶ</span> <span class='ocrx_word' id='word_1_72' title='bbox 704 768 1011 841; x_wconf 82' lang='grc' dir='ltr'><strong>ἐλευθέρας.</strong></span> 
     </span>
    </p>

    <p class='ocr_par' dir='ltr' id='par_1_7' title="bbox 285 837 1866 1172">
     <span class='ocr_line' id='line_1_11' title="bbox 362 837 1866 914; baseline 0.005 -23"><span class='ocrx_word' id='word_1_73' title='bbox 362 840 426 892; x_wconf 82' lang='lat' dir='ltr'>Ei</span> <span class='ocrx_word' id='word_1_74' title='bbox 454 837 549 891; x_wconf 85' lang='grc' dir='ltr'>τοῦ</span> <span class='ocrx_word' id='word_1_75' title='bbox 586 838 740 907; x_wconf 80' lang='grc' dir='ltr'><strong>ἁγίου</strong></span> <span class='ocrx_word' id='word_1_76' title='bbox 789 839 1104 910; x_wconf 78' lang='grc' dir='ltr'><strong>Πνεῦματος</strong></span> <span class='ocrx_word' id='word_1_77' title='bbox 1138 839 1485 911; x_wconf 73' lang='grc' dir='ltr'><strong>ἐνεργοῦντος</strong></span> <span class='ocrx_word' id='word_1_78' title='bbox 1529 842 1589 897; x_wconf 85' lang='grc' dir='ltr'><strong>ἐν</strong></span> <span class='ocrx_word' id='word_1_79' title='bbox 1628 845 1765 914; x_wconf 81' lang='grc' dir='ltr'><strong>ἡμῖν</strong></span> <span class='ocrx_word' id='word_1_80' title='bbox 1793 844 1866 899; x_wconf 76' lang='grc' dir='ltr'>τὰ</span> 
     </span>
     <span class='ocr_line' id='line_1_12' title="bbox 289 907 1864 985; baseline 0.004 -23"><span class='ocrx_word' id='word_1_81' title='bbox 289 907 411 963; x_wconf 87' lang='grc' dir='ltr'><strong>θεῖα</strong></span> <span class='ocrx_word' id='word_1_82' title='bbox 446 908 761 979; x_wconf 79' lang='grc' dir='ltr'><strong>χαρίσματα</strong></span> <span class='ocrx_word' id='word_1_83' title='bbox 800 909 982 973; x_wconf 84' lang='grc' dir='ltr'><strong>καθὼς</strong></span> <span class='ocrx_word' id='word_1_84' title='bbox 1064 909 1277 965; x_wconf 73' lang='grc' dir='ltr'><strong>ούλεται</strong></span> <span class='ocrx_word' id='word_1_85' title='bbox 1325 910 1506 983; x_wconf 88' lang='grc' dir='ltr'><strong>(τοῦτο</strong></span> <span class='ocrx_word' id='word_1_86' title='bbox 1531 912 1641 985; x_wconf 82' lang='grc' dir='ltr'><strong>γὰρ</strong></span> <span class='ocrx_word' id='word_1_87' title='bbox 1683 915 1713 967; x_wconf 84' lang='grc' dir='ltr'><strong>ὁ</strong></span> <span class='ocrx_word' id='word_1_88' title='bbox 1759 932 1864 984; x_wconf 86' lang='grc' dir='ltr'>μα-</span> 
     </span>
     <span class='ocr_line' id='line_1_13' title="bbox 287 978 1863 1053; baseline 0.003 -21"><span class='ocrx_word' id='word_1_89' title='bbox 287 979 480 1050; x_wconf 80' lang='grc' dir='ltr'><strong>κάριος</strong></span> <span class='ocrx_word' id='word_1_90' title='bbox 516 978 619 1047; x_wconf 79' lang='grc' dir='ltr'><strong>ἔφη</strong></span> <span class='ocrx_word' id='word_1_91' title='bbox 668 978 920 1047; x_wconf 80' lang='grc' dir='ltr'><strong>Παῦλος),</strong></span> <span class='ocrx_word' id='word_1_92' title='bbox 954 997 975 1030; x_wconf 82' lang='grc' dir='ltr'>ι</span> <span class='ocrx_word' id='word_1_93' title='bbox 1061 980 1148 1045; x_wconf 81' lang='grc' dir='ltr'>εὸς</span> <span class='ocrx_word' id='word_1_94' title='bbox 1189 980 1247 1033; x_wconf 83' lang='grc' dir='ltr'>δέ</span> <span class='ocrx_word' id='word_1_95' title='bbox 1283 980 1433 1036; x_wconf 78' lang='grc' dir='ltr'><strong>ἐστιν</strong></span> <span class='ocrx_word' id='word_1_96' title='bbox 1470 983 1500 1035; x_wconf 83' lang='grc' dir='ltr'><strong>ὁ</strong></span> <span class='ocrx_word' id='word_1_97' title='bbox 1521 983 1758 1053; x_wconf 86' lang='grc' dir='ltr'><strong>ἐνεργῶν</strong></span> <span class='ocrx_word' id='word_1_98' title='bbox 1793 983 1863 1039; x_wconf 80' lang='grc' dir='ltr'>τὰ</span> 
     </span>
     <span class='ocr_line' id='line_1_14' title="bbox 285 1047 1862 1170; baseline 0.004 -69"><span class='ocrx_word' id='word_1_99' title='bbox 285 1050 461 1102; x_wconf 81' lang='grc' dir='ltr'><strong>πάντα</strong></span> <span class='ocrx_word' id='word_1_100' title='bbox 477 1050 548 1170; x_wconf 56' lang='grc' dir='ltr'><strong>ἓν</strong></span> <span class='ocrx_word' id='word_1_101' title='bbox 577 1050 736 1115; x_wconf 84' lang='grc' dir='ltr'><strong>πᾶσι,</strong></span> <span class='ocrx_word' id='word_1_102' title='bbox 761 1067 782 1101; x_wconf 76' lang='grc' dir='ltr'>ι</span> <span class='ocrx_word' id='word_1_103' title='bbox 797 1048 931 1113; x_wconf 87' lang='grc' dir='ltr'><strong>Θεὸς</strong></span> <span class='ocrx_word' id='word_1_104' title='bbox 958 1049 1068 1120; x_wconf 81' lang='grc' dir='ltr'>ἄρα</span> <span class='ocrx_word' id='word_1_105' title='bbox 1088 1047 1184 1104; x_wconf 76' lang='grc' dir='ltr'>καὶ</span> <span class='ocrx_word' id='word_1_106' title='bbox 1203 1049 1270 1105; x_wconf 73' lang='grc' dir='ltr'><strong>ἐκ</strong></span> <span class='ocrx_word' id='word_1_107' title='bbox 1294 1050 1431 1105; x_wconf 78' lang='grc' dir='ltr'><strong>Θεοῦ</strong></span> <span class='ocrx_word' id='word_1_108' title='bbox 1450 1053 1591 1106; x_wconf 85' lang='grc' dir='ltr'><strong>κατὰ</strong></span> <span class='ocrx_word' id='word_1_109' title='bbox 1620 1053 1780 1123; x_wconf 80' lang='grc' dir='ltr'><strong>φύσιν</strong></span> <span class='ocrx_word' id='word_1_110' title='bbox 1801 1053 1862 1108; x_wconf 88' lang='grc' dir='ltr'>τὸ</span> 
     </span>
     <span class='ocr_line' id='line_1_15' title="bbox 286 1116 709 1172; baseline 0 0"><span class='ocrx_word' id='word_1_111' title='bbox 286 1116 427 1172; x_wconf 86' lang='grc' dir='ltr'><strong>Πνεῦ</strong></span> <span class='ocrx_word' id='word_1_112' title='bbox 539 1121 709 1172; x_wconf 82' lang='grc' dir='ltr'><strong>ἐστιν.</strong></span> 
     </span>
    </p>

    <p class='ocr_par' dir='ltr' id='par_1_8' title="bbox 277 1134 1861 1730">
     <span class='ocr_line' id='line_1_16' title="bbox 366 1134 1861 1260; baseline 0.003 -19"><span class='ocrx_word' id='word_1_113' title='bbox 366 1134 720 1258; x_wconf 46' lang='grc' dir='ltr'><strong>Ὀεΐιακάριος</strong></span> <span class='ocrx_word' id='word_1_114' title='bbox 751 1187 941 1258; x_wconf 82' lang='grc' dir='ltr'><strong>ψάλλει</strong></span> <span class='ocrx_word' id='word_1_115' title='bbox 964 1187 1130 1243; x_wconf 62' lang='lat' dir='ltr'>Aeeta</span> <span class='ocrx_word' id='word_1_116' title='bbox 1156 1188 1294 1260; x_wconf 87' lang='grc' dir='ltr'><strong>πρὸς</strong></span> <span class='ocrx_word' id='word_1_117' title='bbox 1312 1189 1404 1243; x_wconf 89' lang='grc' dir='ltr'>τὸν</span> <span class='ocrx_word' id='word_1_118' title='bbox 1443 1190 1552 1245; x_wconf 89' lang='grc' dir='ltr'>τῶν</span> <span class='ocrx_word' id='word_1_119' title='bbox 1586 1191 1723 1245; x_wconf 84' lang='grc' dir='ltr'><strong>ὅλων</strong></span> <span class='ocrx_word' id='word_1_120' title='bbox 1755 1194 1861 1245; x_wconf 87' lang='grc' dir='ltr'>Σω-</span> 
     </span>
     <span class='ocr_line' id='line_1_17' title="bbox 281 1256 1861 1329; baseline 0.003 -19"><span class='ocrx_word' id='word_1_121' title='bbox 281 1256 429 1329; x_wconf 83' lang='grc' dir='ltr'><strong>τῆρα</strong></span> <span class='ocrx_word' id='word_1_122' title='bbox 452 1258 547 1310; x_wconf 78' lang='grc' dir='ltr'>καὶ</span> <span class='ocrx_word' id='word_1_123' title='bbox 576 1258 727 1322; x_wconf 84' lang='grc' dir='ltr'><strong>Θεὸν,</strong></span> <span class='ocrx_word' id='word_1_124' title='bbox 755 1276 821 1311; x_wconf 88' lang='grc' dir='ltr'>πε</span> <span class='ocrx_word' id='word_1_125' title='bbox 860 1259 882 1310; x_wconf 75' lang='lat' dir='ltr'>i.</span> <span class='ocrx_word' id='word_1_126' title='bbox 913 1259 1022 1312; x_wconf 87' lang='grc' dir='ltr'>τῶν</span> <span class='ocrx_word' id='word_1_127' title='bbox 1053 1260 1113 1310; x_wconf 84' lang='grc' dir='ltr'><strong>ἐν</strong></span> <span class='ocrx_word' id='word_1_128' title='bbox 1138 1261 1208 1328; x_wconf 71' lang='grc' dir='ltr'><strong>γῇ</strong></span> <span class='ocrx_word' id='word_1_129' title='bbox 1239 1275 1322 1313; x_wconf 80' lang='grc' dir='ltr'>κει</span> <span class='ocrx_word' id='word_1_130' title='bbox 1369 1259 1506 1313; x_wconf 75' lang='grc' dir='ltr'><strong>ἑνων</strong></span> <span class='ocrx_word' id='word_1_131' title='bbox 1526 1275 1539 1288; x_wconf 93' lang='grc'><em>·</em></span> <span class='ocrx_word' id='word_1_132' title='bbox 1579 1278 1598 1312; x_wconf 86' lang='grc' dir='ltr'>ι</span> <span class='ocrx_word' id='word_1_133' title='bbox 1628 1262 1861 1327; x_wconf 77' lang='grc' dir='ltr'><strong>Ἐξαπο-</strong></span> 
     </span>
     <span class='ocr_line' id='line_1_18' title="bbox 283 1327 1858 1399; baseline 0.002 -19"><span class='ocrx_word' id='word_1_134' title='bbox 283 1328 492 1391; x_wconf 89' lang='grc' dir='ltr'><strong>στελεῖς</strong></span> <span class='ocrx_word' id='word_1_135' title='bbox 529 1327 590 1380; x_wconf 87' lang='grc' dir='ltr'>τὸ</span> <span class='ocrx_word' id='word_1_136' title='bbox 621 1327 808 1399; x_wconf 85' lang='grc' dir='ltr'><strong>Πνεῦμ</strong></span> <span class='ocrx_word' id='word_1_137' title='bbox 874 1344 990 1391; x_wconf 93' lang='grc' dir='ltr'><strong>σου,</strong></span> <span class='ocrx_word' id='word_1_138' title='bbox 1029 1328 1124 1380; x_wconf 75' lang='grc' dir='ltr'>καὶ</span> <span class='ocrx_word' id='word_1_139' title='bbox 1157 1327 1311 1381; x_wconf 87' lang='grc' dir='ltr'><strong>κτισθ</strong></span> <span class='ocrx_word' id='word_1_140' title='bbox 1354 1343 1557 1393; x_wconf 83' lang='grc' dir='ltr'><strong>σονται,</strong></span> <span class='ocrx_word' id='word_1_141' title='bbox 1596 1331 1692 1383; x_wconf 71' lang='grc' dir='ltr'>καὶ</span> <span class='ocrx_word' id='word_1_142' title='bbox 1723 1334 1858 1385; x_wconf 72' lang='grc' dir='ltr'><strong>ἀνα-</strong></span> 
     </span>
     <span class='ocr_line' id='line_1_19' title="bbox 281 1396 1861 1468; baseline 0.002 -17"><span class='ocrx_word' id='word_1_143' title='bbox 281 1401 516 1460; x_wconf 82' lang='grc' dir='ltr'><strong>καινιεῖς</strong></span> <span class='ocrx_word' id='word_1_144' title='bbox 547 1396 608 1450; x_wconf 89' lang='grc' dir='ltr'>τὸ</span> <span class='ocrx_word' id='word_1_145' title='bbox 641 1399 930 1468; x_wconf 86' lang='grc' dir='ltr'><strong>πρόσωπον</strong></span> <span class='ocrx_word' id='word_1_146' title='bbox 954 1398 1051 1468; x_wconf 83' lang='grc' dir='ltr'>τῆς</span> <span class='ocrx_word' id='word_1_147' title='bbox 1095 1396 1220 1467; x_wconf 84' lang='grc' dir='ltr'><strong>γῆς.</strong></span> <span class='ocrx_word' id='word_1_148' title='bbox 1267 1416 1285 1449; x_wconf 76' lang='grc' dir='ltr'>ι</span> <span class='ocrx_word' id='word_1_149' title='bbox 1365 1396 1397 1452; x_wconf 92' lang='grc' dir='ltr'><strong>ὸ</strong></span> <span class='ocrx_word' id='word_1_150' title='bbox 1427 1397 1486 1452; x_wconf 84' lang='grc' dir='ltr'>δὲ</span> <span class='ocrx_word' id='word_1_151' title='bbox 1516 1400 1861 1465; x_wconf 78' lang='grc' dir='ltr'><strong>ἀνακαινιζό·</strong></span> 
     </span>
     <span class='ocr_line' id='line_1_20' title="bbox 283 1466 1855 1541; baseline 0.001 -20"><span class='ocrx_word' id='word_1_152' title='bbox 283 1484 464 1538; x_wconf 85' lang='grc' dir='ltr'><strong>μενον,</strong></span> <span class='ocrx_word' id='word_1_153' title='bbox 492 1466 664 1529; x_wconf 73' lang='grc' dir='ltr'><strong>οὕτως</strong></span> <span class='ocrx_word' id='word_1_154' title='bbox 686 1468 1086 1531; x_wconf 77' lang='grc' dir='ltr'><strong>ἀνακαινίζεται</strong></span> <span class='ocrx_word' id='word_1_155' title='bbox 1111 1467 1186 1531; x_wconf 88' lang='grc' dir='ltr'>ὡς</span> <span class='ocrx_word' id='word_1_156' title='bbox 1207 1467 1299 1521; x_wconf 77' lang='grc' dir='ltr'>καὶ</span> <span class='ocrx_word' id='word_1_157' title='bbox 1323 1467 1382 1533; x_wconf 81' lang='grc' dir='ltr'>ἐξ</span> <span class='ocrx_word' id='word_1_158' title='bbox 1409 1468 1586 1541; x_wconf 76' lang='grc' dir='ltr'><strong>ἀρχῆς</strong></span> <span class='ocrx_word' id='word_1_159' title='bbox 1604 1471 1819 1538; x_wconf 83' lang='grc' dir='ltr'><strong>ἐγένετο</strong></span> <span class='ocrx_word' id='word_1_160' title='bbox 1839 1487 1855 1503; x_wconf 88' lang='grc'><em>·</em></span> 
     </span>
     <span class='ocr_line' id='line_1_21' title="bbox 278 1535 1859 1644; baseline 0.003 -55"><span class='ocrx_word' id='word_1_161' title='bbox 278 1539 375 1592; x_wconf 74' lang='grc' dir='ltr'>καὶ</span> <span class='ocrx_word' id='word_1_162' title='bbox 419 1538 517 1607; x_wconf 82' lang='grc' dir='ltr'>τῆς</span> <span class='ocrx_word' id='word_1_163' title='bbox 552 1537 721 1606; x_wconf 80' lang='grc' dir='ltr'><strong>αὐτῆς</strong></span> <span class='ocrx_word' id='word_1_164' title='bbox 764 1538 831 1590; x_wconf 83' lang='grc' dir='ltr'><strong>ἂν</strong></span> <span class='ocrx_word' id='word_1_165' title='bbox 860 1539 945 1608; x_wconf 86' lang='grc' dir='ltr'>είη</span> <span class='ocrx_word' id='word_1_166' title='bbox 994 1536 1275 1607; x_wconf 81' lang='grc' dir='ltr'><strong>δυνάμεως</strong></span> <span class='ocrx_word' id='word_1_167' title='bbox 1322 1535 1502 1644; x_wconf 68' lang='grc' dir='ltr'><strong>ἔργον,</strong></span> <span class='ocrx_word' id='word_1_168' title='bbox 1551 1537 1614 1592; x_wconf 84' lang='grc' dir='ltr'>τὸ</span> <span class='ocrx_word' id='word_1_169' title='bbox 1662 1541 1754 1594; x_wconf 74' lang='grc' dir='ltr'>καὶ</span> <span class='ocrx_word' id='word_1_170' title='bbox 1800 1541 1859 1594; x_wconf 86' lang='grc' dir='ltr'><strong>ἐν</strong></span> 
     </span>
     <span class='ocr_line' id='line_1_22' title="bbox 277 1605 1858 1730; baseline 0.003 -70"><span class='ocrx_word' id='word_1_171' title='bbox 277 1608 476 1730; x_wconf 61' lang='grc' dir='ltr'><strong>ἀὲχαῖς</strong></span> <span class='ocrx_word' id='word_1_172' title='bbox 503 1609 842 1679; x_wconf 78' lang='grc' dir='ltr'><strong>παραγαγεῖν</strong></span> <span class='ocrx_word' id='word_1_173' title='bbox 892 1612 971 1671; x_wconf 87' lang='grc' dir='ltr'>είς</span> <span class='ocrx_word' id='word_1_174' title='bbox 1003 1605 1252 1677; x_wconf 78' lang='grc' dir='ltr'><strong>ὓπαρξιν,</strong></span> <span class='ocrx_word' id='word_1_175' title='bbox 1287 1624 1380 1660; x_wconf 87' lang='grc' dir='ltr'>κα.</span> <span class='ocrx_word' id='word_1_176' title='bbox 1413 1608 1858 1699; x_wconf 75' lang='grc' dir='ltr'><strong>κατεφθαρμένον</strong></span> 
     </span>
     <span class='ocr_line' id='line_1_23' title="bbox 277 1694 308 1730; baseline 0 0"><span class='ocrx_word' id='word_1_177' title='bbox 277 1694 308 1730; x_wconf 84' lang='grc' dir='ltr'>τ</span> 
     </span>
    </p>
   </div>
   <div class='ocr_carea' id='block_1_6' title="bbox 1965 429 3539 849">
    <p class='ocr_par' dir='ltr' id='par_1_9' title="bbox 1965 429 3539 849">
     <span class='ocr_line' id='line_1_24' title="bbox 1975 429 3538 511; baseline 0.013 -30"><span class='ocrx_word' id='word_1_178' title='bbox 1975 442 2198 481; x_wconf 84' lang='lat' dir='ltr'>servum</span> <span class='ocrx_word' id='word_1_179' title='bbox 2247 438 2331 481; x_wconf 87' lang='lat' dir='ltr'>est</span> <span class='ocrx_word' id='word_1_180' title='bbox 2381 429 2677 493; x_wconf 82' lang='lat' dir='ltr'>creatoris,</span> <span class='ocrx_word' id='word_1_181' title='bbox 2721 441 2776 486; x_wconf 80' lang='lat' dir='ltr'>et</span> <span class='ocrx_word' id='word_1_182' title='bbox 2815 435 3002 489; x_wconf 78' lang='lat' dir='ltr'>servili</span> <span class='ocrx_word' id='word_1_183' title='bbox 3043 440 3352 494; x_wconf 84' lang='lat' dir='ltr'>conditione</span> <span class='ocrx_word' id='word_1_184' title='bbox 3396 458 3538 511; x_wconf 74' lang='lat' dir='ltr'>prze-</span> 
     </span>
     <span class='ocr_line' id='line_1_25' title="bbox 1968 497 3539 580; baseline 0.012 -30"><span class='ocrx_word' id='word_1_185' title='bbox 1968 497 2181 561; x_wconf 79' lang='lat' dir='ltr'>ditum‚</span> <span class='ocrx_word' id='word_1_186' title='bbox 2240 511 2340 551; x_wconf 84' lang='lat' dir='ltr'>nos</span> <span class='ocrx_word' id='word_1_187' title='bbox 2384 508 2563 553; x_wconf 81' lang='lat' dir='ltr'>autem</span> <span class='ocrx_word' id='word_1_188' title='bbox 2607 502 2759 556; x_wconf 83' lang='lat' dir='ltr'>liberi</span> <span class='ocrx_word' id='word_1_189' title='bbox 2806 517 2994 560; x_wconf 79' lang='lat' dir='ltr'>snmus</span> <span class='ocrx_word' id='word_1_190' title='bbox 3058 509 3233 563; x_wconf 79' lang='lat' dir='ltr'>sancti</span> <span class='ocrx_word' id='word_1_191' title='bbox 3302 508 3539 580; x_wconf 78' lang='lat' dir='ltr'>Spiritus</span> 
     </span>
     <span class='ocr_line' id='line_1_26' title="bbox 1967 564 3539 641; baseline 0.011 -21"><span class='ocrx_word' id='word_1_192' title='bbox 1967 564 2095 621; x_wconf 72' lang='lat' dir='ltr'>facti</span> <span class='ocrx_word' id='word_1_193' title='bbox 2171 567 2481 637; x_wconf 80' lang='lat' dir='ltr'>participes,</span> <span class='ocrx_word' id='word_1_194' title='bbox 2550 570 2662 638; x_wconf 87' lang='lat' dir='ltr'>ipse</span> <span class='ocrx_word' id='word_1_195' title='bbox 2732 571 2920 641; x_wconf 84' lang='lat' dir='ltr'>utique</span> <span class='ocrx_word' id='word_1_196' title='bbox 2986 579 3284 633; x_wconf 85' lang='lat' dir='ltr'>secundum</span> <span class='ocrx_word' id='word_1_197' title='bbox 3379 593 3539 637; x_wconf 87' lang='lat' dir='ltr'>natu-</span> 
     </span>
     <span class='ocr_line' id='line_1_27' title="bbox 1970 636 3538 717; baseline 0.011 -29"><span class='ocrx_word' id='word_1_198' title='bbox 1970 650 2087 689; x_wconf 88' lang='lat' dir='ltr'>ram</span> <span class='ocrx_word' id='word_1_199' title='bbox 2127 646 2212 690; x_wconf 84' lang='lat' dir='ltr'>est</span> <span class='ocrx_word' id='word_1_200' title='bbox 2273 636 2428 692; x_wconf 88' lang='lat' dir='ltr'>liber.</span> <span class='ocrx_word' id='word_1_201' title='bbox 2489 637 2642 705; x_wconf 92' lang='lat' dir='ltr'>Quod</span> <span class='ocrx_word' id='word_1_202' title='bbox 2689 642 2734 695; x_wconf 92' lang='lat' dir='ltr'>si</span> <span class='ocrx_word' id='word_1_203' title='bbox 2790 642 2861 694; x_wconf 88' lang='lat' dir='ltr'>ita</span> <span class='ocrx_word' id='word_1_204' title='bbox 2904 653 3032 709; x_wconf 83' lang='lat' dir='ltr'>est,</span> <span class='ocrx_word' id='word_1_205' title='bbox 3081 660 3256 714; x_wconf 82' lang='lat' dir='ltr'>neque</span> <span class='ocrx_word' id='word_1_206' title='bbox 3313 649 3487 706; x_wconf 80' lang='lat' dir='ltr'>sactus</span> <span class='ocrx_word' id='word_1_207' title='bbox 3521 693 3538 717; x_wconf 89' lang='lat'>,</span> 
     </span>
     <span class='ocr_line' id='line_1_28' title="bbox 1965 705 3539 849; baseline 0.008 -20"><span class='ocrx_word' id='word_1_208' title='bbox 1965 705 2599 845; x_wconf 37' lang='lat' dir='ltr'>nasidianitae</span> <span class='ocrx_word' id='word_1_209' title='bbox 2626 720 3043 849; x_wconf 47' lang='lat' dir='ltr'>infiniti*</span> <span class='ocrx_word' id='word_1_210' title='bbox 3086 717 3180 771; x_wconf 69' lang='lat'>⁸⁶⁶</span> <span class='ocrx_word' id='word_1_211' title='bbox 3238 727 3429 774; x_wconf 75' lang='lat'>”³¹¹&#39;‘³</span> <span class='ocrx_word' id='word_1_212' title='bbox 3469 723 3539 776; x_wconf 73' lang='lat'>&#39;¹‘</span> 
     </span>
    </p>
   </div>
   <div class='ocr_carea' id='block_1_7' title="bbox 2038 844 3639 916">
    <p class='ocr_par' dir='ltr' id='par_1_10' title="bbox 2038 844 3639 916">
     <span class='ocr_line' id='line_1_29' title="bbox 2038 844 3639 916; baseline 0.012 -19"><span class='ocrx_word' id='word_1_213' title='bbox 2038 844 2095 898; x_wconf 88' lang='lat' dir='ltr'>Si</span> <span class='ocrx_word' id='word_1_214' title='bbox 2152 859 2277 899; x_wconf 88' lang='lat' dir='ltr'>cum</span> <span class='ocrx_word' id='word_1_215' title='bbox 2336 846 2573 916; x_wconf 74' lang='lat' dir='ltr'><strong>Spiritus</strong></span> <span class='ocrx_word' id='word_1_216' title='bbox 2610 858 2835 904; x_wconf 76' lang='lat' dir='ltr'>sainctus</span> <span class='ocrx_word' id='word_1_217' title='bbox 2880 850 3062 905; x_wconf 87' lang='lat' dir='ltr'>divina</span> <span class='ocrx_word' id='word_1_218' title='bbox 3098 853 3151 906; x_wconf 89' lang='lat' dir='ltr'>in</span> <span class='ocrx_word' id='word_1_219' title='bbox 3199 855 3354 912; x_wconf 89' lang='lat' dir='ltr'>nobis</span> <span class='ocrx_word' id='word_1_220' title='bbox 3395 858 3536 915; x_wconf 86' lang='lat' dir='ltr'>dona</span> <span class='ocrx_word' id='word_1_221' title='bbox 3602 846 3639 877; x_wconf 74' lang='lat'>⁸</span> 
     </span>
    </p>
   </div>
   <div class='ocr_carea' id='block_1_8' title="bbox 1964 916 3535 1136">
    <p class='ocr_par' dir='ltr' id='par_1_11' title="bbox 1964 916 3535 1136">
     <span class='ocr_line' id='line_1_30' title="bbox 1964 916 3531 999; baseline 0.009 -32"><span class='ocrx_word' id='word_1_222' title='bbox 1964 924 2237 982; x_wconf 73' lang='lat' dir='ltr'>operetur,</span> <span class='ocrx_word' id='word_1_223' title='bbox 2274 924 2331 969; x_wconf 90' lang='lat' dir='ltr'>ut</span> <span class='ocrx_word' id='word_1_224' title='bbox 2359 916 2473 971; x_wconf 79' lang='lat' dir='ltr'>vult</span> <span class='ocrx_word' id='word_1_225' title='bbox 2495 917 2622 988; x_wconf 83' lang='lat' dir='ltr'>(ltoc</span> <span class='ocrx_word' id='word_1_226' title='bbox 2644 918 2787 973; x_wconf 86' lang='lat' dir='ltr'>euim</span> <span class='ocrx_word' id='word_1_227' title='bbox 2810 918 2947 974; x_wconf 86' lang='lat' dir='ltr'>dixit</span> <span class='ocrx_word' id='word_1_228' title='bbox 2977 921 3166 976; x_wconf 87' lang='lat' dir='ltr'>beatus</span> <span class='ocrx_word' id='word_1_229' title='bbox 3200 922 3396 980; x_wconf 78' lang='lat' dir='ltr'>Paulus</span> <span class='ocrx_word' id='word_1_230' title='bbox 3411 929 3482 999; x_wconf 82' lang='lat'>”)</span> <span class='ocrx_word' id='word_1_231' title='bbox 3514 970 3531 996; x_wconf 88' lang='lat'>‚</span> 
     </span>
     <span class='ocr_line' id='line_1_31' title="bbox 1964 981 3535 1060; baseline 0.013 -27"><span class='ocrx_word' id='word_1_232' title='bbox 1964 999 1989 1033; x_wconf 73' lang='grc' dir='ltr'>ι</span> <span class='ocrx_word' id='word_1_233' title='bbox 2027 981 2171 1039; x_wconf 88' lang='lat' dir='ltr'>Deus</span> <span class='ocrx_word' id='word_1_234' title='bbox 2218 994 2297 1039; x_wconf 84' lang='lat' dir='ltr'>est</span> <span class='ocrx_word' id='word_1_235' title='bbox 2325 985 2415 1053; x_wconf 87' lang='lat' dir='ltr'>qui</span> <span class='ocrx_word' id='word_1_236' title='bbox 2439 997 2696 1055; x_wconf 84' lang='lat' dir='ltr'>operatur</span> <span class='ocrx_word' id='word_1_237' title='bbox 2728 990 2908 1041; x_wconf 91' lang='lat' dir='ltr'>omnia</span> <span class='ocrx_word' id='word_1_238' title='bbox 2939 989 2994 1043; x_wconf 88' lang='lat' dir='ltr'>in</span> <span class='ocrx_word' id='word_1_239' title='bbox 3019 993 3292 1060; x_wconf 83' lang='lat' dir='ltr'>omnibus,</span> <span class='ocrx_word' id='word_1_240' title='bbox 3324 1014 3346 1049; x_wconf 75' lang='grc' dir='ltr'>ι</span> <span class='ocrx_word' id='word_1_241' title='bbox 3394 998 3535 1055; x_wconf 87' lang='lat' dir='ltr'>Deus</span> 
     </span>
     <span class='ocr_line' id='line_1_32' title="bbox 1965 1052 3530 1136; baseline 0.012 -31"><span class='ocrx_word' id='word_1_242' title='bbox 1965 1052 2154 1123; x_wconf 80' lang='lat' dir='ltr'>utique</span> <span class='ocrx_word' id='word_1_243' title='bbox 2201 1062 2257 1109; x_wconf 90' lang='grc' dir='ltr'>ει</span> <span class='ocrx_word' id='word_1_244' title='bbox 2308 1070 2375 1110; x_wconf 80' lang='lat' dir='ltr'>ex</span> <span class='ocrx_word' id='word_1_245' title='bbox 2421 1054 2531 1110; x_wconf 88' lang='lat' dir='ltr'>Deo</span> <span class='ocrx_word' id='word_1_246' title='bbox 2564 1057 2859 1112; x_wconf 87' lang='lat' dir='ltr'>secundum</span> <span class='ocrx_word' id='word_1_247' title='bbox 2881 1067 3127 1115; x_wconf 80' lang='lat' dir='ltr'>naturam</span> <span class='ocrx_word' id='word_1_248' title='bbox 3160 1073 3242 1119; x_wconf 90' lang='grc' dir='ltr'>εει</span> <span class='ocrx_word' id='word_1_249' title='bbox 3274 1065 3530 1136; x_wconf 80' lang='lat' dir='ltr'>Spiritus.</span> 
     </span>
    </p>
   </div>
   <div class='ocr_carea' id='block_1_9' title="bbox 1959 1181 3532 1682">
    <p class='ocr_par' dir='ltr' id='par_1_12' title="bbox 1959 1181 3532 1682">
     <span class='ocr_line' id='line_1_33' title="bbox 2030 1181 3532 1260; baseline 0.015 -22"><span class='ocrx_word' id='word_1_250' title='bbox 2030 1181 2233 1241; x_wconf 83' lang='lat' dir='ltr'>Beatus</span> <span class='ocrx_word' id='word_1_251' title='bbox 2280 1186 2449 1243; x_wconf 81' lang='lat' dir='ltr'>David</span> <span class='ocrx_word' id='word_1_252' title='bbox 2484 1190 2551 1244; x_wconf 86' lang='lat' dir='ltr'>ad</span> <span class='ocrx_word' id='word_1_253' title='bbox 2591 1191 2834 1247; x_wconf 89' lang='lat' dir='ltr'>omnium</span> <span class='ocrx_word' id='word_1_254' title='bbox 2873 1191 3213 1252; x_wconf 82' lang='lat' dir='ltr'>salvatorem</span> <span class='ocrx_word' id='word_1_255' title='bbox 3248 1216 3313 1256; x_wconf 86' lang='lat' dir='ltr'>ac</span> <span class='ocrx_word' id='word_1_256' title='bbox 3362 1201 3532 1260; x_wconf 87' lang='lat' dir='ltr'>Deum</span> 
     </span>
     <span class='ocr_line' id='line_1_34' title="bbox 1962 1255 3528 1339; baseline 0.013 -31"><span class='ocrx_word' id='word_1_257' title='bbox 1962 1256 2107 1309; x_wconf 86' lang='lat' dir='ltr'>canit</span> <span class='ocrx_word' id='word_1_258' title='bbox 2135 1255 2201 1309; x_wconf 89' lang='lat' dir='ltr'>de</span> <span class='ocrx_word' id='word_1_259' title='bbox 2233 1260 2394 1313; x_wconf 82' lang='lat' dir='ltr'>rebus</span> <span class='ocrx_word' id='word_1_260' title='bbox 2419 1261 2692 1315; x_wconf 86' lang='lat' dir='ltr'>terrenis:</span> <span class='ocrx_word' id='word_1_261' title='bbox 2732 1281 2754 1314; x_wconf 76' lang='lat' dir='ltr'>c</span> <span class='ocrx_word' id='word_1_262' title='bbox 2800 1262 3028 1319; x_wconf 82' lang='lat' dir='ltr'>Emittes</span> <span class='ocrx_word' id='word_1_263' title='bbox 3060 1264 3321 1336; x_wconf 85' lang='lat' dir='ltr'>Spiritum</span> <span class='ocrx_word' id='word_1_264' title='bbox 3357 1282 3528 1339; x_wconf 87' lang='lat' dir='ltr'>tunm,</span> 
     </span>
     <span class='ocr_line' id='line_1_35' title="bbox 1959 1326 3530 1408; baseline 0.013 -32"><span class='ocrx_word' id='word_1_265' title='bbox 1959 1332 2014 1377; x_wconf 90' lang='lat' dir='ltr'>et</span> <span class='ocrx_word' id='word_1_266' title='bbox 2041 1326 2393 1390; x_wconf 83' lang='lat' dir='ltr'>creabuntur,</span> <span class='ocrx_word' id='word_1_267' title='bbox 2426 1338 2481 1382; x_wconf 92' lang='grc' dir='ltr'>ει</span> <span class='ocrx_word' id='word_1_268' title='bbox 2516 1332 2800 1385; x_wconf 82' lang='lat' dir='ltr'>renovabis</span> <span class='ocrx_word' id='word_1_269' title='bbox 2817 1332 3009 1387; x_wconf 80' lang='lat' dir='ltr'>sacient</span> <span class='ocrx_word' id='word_1_270' title='bbox 3034 1342 3195 1391; x_wconf 80' lang='lat' dir='ltr'>terroe</span> <span class='ocrx_word' id='word_1_271' title='bbox 3218 1339 3287 1394; x_wconf 81' lang='lat'>⁹⁸.</span> <span class='ocrx_word' id='word_1_272' title='bbox 3324 1360 3343 1393; x_wconf 76' lang='grc' dir='ltr'>ι</span> <span class='ocrx_word' id='word_1_273' title='bbox 3377 1342 3530 1408; x_wconf 86' lang='lat' dir='ltr'>Quod</span> 
     </span>
     <span class='ocr_line' id='line_1_36' title="bbox 1960 1400 3531 1483; baseline 0.015 -41"><span class='ocrx_word' id='word_1_274' title='bbox 1960 1402 2141 1447; x_wconf 76' lang='lat' dir='ltr'>antem</span> <span class='ocrx_word' id='word_1_275' title='bbox 2174 1405 2483 1462; x_wconf 78' lang='lat' dir='ltr'>renovatur,</span> <span class='ocrx_word' id='word_1_276' title='bbox 2532 1400 2605 1451; x_wconf 86' lang='lat' dir='ltr'>ita</span> <span class='ocrx_word' id='word_1_277' title='bbox 2643 1412 2938 1456; x_wconf 82' lang='lat' dir='ltr'>renovatur</span> <span class='ocrx_word' id='word_1_278' title='bbox 2961 1442 2976 1467; x_wconf 90' lang='lat'>‚</span> <span class='ocrx_word' id='word_1_279' title='bbox 3035 1415 3095 1459; x_wconf 91' lang='lat' dir='ltr'>nt</span> <span class='ocrx_word' id='word_1_280' title='bbox 3124 1416 3179 1460; x_wconf 94' lang='lat' dir='ltr'>et</span> <span class='ocrx_word' id='word_1_281' title='bbox 3203 1421 3238 1473; x_wconf 36' lang='lat' dir='ltr'>a,</span> <span class='ocrx_word' id='word_1_282' title='bbox 3262 1410 3531 1483; x_wconf 83' lang='lat' dir='ltr'>principio</span> 
     </span>
     <span class='ocr_line' id='line_1_37' title="bbox 1960 1460 3528 1547; baseline 0.015 -34"><span class='ocrx_word' id='word_1_283' title='bbox 1960 1460 2083 1528; x_wconf 81' lang='lat' dir='ltr'>suit,</span> <span class='ocrx_word' id='word_1_284' title='bbox 2117 1472 2172 1517; x_wconf 91' lang='grc' dir='ltr'>ει</span> <span class='ocrx_word' id='word_1_285' title='bbox 2208 1464 2447 1532; x_wconf 82' lang='lat' dir='ltr'>ejusdem</span> <span class='ocrx_word' id='word_1_286' title='bbox 2470 1476 2557 1522; x_wconf 85' lang='lat' dir='ltr'>est</span> <span class='ocrx_word' id='word_1_287' title='bbox 2582 1468 2813 1547; x_wconf 33' lang='lat' dir='ltr'>‘virtutis</span> <span class='ocrx_word' id='word_1_288' title='bbox 2838 1486 2993 1539; x_wconf 89' lang='lat' dir='ltr'>opus,</span> <span class='ocrx_word' id='word_1_289' title='bbox 3016 1476 3284 1546; x_wconf 89' lang='lat' dir='ltr'>principio</span> <span class='ocrx_word' id='word_1_290' title='bbox 3314 1494 3528 1547; x_wconf 84' lang='lat' dir='ltr'>creare,</span> 
     </span>
     <span class='ocr_line' id='line_1_38' title="bbox 1960 1539 3526 1607; baseline 0.015 -24"><span class='ocrx_word' id='word_1_291' title='bbox 1960 1541 2015 1585; x_wconf 90' lang='lat' dir='ltr'>et</span> <span class='ocrx_word' id='word_1_292' title='bbox 2052 1544 2366 1601; x_wconf 72' lang='lat' dir='ltr'>corruptam</span> <span class='ocrx_word' id='word_1_293' title='bbox 2417 1550 2531 1591; x_wconf 85' lang='lat' dir='ltr'>rem</span> <span class='ocrx_word' id='word_1_294' title='bbox 2580 1551 2634 1591; x_wconf 89' lang='lat' dir='ltr'>m</span> <span class='ocrx_word' id='word_1_295' title='bbox 2677 1539 2968 1607; x_wconf 81' lang='lat' dir='ltr'>pristinum</span> <span class='ocrx_word' id='word_1_296' title='bbox 3014 1551 3211 1600; x_wconf 78' lang='lat' dir='ltr'>statum</span> <span class='ocrx_word' id='word_1_297' title='bbox 3249 1562 3526 1606; x_wconf 81' lang='lat' dir='ltr'>revocare.</span> 
     </span>
     <span class='ocr_line' id='line_1_39' title="bbox 1960 1597 3531 1682; baseline 0.013 -28"><span class='ocrx_word' id='word_1_298' title='bbox 1960 1597 2205 1656; x_wconf 76' lang='lat' dir='ltr'>Renovat</span> <span class='ocrx_word' id='word_1_299' title='bbox 2237 1613 2417 1659; x_wconf 88' lang='lat' dir='ltr'>autem</span> <span class='ocrx_word' id='word_1_300' title='bbox 2457 1613 2766 1660; x_wconf 80' lang='lat' dir='ltr'>creaturam</span> <span class='ocrx_word' id='word_1_301' title='bbox 2797 1608 3053 1677; x_wconf 74' lang='lat' dir='ltr'>Spiritus,</span> <span class='ocrx_word' id='word_1_302' title='bbox 3094 1624 3222 1680; x_wconf 87' lang='lat' dir='ltr'>puta</span> <span class='ocrx_word' id='word_1_303' title='bbox 3267 1632 3431 1682; x_wconf 72' lang='lat' dir='ltr'>qnam</span> <span class='ocrx_word' id='word_1_304' title='bbox 3471 1631 3531 1675; x_wconf 82' lang='lat' dir='ltr'>ct</span> 
     </span>
    </p>
   </div>
   <div class='ocr_carea' id='block_1_10' title="bbox 365 1670 3528 1768">
    <p class='ocr_par' dir='ltr' id='par_1_13' title="bbox 365 1670 3528 1768">
     <span class='ocr_line' id='line_1_40' title="bbox 365 1670 3528 1768; baseline 0.011 -60"><span class='ocrx_word' id='word_1_305' title='bbox 365 1676 587 1746; x_wconf 58' lang='grc' dir='ltr'><strong>ποιηθὲν</strong></span> <span class='ocrx_word' id='word_1_306' title='bbox 617 1677 962 1731; x_wconf 56' lang='grc' dir='ltr'><strong>ἀνακαινίσαι</strong></span> <span class='ocrx_word' id='word_1_307' title='bbox 982 1676 1142 1729; x_wconf 56' lang='grc' dir='ltr'>πάλιν</span> <span class='ocrx_word' id='word_1_308' title='bbox 1161 1678 1243 1738; x_wconf 66' lang='grc' dir='ltr'>εις</span> <span class='ocrx_word' id='word_1_309' title='bbox 1271 1676 1332 1728; x_wconf 64' lang='grc' dir='ltr'>τὸ</span> <span class='ocrx_word' id='word_1_310' title='bbox 1356 1678 1414 1730; x_wconf 69' lang='grc' dir='ltr'>ὲν</span> <span class='ocrx_word' id='word_1_311' title='bbox 1510 1679 1655 1747; x_wconf 66' lang='grc' dir='ltr'><strong>χαις,</strong></span> <span class='ocrx_word' id='word_1_312' title='bbox 1715 1681 1855 1733; x_wconf 68' lang='grc' dir='ltr'>Ανα-</span> <span class='ocrx_word' id='word_1_313' title='bbox 1887 1713 1929 1768; x_wconf 75' lang='lat' dir='ltr'>B</span> <span class='ocrx_word' id='word_1_314' title='bbox 1961 1670 2075 1739; x_wconf 87' lang='lat' dir='ltr'>ipse</span> <span class='ocrx_word' id='word_1_315' title='bbox 2112 1670 2241 1727; x_wconf 78' lang='lat' dir='ltr'>fecit</span> <span class='ocrx_word' id='word_1_316' title='bbox 2264 1672 2438 1729; x_wconf 88' lang='lat' dir='ltr'>initio.</span> <span class='ocrx_word' id='word_1_317' title='bbox 2473 1674 2751 1742; x_wconf 81' lang='lat' dir='ltr'>Quomodo</span> <span class='ocrx_word' id='word_1_318' title='bbox 2798 1678 2961 1747; x_wconf 78' lang='lat' dir='ltr'>igitur</span> <span class='ocrx_word' id='word_1_319' title='bbox 2997 1692 3214 1739; x_wconf 79' lang='lat' dir='ltr'>creatus</span> <span class='ocrx_word' id='word_1_320' title='bbox 3242 1686 3404 1757; x_wconf 70' lang='lat'>001</span> <span class='ocrx_word' id='word_1_321' title='bbox 3433 1690 3528 1744; x_wconf 87' lang='lat' dir='ltr'>de-</span> 
     </span>
    </p>
   </div>
   <div class='ocr_carea' id='block_1_11' title="bbox 272 1745 1856 3007">
    <p class='ocr_par' dir='ltr' id='par_1_14' title="bbox 276 1745 1856 2167">
     <span class='ocr_line' id='line_1_41' title="bbox 278 1745 1856 1829; baseline 0 -28"><span class='ocrx_word' id='word_1_322' title='bbox 278 1746 512 1809; x_wconf 79' lang='grc' dir='ltr'><strong>καινίζει</strong></span> <span class='ocrx_word' id='word_1_323' title='bbox 537 1746 593 1799; x_wconf 88' lang='grc' dir='ltr'>δὲ</span> <span class='ocrx_word' id='word_1_324' title='bbox 623 1746 682 1799; x_wconf 84' lang='grc' dir='ltr'>τὸ</span> <span class='ocrx_word' id='word_1_325' title='bbox 712 1746 938 1829; x_wconf 79' lang='grc' dir='ltr'><strong>Πνεῦμα</strong></span> <span class='ocrx_word' id='word_1_326' title='bbox 963 1745 1060 1815; x_wconf 85' lang='grc' dir='ltr'>τὴν</span> <span class='ocrx_word' id='word_1_327' title='bbox 1085 1746 1282 1809; x_wconf 84' lang='grc' dir='ltr'><strong>κτίσιν,</strong></span> <span class='ocrx_word' id='word_1_328' title='bbox 1307 1746 1383 1807; x_wconf 82' lang='grc' dir='ltr'>ὡς</span> <span class='ocrx_word' id='word_1_329' title='bbox 1410 1761 1480 1800; x_wconf 83' lang='grc' dir='ltr'>κα</span> <span class='ocrx_word' id='word_1_330' title='bbox 1533 1747 1666 1800; x_wconf 81' lang='grc' dir='ltr'><strong>αὐτὸ</strong></span> <span class='ocrx_word' id='word_1_331' title='bbox 1697 1750 1856 1801; x_wconf 68' lang='lat' dir='ltr'>‘not‘-</span> 
     </span>
     <span class='ocr_line' id='line_1_42' title="bbox 279 1812 1853 1889; baseline 0.002 -20"><span class='ocrx_word' id='word_1_332' title='bbox 279 1832 380 1870; x_wconf 89' lang='grc' dir='ltr'>σαν</span> <span class='ocrx_word' id='word_1_333' title='bbox 423 1820 481 1870; x_wconf 86' lang='grc' dir='ltr'><strong>ὲν</strong></span> <span class='ocrx_word' id='word_1_334' title='bbox 523 1818 557 1869; x_wconf 84' lang='grc' dir='ltr'>ἀ</span> <span class='ocrx_word' id='word_1_335' title='bbox 597 1819 737 1886; x_wconf 87' lang='grc' dir='ltr'>χαίς.</span> <span class='ocrx_word' id='word_1_336' title='bbox 792 1818 914 1880; x_wconf 86' lang='grc' dir='ltr'>Πως</span> <span class='ocrx_word' id='word_1_337' title='bbox 953 1812 1044 1870; x_wconf 87' lang='grc' dir='ltr'>οῦν</span> <span class='ocrx_word' id='word_1_338' title='bbox 1093 1814 1172 1868; x_wconf 77' lang='grc' dir='ltr'>ἔτι</span> <span class='ocrx_word' id='word_1_339' title='bbox 1226 1816 1445 1869; x_wconf 86' lang='grc' dir='ltr'><strong>κτιστὸν</strong></span> <span class='ocrx_word' id='word_1_340' title='bbox 1488 1817 1583 1871; x_wconf 80' lang='grc' dir='ltr'>καὶ</span> <span class='ocrx_word' id='word_1_341' title='bbox 1628 1833 1791 1889; x_wconf 89' lang='grc' dir='ltr'><strong>γενητ</strong></span> <span class='ocrx_word' id='word_1_342' title='bbox 1824 1836 1853 1872; x_wconf 95' lang='grc' dir='ltr'><strong>ν</strong></span> 
     </span>
     <span class='ocr_line' id='line_1_43' title="bbox 277 1885 1850 1969; baseline 0.001 -30"><span class='ocrx_word' id='word_1_343' title='bbox 277 1887 460 1953; x_wconf 87' lang='grc' dir='ltr'><strong>ἐστιν;</strong></span> <span class='ocrx_word' id='word_1_344' title='bbox 504 1886 545 1938; x_wconf 88' lang='grc' dir='ltr'><strong>Ο</strong></span> <span class='ocrx_word' id='word_1_345' title='bbox 622 1888 732 1957; x_wconf 72' lang='grc' dir='ltr'><strong>γὰρ</strong></span> <span class='ocrx_word' id='word_1_346' title='bbox 773 1886 862 1939; x_wconf 77' lang='grc' dir='ltr'>διὰ</span> <span class='ocrx_word' id='word_1_347' title='bbox 906 1886 1205 1955; x_wconf 82' lang='grc' dir='ltr'><strong>κτίσματος</strong></span> <span class='ocrx_word' id='word_1_348' title='bbox 1250 1886 1284 1956; x_wconf 82' lang='grc' dir='ltr'>ὴ</span> <span class='ocrx_word' id='word_1_349' title='bbox 1328 1885 1504 1949; x_wconf 83' lang='grc' dir='ltr'><strong>κτίσις</strong></span> <span class='ocrx_word' id='word_1_350' title='bbox 1581 1887 1850 1969; x_wconf 67' lang='grc' dir='ltr'><strong>έγονεν,ᾖ</strong></span> 
     </span>
     <span class='ocr_line' id='line_1_44' title="bbox 276 1904 1852 2038; baseline -0.001 -27"><span class='ocrx_word' id='word_1_351' title='bbox 276 1956 686 2021; x_wconf 74' lang='grc' dir='ltr'><strong>ἀνακαινίζεται</strong></span> <span class='ocrx_word' id='word_1_352' title='bbox 739 1954 985 2009; x_wconf 82' lang='grc' dir='ltr'><strong>παθοῦσα</strong></span> <span class='ocrx_word' id='word_1_353' title='bbox 1037 1953 1137 2020; x_wconf 85' lang='grc' dir='ltr'>τὴν</span> <span class='ocrx_word' id='word_1_354' title='bbox 1171 1954 1398 2025; x_wconf 77' lang='grc' dir='ltr'><strong>φθορὰν,</strong></span> <span class='ocrx_word' id='word_1_355' title='bbox 1441 1904 1580 2012; x_wconf 51' lang='grc' dir='ltr'><strong>ᾰὶλζ</strong></span> <span class='ocrx_word' id='word_1_356' title='bbox 1625 1957 1712 2014; x_wconf 78' lang='grc' dir='ltr'>διὰ</span> <span class='ocrx_word' id='word_1_357' title='bbox 1757 1975 1852 2038; x_wconf 71' lang='grc' dir='ltr'>του</span> 
     </span>
     <span class='ocr_line' id='line_1_45' title="bbox 276 2024 1852 2096; baseline 0.001 -17"><span class='ocrx_word' id='word_1_358' title='bbox 276 2025 420 2081; x_wconf 80' lang='grc' dir='ltr'><strong>κατὰ</strong></span> <span class='ocrx_word' id='word_1_359' title='bbox 465 2027 628 2095; x_wconf 81' lang='grc' dir='ltr'><strong>φύσιν</strong></span> <span class='ocrx_word' id='word_1_360' title='bbox 669 2024 824 2079; x_wconf 88' lang='grc' dir='ltr'><strong>Θεοῦ.</strong></span> <span class='ocrx_word' id='word_1_361' title='bbox 877 2026 1009 2089; x_wconf 87' lang='grc' dir='ltr'><strong>Θεὸς</strong></span> <span class='ocrx_word' id='word_1_362' title='bbox 1040 2024 1132 2082; x_wconf 86' lang='grc' dir='ltr'>οὗν</span> <span class='ocrx_word' id='word_1_363' title='bbox 1161 2026 1274 2096; x_wconf 65' lang='grc' dir='ltr'>ἄρα</span> <span class='ocrx_word' id='word_1_364' title='bbox 1320 2024 1438 2078; x_wconf 74' lang='grc' dir='ltr'><strong>ἐστὶ</strong></span> <span class='ocrx_word' id='word_1_365' title='bbox 1484 2026 1580 2081; x_wconf 74' lang='grc' dir='ltr'>καὶ</span> <span class='ocrx_word' id='word_1_366' title='bbox 1614 2028 1680 2080; x_wconf 89' lang='grc' dir='ltr'><strong>ἐκ</strong></span> <span class='ocrx_word' id='word_1_367' title='bbox 1716 2028 1852 2082; x_wconf 88' lang='grc' dir='ltr'><strong>Θεου</strong></span> 
     </span>
     <span class='ocr_line' id='line_1_46' title="bbox 276 2094 1253 2167; baseline 0.001 -18"><span class='ocrx_word' id='word_1_368' title='bbox 276 2097 419 2149; x_wconf 78' lang='grc' dir='ltr'><strong>κατὰ</strong></span> <span class='ocrx_word' id='word_1_369' title='bbox 454 2095 616 2165; x_wconf 84' lang='grc' dir='ltr'><strong>φύσιν</strong></span> <span class='ocrx_word' id='word_1_370' title='bbox 641 2098 700 2148; x_wconf 88' lang='grc' dir='ltr'>τὸ</span> <span class='ocrx_word' id='word_1_371' title='bbox 733 2094 958 2167; x_wconf 83' lang='grc' dir='ltr'><strong>Πνεῦμα</strong></span> <span class='ocrx_word' id='word_1_372' title='bbox 993 2095 1054 2148; x_wconf 86' lang='grc' dir='ltr'>τὸ</span> <span class='ocrx_word' id='word_1_373' title='bbox 1080 2100 1253 2162; x_wconf 72' lang='grc' dir='ltr'><strong>ἅγιον.</strong></span> 
     </span>
    </p>

    <p class='ocr_par' dir='ltr' id='par_1_15' title="bbox 272 2165 1853 3007">
     <span class='ocr_line' id='line_1_47' title="bbox 346 2165 1852 2246; baseline 0.001 -28"><span class='ocrx_word' id='word_1_374' title='bbox 346 2166 410 2219; x_wconf 81' lang='lat' dir='ltr'>Et</span> <span class='ocrx_word' id='word_1_375' title='bbox 453 2168 602 2246; x_wconf 61' lang='grc' dir='ltr'><strong>πιζσα</strong></span> <span class='ocrx_word' id='word_1_376' title='bbox 650 2165 760 2219; x_wconf 86' lang='grc' dir='ltr'>τῶν</span> <span class='ocrx_word' id='word_1_377' title='bbox 796 2166 1042 2245; x_wconf 63' lang='grc' dir='ltr'><strong>γενητῶν</strong></span> <span class='ocrx_word' id='word_1_378' title='bbox 1090 2165 1390 2245; x_wconf 37' lang='grc' dir='ltr'><strong>ηυδύναμις</strong></span> <span class='ocrx_word' id='word_1_379' title='bbox 1440 2165 1501 2242; x_wconf 75' lang='grc' dir='ltr'><strong>ἐν</strong></span> <span class='ocrx_word' id='word_1_380' title='bbox 1551 2165 1631 2237; x_wconf 81' lang='grc' dir='ltr'>τῷ</span> <span class='ocrx_word' id='word_1_381' title='bbox 1679 2166 1852 2219; x_wconf 85' lang='grc' dir='ltr'><strong>Πνεύ-</strong></span> 
     </span>
     <span class='ocr_line' id='line_1_48' title="bbox 276 2233 1848 2377; baseline -0.001 -18"><span class='ocrx_word' id='word_1_382' title='bbox 276 2234 1391 2376; x_wconf 43' lang='lat' dir='ltr'>&amp;seteis-tinxi,,33222302‘322‘</span> <span class='ocrx_word' id='word_1_383' title='bbox 1413 2233 1848 2377; x_wconf 42' lang='lat' dir='ltr'>&amp;affin</span> 
     </span>
     <span class='ocr_line' id='line_1_49' title="bbox 274 2374 1853 2446; baseline 0.003 -21"><span class='ocrx_word' id='word_1_384' title='bbox 274 2391 386 2440; x_wconf 87' lang='grc' dir='ltr'><strong>τες,</strong></span> <span class='ocrx_word' id='word_1_385' title='bbox 424 2375 530 2430; x_wconf 83' lang='grc' dir='ltr'><strong>ὑπὸ</strong></span> <span class='ocrx_word' id='word_1_386' title='bbox 565 2375 710 2437; x_wconf 85' lang='grc' dir='ltr'><strong>τίνος</strong></span> <span class='ocrx_word' id='word_1_387' title='bbox 742 2374 850 2446; x_wconf 76' lang='grc' dir='ltr'>ἄρα</span> <span class='ocrx_word' id='word_1_388' title='bbox 887 2378 980 2429; x_wconf 78' lang='grc' dir='ltr'>καὶ</span> <span class='ocrx_word' id='word_1_389' title='bbox 1014 2377 1145 2430; x_wconf 82' lang='grc' dir='ltr'><strong>αὐτὸ</strong></span> <span class='ocrx_word' id='word_1_390' title='bbox 1192 2375 1541 2445; x_wconf 78' lang='grc' dir='ltr'><strong>στηρίζεται·</strong></span> <span class='ocrx_word' id='word_1_391' title='bbox 1575 2377 1673 2429; x_wconf 78' lang='grc' dir='ltr'>καὶ</span> <span class='ocrx_word' id='word_1_392' title='bbox 1714 2378 1761 2428; x_wconf 89' lang='grc' dir='ltr'>εί</span> <span class='ocrx_word' id='word_1_393' title='bbox 1788 2377 1853 2430; x_wconf 88' lang='grc' dir='ltr'>τὸ</span> 
     </span>
     <span class='ocr_line' id='line_1_50' title="bbox 275 2444 1848 2517; baseline -0.001 -19"><span class='ocrx_word' id='word_1_394' title='bbox 275 2444 523 2517; x_wconf 77' lang='grc' dir='ltr'><strong>Πνεῦμα,</strong></span> <span class='ocrx_word' id='word_1_395' title='bbox 567 2446 802 2515; x_wconf 83' lang='grc' dir='ltr'><strong>γενητῆς</strong></span> <span class='ocrx_word' id='word_1_396' title='bbox 853 2444 914 2498; x_wconf 80' lang='grc' dir='ltr'><strong>δν</strong></span> <span class='ocrx_word' id='word_1_397' title='bbox 962 2446 1195 2513; x_wconf 79' lang='grc' dir='ltr'><strong>φύσεως,</strong></span> <span class='ocrx_word' id='word_1_398' title='bbox 1244 2444 1474 2514; x_wconf 87' lang='grc' dir='ltr'><strong>δυναμοῖ</strong></span> <span class='ocrx_word' id='word_1_399' title='bbox 1503 2444 1604 2515; x_wconf 76' lang='grc' dir='ltr'>τὴν</span> <span class='ocrx_word' id='word_1_400' title='bbox 1649 2446 1848 2508; x_wconf 84' lang='grc' dir='ltr'><strong>κτίσιν,</strong></span> 
     </span>
     <span class='ocr_line' id='line_1_51' title="bbox 276 2513 1850 2587; baseline -0.001 -19"><span class='ocrx_word' id='word_1_401' title='bbox 276 2516 476 2586; x_wconf 75' lang='grc' dir='ltr'><strong>ἑαυτὴν</strong></span> <span class='ocrx_word' id='word_1_402' title='bbox 513 2517 548 2587; x_wconf 80' lang='grc' dir='ltr'>ὴ</span> <span class='ocrx_word' id='word_1_403' title='bbox 595 2514 773 2578; x_wconf 80' lang='grc' dir='ltr'><strong>κτίσις</strong></span> <span class='ocrx_word' id='word_1_404' title='bbox 809 2514 1057 2584; x_wconf 87' lang='grc' dir='ltr'><strong>δυναμοῖ,</strong></span> <span class='ocrx_word' id='word_1_405' title='bbox 1106 2514 1227 2568; x_wconf 89' lang='grc' dir='ltr'><strong>κατ’</strong></span> <span class='ocrx_word' id='word_1_406' title='bbox 1256 2513 1448 2566; x_wconf 80' lang='grc' dir='ltr'><strong>οὐδένα</strong></span> <span class='ocrx_word' id='word_1_407' title='bbox 1481 2523 1514 2570; x_wconf 74' lang='grc' dir='ltr'>τ</span> <span class='ocrx_word' id='word_1_408' title='bbox 1586 2530 1683 2569; x_wconf 84' lang='grc' dir='ltr'>πον</span> <span class='ocrx_word' id='word_1_409' title='bbox 1724 2515 1850 2584; x_wconf 86' lang='grc' dir='ltr'><strong>δεη-</strong></span> 
     </span>
     <span class='ocr_line' id='line_1_52' title="bbox 274 2583 1848 2654; baseline -0.001 -17"><span class='ocrx_word' id='word_1_410' title='bbox 274 2584 429 2639; x_wconf 85' lang='grc' dir='ltr'><strong>θεῖσα</strong></span> <span class='ocrx_word' id='word_1_411' title='bbox 454 2584 611 2640; x_wconf 87' lang='grc' dir='ltr'><strong>Θεοῦ.</strong></span> <span class='ocrx_word' id='word_1_412' title='bbox 651 2584 885 2639; x_wconf 82' lang='grc' dir='ltr'><strong>Ἀτοπον</strong></span> <span class='ocrx_word' id='word_1_413' title='bbox 911 2584 968 2637; x_wconf 84' lang='grc' dir='ltr'>δὲ</span> <span class='ocrx_word' id='word_1_414' title='bbox 1013 2584 1170 2638; x_wconf 86' lang='grc' dir='ltr'><strong>τοῦτο</strong></span> <span class='ocrx_word' id='word_1_415' title='bbox 1203 2583 1509 2654; x_wconf 72' lang='grc' dir='ltr'><strong>παντελῶς</strong></span> <span class='ocrx_word' id='word_1_416' title='bbox 1575 2600 1612 2652; x_wconf 86' lang='grc' dir='ltr'>φ</span> <span class='ocrx_word' id='word_1_417' title='bbox 1650 2588 1789 2637; x_wconf 87' lang='grc' dir='ltr'><strong>ονεῖν</strong></span> <span class='ocrx_word' id='word_1_418' title='bbox 1816 2586 1848 2654; x_wconf 72' lang='grc' dir='ltr'><strong>ἢ</strong></span> 
     </span>
     <span class='ocr_line' id='line_1_53' title="bbox 273 2652 1852 2727; baseline 0.001 -20"><span class='ocrx_word' id='word_1_419' title='bbox 273 2654 470 2725; x_wconf 80' lang='grc' dir='ltr'><strong>λέγειν.</strong></span> <span class='ocrx_word' id='word_1_420' title='bbox 525 2656 900 2726; x_wconf 77' lang='grc' dir='ltr'><strong>Στηριζόμεθα</strong></span> <span class='ocrx_word' id='word_1_421' title='bbox 945 2653 1053 2727; x_wconf 79' lang='grc' dir='ltr'><strong>γὰρ</strong></span> <span class='ocrx_word' id='word_1_422' title='bbox 1099 2654 1250 2725; x_wconf 81' lang='grc' dir='ltr'><strong>παρὰ</strong></span> <span class='ocrx_word' id='word_1_423' title='bbox 1294 2652 1429 2706; x_wconf 90' lang='grc' dir='ltr'><strong>Θεοῦ</strong></span> <span class='ocrx_word' id='word_1_424' title='bbox 1465 2653 1555 2709; x_wconf 71' lang='grc' dir='ltr'>διὰ</span> <span class='ocrx_word' id='word_1_425' title='bbox 1646 2656 1852 2724; x_wconf 80' lang='grc' dir='ltr'><strong>νεύμα·</strong></span> 
     </span>
     <span class='ocr_line' id='line_1_54' title="bbox 272 2714 1852 2806; baseline -0.003 -27"><span class='ocrx_word' id='word_1_426' title='bbox 272 2742 385 2789; x_wconf 85' lang='grc' dir='ltr'><strong>τος,</strong></span> <span class='ocrx_word' id='word_1_427' title='bbox 428 2728 520 2781; x_wconf 80' lang='grc' dir='ltr'>καὶ</span> <span class='ocrx_word' id='word_1_428' title='bbox 561 2725 765 2805; x_wconf 77' lang='grc' dir='ltr'><strong>ἀληθὴς</strong></span> <span class='ocrx_word' id='word_1_429' title='bbox 813 2728 846 2797; x_wconf 76' lang='grc' dir='ltr'><strong>η</strong></span> <span class='ocrx_word' id='word_1_430' title='bbox 890 2724 984 2778; x_wconf 90' lang='grc' dir='ltr'>τοῦ</span> <span class='ocrx_word' id='word_1_431' title='bbox 1033 2724 1327 2805; x_wconf 65' lang='grc' dir='ltr'><strong>ψάλλοντος</strong></span> <span class='ocrx_word' id='word_1_432' title='bbox 1364 2714 1544 2806; x_wconf 62' lang='grc' dir='ltr'>φωνὴι</span> <span class='ocrx_word' id='word_1_433' title='bbox 1586 2725 1667 2778; x_wconf 84' lang='grc' dir='ltr'>ὃτι</span> <span class='ocrx_word' id='word_1_434' title='bbox 1704 2744 1723 2775; x_wconf 86' lang='grc' dir='ltr'>ι</span> <span class='ocrx_word' id='word_1_435' title='bbox 1761 2725 1852 2796; x_wconf 80' lang='grc' dir='ltr'>Ιῴ</span> 
     </span>
     <span class='ocr_line' id='line_1_55' title="bbox 274 2795 1850 2866; baseline 0.001 -20"><span class='ocrx_word' id='word_1_436' title='bbox 274 2795 551 2866; x_wconf 82' lang='grc' dir='ltr'><strong>Πνεῦματι</strong></span> <span class='ocrx_word' id='word_1_437' title='bbox 573 2813 664 2851; x_wconf 88' lang='grc' dir='ltr'>του</span> <span class='ocrx_word' id='word_1_438' title='bbox 692 2796 956 2866; x_wconf 89' lang='grc' dir='ltr'><strong>στόματος</strong></span> <span class='ocrx_word' id='word_1_439' title='bbox 997 2796 1090 2848; x_wconf 87' lang='grc' dir='ltr'>τοῦ</span> <span class='ocrx_word' id='word_1_440' title='bbox 1126 2795 1259 2849; x_wconf 88' lang='grc' dir='ltr'><strong>Θεου</strong></span> <span class='ocrx_word' id='word_1_441' title='bbox 1300 2795 1448 2847; x_wconf 82' lang='grc' dir='ltr'><strong>πᾶσα</strong></span> <span class='ocrx_word' id='word_1_442' title='bbox 1475 2810 1586 2863; x_wconf 81' lang='grc' dir='ltr'>των</span> <span class='ocrx_word' id='word_1_443' title='bbox 1607 2810 1850 2863; x_wconf 85' lang='grc' dir='ltr'><strong>γενητων</strong></span> 
     </span>
     <span class='ocr_line' id='line_1_56' title="bbox 273 2861 1849 2937; baseline -0.002 -17"><span class='ocrx_word' id='word_1_444' title='bbox 273 2866 308 2936; x_wconf 80' lang='grc' dir='ltr'>ὴ</span> <span class='ocrx_word' id='word_1_445' title='bbox 333 2864 580 2936; x_wconf 82' lang='grc' dir='ltr'><strong>δύναμις.</strong></span> <span class='ocrx_word' id='word_1_446' title='bbox 618 2885 637 2918; x_wconf 76' lang='grc' dir='ltr'>ι</span> <span class='ocrx_word' id='word_1_447' title='bbox 676 2867 807 2930; x_wconf 84' lang='grc' dir='ltr'><strong>Θεὸς</strong></span> <span class='ocrx_word' id='word_1_448' title='bbox 831 2862 926 2920; x_wconf 81' lang='grc' dir='ltr'>οῦν</span> <span class='ocrx_word' id='word_1_449' title='bbox 967 2866 1073 2937; x_wconf 82' lang='grc' dir='ltr'>ἄρα</span> <span class='ocrx_word' id='word_1_450' title='bbox 1099 2865 1242 2919; x_wconf 76' lang='grc' dir='ltr'><strong>κατὰ</strong></span> <span class='ocrx_word' id='word_1_451' title='bbox 1273 2866 1435 2935; x_wconf 84' lang='grc' dir='ltr'><strong>φύσιν</strong></span> <span class='ocrx_word' id='word_1_452' title='bbox 1474 2861 1567 2917; x_wconf 72' lang='grc' dir='ltr'>καὶ</span> <span class='ocrx_word' id='word_1_453' title='bbox 1607 2866 1673 2916; x_wconf 82' lang='grc' dir='ltr'><strong>ὲκ</strong></span> <span class='ocrx_word' id='word_1_454' title='bbox 1716 2866 1849 2917; x_wconf 81' lang='grc' dir='ltr'><strong>Θεοῦ</strong></span> 
     </span>
     <span class='ocr_line' id='line_1_57' title="bbox 272 2934 1850 3007; baseline -0.001 -19"><span class='ocrx_word' id='word_1_455' title='bbox 272 2936 334 2988; x_wconf 84' lang='grc' dir='ltr'>τὸ</span> <span class='ocrx_word' id='word_1_456' title='bbox 367 2936 591 3007; x_wconf 86' lang='grc' dir='ltr'><strong>Πνεῦμά</strong></span> <span class='ocrx_word' id='word_1_457' title='bbox 634 2940 799 3000; x_wconf 85' lang='grc' dir='ltr'><strong>ἐστιν,</strong></span> <span class='ocrx_word' id='word_1_458' title='bbox 848 2936 1024 3004; x_wconf 80' lang='grc' dir='ltr'><strong>πάντη</strong></span> <span class='ocrx_word' id='word_1_459' title='bbox 1068 2953 1127 2988; x_wconf 87' lang='grc' dir='ltr'>τε</span> <span class='ocrx_word' id='word_1_460' title='bbox 1174 2936 1269 2989; x_wconf 79' lang='grc' dir='ltr'>καὶ</span> <span class='ocrx_word' id='word_1_461' title='bbox 1317 2934 1531 2996; x_wconf 77' lang='grc' dir='ltr'><strong>πάντως</strong></span> <span class='ocrx_word' id='word_1_462' title='bbox 1561 2934 1850 3004; x_wconf 80' lang='grc' dir='ltr'><strong>ἑτεροφυὲς</strong></span> 
     </span>
    </p>
   </div>
   <div class='ocr_carea' id='block_1_12' title="bbox 1954 1743 3528 2026">
    <p class='ocr_par' dir='ltr' id='par_1_16' title="bbox 1954 1743 3528 2026">
     <span class='ocr_line' id='line_1_58' title="bbox 1957 1743 3526 1817; baseline 0.013 -25"><span class='ocrx_word' id='word_1_463' title='bbox 1957 1755 2103 1794; x_wconf 88' lang='lat' dir='ltr'>mum</span> <span class='ocrx_word' id='word_1_464' title='bbox 2137 1750 2219 1795; x_wconf 92' lang='lat' dir='ltr'>est</span> <span class='ocrx_word' id='word_1_465' title='bbox 2242 1756 2308 1796; x_wconf 85' lang='lat' dir='ltr'>ac</span> <span class='ocrx_word' id='word_1_466' title='bbox 2340 1743 2553 1798; x_wconf 79' lang='lat' dir='ltr'>sactus?</span> <span class='ocrx_word' id='word_1_467' title='bbox 2586 1745 2701 1799; x_wconf 82' lang='lat' dir='ltr'>Non</span> <span class='ocrx_word' id='word_1_468' title='bbox 2736 1748 2880 1800; x_wconf 88' lang='lat' dir='ltr'>euim</span> <span class='ocrx_word' id='word_1_469' title='bbox 2911 1761 3007 1817; x_wconf 90' lang='lat' dir='ltr'>per</span> <span class='ocrx_word' id='word_1_470' title='bbox 3031 1762 3342 1808; x_wconf 79' lang='lat' dir='ltr'>creaturam</span> <span class='ocrx_word' id='word_1_471' title='bbox 3379 1759 3526 1813; x_wconf 72' lang='lat' dir='ltr'>laeta</span> 
     </span>
     <span class='ocr_line' id='line_1_59' title="bbox 1955 1816 3528 1891; baseline 0.013 -29"><span class='ocrx_word' id='word_1_472' title='bbox 1955 1817 2038 1863; x_wconf 81' lang='lat' dir='ltr'>est</span> <span class='ocrx_word' id='word_1_473' title='bbox 2067 1819 2339 1877; x_wconf 80' lang='lat' dir='ltr'>creatura,</span> <span class='ocrx_word' id='word_1_474' title='bbox 2372 1823 2467 1867; x_wconf 86' lang='lat' dir='ltr'>aut</span> <span class='ocrx_word' id='word_1_475' title='bbox 2496 1816 2897 1883; x_wconf 82' lang='lat' dir='ltr'>corruptionem</span> <span class='ocrx_word' id='word_1_476' title='bbox 2938 1832 3097 1886; x_wconf 85' lang='lat' dir='ltr'>passa</span> <span class='ocrx_word' id='word_1_477' title='bbox 3132 1837 3230 1891; x_wconf 86' lang='lat' dir='ltr'>per</span> <span class='ocrx_word' id='word_1_478' title='bbox 3274 1837 3403 1879; x_wconf 81' lang='lat' dir='ltr'>eam·</span> <span class='ocrx_word' id='word_1_479' title='bbox 3433 1842 3528 1882; x_wconf 87' lang='lat' dir='ltr'>re·</span> 
     </span>
     <span class='ocr_line' id='line_1_60' title="bbox 1954 1883 3523 1964; baseline 0.013 -33"><span class='ocrx_word' id='word_1_480' title='bbox 1954 1887 2210 1945; x_wconf 81' lang='lat' dir='ltr'>novatur,</span> <span class='ocrx_word' id='word_1_481' title='bbox 2251 1883 2348 1936; x_wconf 86' lang='lat' dir='ltr'>sed</span> <span class='ocrx_word' id='word_1_482' title='bbox 2372 1897 2472 1951; x_wconf 91' lang='lat' dir='ltr'>per</span> <span class='ocrx_word' id='word_1_483' title='bbox 2500 1885 2799 1939; x_wconf 77' lang='lat' dir='ltr'>naturalem</span> <span class='ocrx_word' id='word_1_484' title='bbox 2839 1883 3032 1944; x_wconf 90' lang='lat' dir='ltr'>Deum.</span> <span class='ocrx_word' id='word_1_485' title='bbox 3078 1890 3222 1947; x_wconf 85' lang='lat' dir='ltr'>Deus</span> <span class='ocrx_word' id='word_1_486' title='bbox 3258 1907 3388 1962; x_wconf 79' lang='lat' dir='ltr'>ergo</span> <span class='ocrx_word' id='word_1_487' title='bbox 3414 1906 3523 1964; x_wconf 88' lang='lat' dir='ltr'>est,</span> 
     </span>
     <span class='ocr_line' id='line_1_61' title="bbox 1954 1948 3388 2026; baseline 0.013 -24"><span class='ocrx_word' id='word_1_488' title='bbox 1954 1958 2009 2002; x_wconf 89' lang='lat' dir='ltr'>et</span> <span class='ocrx_word' id='word_1_489' title='bbox 2035 1963 2104 2004; x_wconf 78' lang='lat' dir='ltr'>ex</span> <span class='ocrx_word' id='word_1_490' title='bbox 2134 1948 2246 2006; x_wconf 85' lang='lat' dir='ltr'>Deo</span> <span class='ocrx_word' id='word_1_491' title='bbox 2272 1954 2571 2008; x_wconf 84' lang='lat' dir='ltr'>secundnm</span> <span class='ocrx_word' id='word_1_492' title='bbox 2602 1965 2849 2009; x_wconf 84' lang='lat' dir='ltr'>naturam</span> <span class='ocrx_word' id='word_1_493' title='bbox 2883 1953 3116 2026; x_wconf 83' lang='lat' dir='ltr'>Spiritus</span> <span class='ocrx_word' id='word_1_494' title='bbox 3137 1972 3388 2022; x_wconf 84' lang='lat' dir='ltr'>sanctus.</span> 
     </span>
    </p>
   </div>
   <div class='ocr_carea' id='block_1_13' title="bbox 1951 2148 3525 2995">
    <p class='ocr_par' dir='ltr' id='par_1_17' title="bbox 1951 2148 3525 2995">
     <span class='ocr_line' id='line_1_62' title="bbox 2026 2148 3525 2237; baseline 0.011 -33"><span class='ocrx_word' id='word_1_495' title='bbox 2026 2148 2082 2205; x_wconf 91' lang='lat' dir='ltr'>Si</span> <span class='ocrx_word' id='word_1_496' title='bbox 2127 2159 2317 2206; x_wconf 89' lang='lat' dir='ltr'>cuncta</span> <span class='ocrx_word' id='word_1_497' title='bbox 2377 2166 2556 2207; x_wconf 83' lang='lat' dir='ltr'>rerum</span> <span class='ocrx_word' id='word_1_498' title='bbox 2612 2164 2916 2217; x_wconf 86' lang='lat' dir='ltr'>creatarum</span> <span class='ocrx_word' id='word_1_499' title='bbox 2960 2158 3134 2214; x_wconf 84' lang='lat' dir='ltr'>virtus</span> <span class='ocrx_word' id='word_1_500' title='bbox 3177 2169 3262 2215; x_wconf 89' lang='lat' dir='ltr'>est</span> <span class='ocrx_word' id='word_1_501' title='bbox 3310 2162 3360 2217; x_wconf 91' lang='lat' dir='ltr'>in</span> <span class='ocrx_word' id='word_1_502' title='bbox 3400 2163 3525 2237; x_wconf 90' lang='lat' dir='ltr'>Spi-</span> 
     </span>
     <span class='ocr_line' id='line_1_63' title="bbox 1954 2220 3525 2297; baseline 0.011 -23"><span class='ocrx_word' id='word_1_503' title='bbox 1954 2221 2059 2275; x_wconf 89' lang='lat' dir='ltr'>ritu</span> <span class='ocrx_word' id='word_1_504' title='bbox 2086 2220 2199 2276; x_wconf 87' lang='lat' dir='ltr'>oris</span> <span class='ocrx_word' id='word_1_505' title='bbox 2232 2222 2348 2287; x_wconf 86' lang='lat' dir='ltr'>Dei,</span> <span class='ocrx_word' id='word_1_506' title='bbox 2370 2224 2819 2289; x_wconf 80' lang='lat' dir='ltr'>quemadmodum</span> <span class='ocrx_word' id='word_1_507' title='bbox 2844 2225 3009 2281; x_wconf 80' lang='lat' dir='ltr'>David</span> <span class='ocrx_word' id='word_1_508' title='bbox 3028 2229 3286 2297; x_wconf 83' lang='lat' dir='ltr'>psallit”,</span> <span class='ocrx_word' id='word_1_509' title='bbox 3308 2247 3525 2292; x_wconf 84' lang='lat' dir='ltr'>creatus</span> 
     </span>
     <span class='ocr_line' id='line_1_64' title="bbox 1953 2292 3516 2372; baseline 0.01 -28"><span class='ocrx_word' id='word_1_510' title='bbox 1953 2299 2134 2345; x_wconf 83' lang='lat' dir='ltr'>autem</span> <span class='ocrx_word' id='word_1_511' title='bbox 2191 2300 2279 2345; x_wconf 89' lang='lat' dir='ltr'>est</span> <span class='ocrx_word' id='word_1_512' title='bbox 2321 2292 2589 2360; x_wconf 80' lang='lat' dir='ltr'>Spiritus,</span> <span class='ocrx_word' id='word_1_513' title='bbox 2641 2296 2823 2349; x_wconf 84' lang='lat' dir='ltr'>dicant</span> <span class='ocrx_word' id='word_1_514' title='bbox 2867 2299 3063 2366; x_wconf 81' lang='lat' dir='ltr'>quibus</span> <span class='ocrx_word' id='word_1_515' title='bbox 3099 2314 3164 2353; x_wconf 89' lang='lat' dir='ltr'>ea</span> <span class='ocrx_word' id='word_1_516' title='bbox 3209 2316 3361 2358; x_wconf 87' lang='lat' dir='ltr'>mens</span> <span class='ocrx_word' id='word_1_517' title='bbox 3402 2315 3516 2372; x_wconf 89' lang='lat' dir='ltr'>cst,</span> 
     </span>
     <span class='ocr_line' id='line_1_65' title="bbox 1951 2362 3519 2442; baseline 0.011 -29"><span class='ocrx_word' id='word_1_518' title='bbox 1951 2374 1984 2413; x_wconf 87' lang='lat' dir='ltr'>a</span> <span class='ocrx_word' id='word_1_519' title='bbox 2028 2374 2266 2428; x_wconf 85' lang='lat' dir='ltr'>quonam</span> <span class='ocrx_word' id='word_1_520' title='bbox 2326 2362 2495 2415; x_wconf 87' lang='lat' dir='ltr'>etiam</span> <span class='ocrx_word' id='word_1_521' title='bbox 2541 2363 2661 2433; x_wconf 85' lang='lat' dir='ltr'>ipse</span> <span class='ocrx_word' id='word_1_522' title='bbox 2708 2363 2982 2420; x_wconf 82' lang='lat' dir='ltr'>lit-utetur.</span> <span class='ocrx_word' id='word_1_523' title='bbox 3036 2367 3104 2422; x_wconf 86' lang='lat' dir='ltr'>Et</span> <span class='ocrx_word' id='word_1_524' title='bbox 3167 2369 3213 2424; x_wconf 92' lang='lat' dir='ltr'>si</span> <span class='ocrx_word' id='word_1_525' title='bbox 3266 2370 3519 2442; x_wconf 83' lang='lat' dir='ltr'>Spiritus,</span> 
     </span>
     <span class='ocr_line' id='line_1_66' title="bbox 1952 2430 3521 2507; baseline 0.011 -24"><span class='ocrx_word' id='word_1_526' title='bbox 1952 2438 2149 2484; x_wconf 73' lang='lat' dir='ltr'>creatae</span> <span class='ocrx_word' id='word_1_527' title='bbox 2187 2445 2310 2484; x_wconf 90' lang='lat' dir='ltr'>cum</span> <span class='ocrx_word' id='word_1_528' title='bbox 2369 2430 2444 2486; x_wconf 89' lang='lat' dir='ltr'>sit</span> <span class='ocrx_word' id='word_1_529' title='bbox 2494 2445 2735 2499; x_wconf 79' lang='lat' dir='ltr'>natnrae,</span> <span class='ocrx_word' id='word_1_530' title='bbox 2803 2434 2979 2489; x_wconf 87' lang='lat' dir='ltr'>lirmat</span> <span class='ocrx_word' id='word_1_531' title='bbox 3024 2447 3383 2507; x_wconf 78' lang='lat' dir='ltr'>creaturam,</span> <span class='ocrx_word' id='word_1_532' title='bbox 3432 2458 3521 2500; x_wconf 85' lang='lat' dir='ltr'>se-</span> 
     </span>
     <span class='ocr_line' id='line_1_67' title="bbox 1954 2499 3520 2582; baseline 0.012 -31"><span class='ocrx_word' id='word_1_533' title='bbox 1954 2499 2125 2568; x_wconf 85' lang='lat' dir='ltr'>ipsam</span> <span class='ocrx_word' id='word_1_534' title='bbox 2187 2500 2369 2554; x_wconf 81' lang='lat' dir='ltr'>firmat</span> <span class='ocrx_word' id='word_1_535' title='bbox 2421 2514 2711 2565; x_wconf 86' lang='lat' dir='ltr'>creatura,</span> <span class='ocrx_word' id='word_1_536' title='bbox 2741 2501 2852 2558; x_wconf 88' lang='lat' dir='ltr'>Deo</span> <span class='ocrx_word' id='word_1_537' title='bbox 2891 2505 3198 2563; x_wconf 87' lang='lat' dir='ltr'>nullatenus</span> <span class='ocrx_word' id='word_1_538' title='bbox 3256 2511 3520 2582; x_wconf 70' lang='lat' dir='ltr'>indigens.</span> 
     </span>
     <span class='ocr_line' id='line_1_68' title="bbox 1954 2569 3523 2650; baseline 0.01 -28"><span class='ocrx_word' id='word_1_539' title='bbox 1954 2569 2261 2622; x_wconf 83' lang='lat' dir='ltr'>Absurdum</span> <span class='ocrx_word' id='word_1_540' title='bbox 2320 2580 2501 2624; x_wconf 85' lang='lat' dir='ltr'>autem</span> <span class='ocrx_word' id='word_1_541' title='bbox 2556 2573 2687 2628; x_wconf 84' lang='lat' dir='ltr'>illud</span> <span class='ocrx_word' id='word_1_542' title='bbox 2722 2574 2881 2643; x_wconf 79' lang='lat' dir='ltr'>plane</span> <span class='ocrx_word' id='word_1_543' title='bbox 2925 2574 3070 2629; x_wconf 89' lang='lat' dir='ltr'>dictu</span> <span class='ocrx_word' id='word_1_544' title='bbox 3122 2588 3209 2632; x_wconf 88' lang='lat' dir='ltr'>cst</span> <span class='ocrx_word' id='word_1_545' title='bbox 3254 2586 3523 2650; x_wconf 76' lang='lat' dir='ltr'>cogitatu-</span> 
     </span>
     <span class='ocr_line' id='line_1_69' title="bbox 1954 2638 3523 2716; baseline 0.012 -26"><span class='ocrx_word' id='word_1_546' title='bbox 1954 2651 2081 2706; x_wconf 83' lang='lat' dir='ltr'>que.</span> <span class='ocrx_word' id='word_1_547' title='bbox 2142 2638 2451 2695; x_wconf 86' lang='lat' dir='ltr'>Firmamur</span> <span class='ocrx_word' id='word_1_548' title='bbox 2501 2642 2644 2696; x_wconf 88' lang='lat' dir='ltr'>enim</span> <span class='ocrx_word' id='word_1_549' title='bbox 2697 2658 2727 2697; x_wconf 88' lang='lat' dir='ltr'>a</span> <span class='ocrx_word' id='word_1_550' title='bbox 2787 2642 2898 2698; x_wconf 87' lang='lat' dir='ltr'>Deo</span> <span class='ocrx_word' id='word_1_551' title='bbox 2944 2657 3041 2711; x_wconf 86' lang='lat' dir='ltr'>per</span> <span class='ocrx_word' id='word_1_552' title='bbox 3103 2647 3412 2716; x_wconf 86' lang='lat' dir='ltr'>Spiritum,</span> <span class='ocrx_word' id='word_1_553' title='bbox 3468 2663 3523 2709; x_wconf 88' lang='lat' dir='ltr'>ct</span> 
     </span>
     <span class='ocr_line' id='line_1_70' title="bbox 1954 2707 3523 2789; baseline 0.011 -29"><span class='ocrx_word' id='word_1_554' title='bbox 1954 2722 2081 2762; x_wconf 80' lang='lat' dir='ltr'>vera</span> <span class='ocrx_word' id='word_1_555' title='bbox 2128 2719 2214 2764; x_wconf 87' lang='lat' dir='ltr'>est</span> <span class='ocrx_word' id='word_1_556' title='bbox 2249 2707 2447 2765; x_wconf 78' lang='lat' dir='ltr'>Psaltae</span> <span class='ocrx_word' id='word_1_557' title='bbox 2494 2726 2593 2766; x_wconf 82' lang='lat' dir='ltr'>vox</span> <span class='ocrx_word' id='word_1_558' title='bbox 2632 2713 2861 2768; x_wconf 77' lang='lat' dir='ltr'>dicentis</span> <span class='ocrx_word' id='word_1_559' title='bbox 2898 2729 2911 2765; x_wconf 78' lang='lat' dir='ltr'>t</span> <span class='ocrx_word' id='word_1_560' title='bbox 2949 2731 2968 2764; x_wconf 88' lang='grc' dir='ltr'>ι</span> <span class='ocrx_word' id='word_1_561' title='bbox 3010 2714 3215 2785; x_wconf 86' lang='lat' dir='ltr'>Spiritu</span> <span class='ocrx_word' id='word_1_562' title='bbox 3264 2721 3377 2774; x_wconf 87' lang='lat' dir='ltr'>oris</span> <span class='ocrx_word' id='word_1_563' title='bbox 3402 2721 3523 2789; x_wconf 81' lang='lat' dir='ltr'>ejus</span> 
     </span>
     <span class='ocr_line' id='line_1_71' title="bbox 1952 2778 3517 2856; baseline 0.011 -26"><span class='ocrx_word' id='word_1_564' title='bbox 1952 2778 2129 2832; x_wconf 89' lang='lat' dir='ltr'>omnis</span> <span class='ocrx_word' id='word_1_565' title='bbox 2154 2779 2325 2833; x_wconf 82' lang='lat' dir='ltr'>virtus</span> <span class='ocrx_word' id='word_1_566' title='bbox 2348 2789 2719 2835; x_wconf 87' lang='lat' dir='ltr'>creaturarum</span> <span class='ocrx_word' id='word_1_567' title='bbox 2738 2782 2776 2837; x_wconf 87' lang='lat'>¹.</span> <span class='ocrx_word' id='word_1_568' title='bbox 2809 2800 2828 2834; x_wconf 79' lang='grc' dir='ltr'>ι</span> <span class='ocrx_word' id='word_1_569' title='bbox 2851 2780 2994 2838; x_wconf 88' lang='lat' dir='ltr'>Deus</span> <span class='ocrx_word' id='word_1_570' title='bbox 3022 2786 3203 2856; x_wconf 79' lang='lat' dir='ltr'>itaque</span> <span class='ocrx_word' id='word_1_571' title='bbox 3225 2792 3517 2846; x_wconf 83' lang='lat' dir='ltr'>secuudum</span> 
     </span>
     <span class='ocr_line' id='line_1_72' title="bbox 1955 2850 3521 2920; baseline 0.012 -20"><span class='ocrx_word' id='word_1_572' title='bbox 1955 2857 2224 2912; x_wconf 83' lang='lat' dir='ltr'>naturam,</span> <span class='ocrx_word' id='word_1_573' title='bbox 2255 2862 2310 2901; x_wconf 85' lang='lat' dir='ltr'>et</span> <span class='ocrx_word' id='word_1_574' title='bbox 2338 2864 2405 2902; x_wconf 83' lang='lat' dir='ltr'>ex</span> <span class='ocrx_word' id='word_1_575' title='bbox 2435 2850 2544 2904; x_wconf 90' lang='lat' dir='ltr'>Deo</span> <span class='ocrx_word' id='word_1_576' title='bbox 2566 2861 2649 2905; x_wconf 91' lang='lat' dir='ltr'>est</span> <span class='ocrx_word' id='word_1_577' title='bbox 2676 2852 2931 2920; x_wconf 86' lang='lat' dir='ltr'>Spiritus,</span> <span class='ocrx_word' id='word_1_578' title='bbox 2960 2864 3015 2908; x_wconf 91' lang='lat' dir='ltr'>et</span> <span class='ocrx_word' id='word_1_579' title='bbox 3037 2858 3260 2911; x_wconf 85' lang='lat' dir='ltr'>omnino</span> <span class='ocrx_word' id='word_1_580' title='bbox 3288 2860 3521 2918; x_wconf 81' lang='lat' dir='ltr'>diversa·</span> 
     </span>
     <span class='ocr_line' id='line_1_73' title="bbox 1953 2922 3516 2995; baseline 0.011 -27"><span class='ocrx_word' id='word_1_581' title='bbox 1953 2925 2162 2970; x_wconf 69' lang='lat' dir='ltr'>naturae</span> <span class='ocrx_word' id='word_1_582' title='bbox 2186 2933 2215 2971; x_wconf 88' lang='lat' dir='ltr'>a</span> <span class='ocrx_word' id='word_1_583' title='bbox 2245 2928 2494 2973; x_wconf 87' lang='lat' dir='ltr'>creatura</span> <span class='ocrx_word' id='word_1_584' title='bbox 2519 2934 2640 2988; x_wconf 79' lang='lat' dir='ltr'>quae</span> <span class='ocrx_word' id='word_1_585' title='bbox 2681 2936 2778 2990; x_wconf 93' lang='lat' dir='ltr'>per</span> <span class='ocrx_word' id='word_1_586' title='bbox 2818 2922 2993 2989; x_wconf 88' lang='lat' dir='ltr'>ipsum</span> <span class='ocrx_word' id='word_1_587' title='bbox 3046 2926 3312 2982; x_wconf 81' lang='lat' dir='ltr'>lit-matur.</span> <span class='ocrx_word' id='word_1_588' title='bbox 3371 2929 3516 2995; x_wconf 72' lang='lat' dir='ltr'>Quoi</span> 
     </span>
    </p>
   </div>
   <div class='ocr_carea' id='block_1_14' title="bbox 273 2993 3523 3147">
    <p class='ocr_par' dir='ltr' id='par_1_18' title="bbox 273 2993 3523 3147">
     <span class='ocr_line' id='line_1_74' title="bbox 273 2993 3523 3078; baseline -0.002 -20"><span class='ocrx_word' id='word_1_589' title='bbox 273 3006 426 3075; x_wconf 86' lang='grc' dir='ltr'><strong>παρὰ</strong></span> <span class='ocrx_word' id='word_1_590' title='bbox 463 3023 492 3056; x_wconf 86' lang='grc' dir='ltr'>τ</span> <span class='ocrx_word' id='word_1_591' title='bbox 534 3024 561 3056; x_wconf 93' lang='grc' dir='ltr'><strong>ν</strong></span> <span class='ocrx_word' id='word_1_592' title='bbox 607 3006 1002 3074; x_wconf 71' lang='grc' dir='ltr'><strong>στηριζομένην</strong></span> <span class='ocrx_word' id='word_1_593' title='bbox 1046 3007 1178 3077; x_wconf 71' lang='grc' dir='ltr'>παρ’</span> <span class='ocrx_word' id='word_1_594' title='bbox 1223 3003 1388 3058; x_wconf 61' lang='grc' dir='ltr'>αὐτοῦ</span> <span class='ocrx_word' id='word_1_595' title='bbox 1418 3004 1615 3060; x_wconf 53' lang='lat' dir='ltr'>‚mom</span> <span class='ocrx_word' id='word_1_596' title='bbox 1673 3005 1745 3057; x_wconf 69' lang='grc' dir='ltr'>Τὸ</span> <span class='ocrx_word' id='word_1_597' title='bbox 1787 3005 1845 3060; x_wconf 71' lang='grc' dir='ltr'>δὲ</span> <span class='ocrx_word' id='word_1_598' title='bbox 1951 2993 2131 3068; x_wconf 73' lang='lat' dir='ltr'>autent</span> <span class='ocrx_word' id='word_1_599' title='bbox 2166 3000 2327 3056; x_wconf 85' lang='lat' dir='ltr'>supra</span> <span class='ocrx_word' id='word_1_600' title='bbox 2375 2999 2686 3071; x_wconf 83' lang='lat' dir='ltr'>creaturam</span> <span class='ocrx_word' id='word_1_601' title='bbox 2728 2997 2835 3057; x_wconf 88' lang='lat' dir='ltr'>est,</span> <span class='ocrx_word' id='word_1_602' title='bbox 2876 3005 2941 3045; x_wconf 83' lang='lat' dir='ltr'>ac</span> <span class='ocrx_word' id='word_1_603' title='bbox 2999 2994 3229 3075; x_wconf 35' lang='lat' dir='ltr'>div-cissa!</span> <span class='ocrx_word' id='word_1_604' title='bbox 3272 3011 3312 3078; x_wconf 35' lang='lat' dir='ltr'>‚a</span> <span class='ocrx_word' id='word_1_605' title='bbox 3361 3002 3523 3056; x_wconf 80' lang='lat' dir='ltr'>renus</span> 
     </span>
     <span class='ocr_line' id='line_1_75' title="bbox 275 3006 3382 3147; baseline 0.005 -38"><span class='ocrx_word' id='word_1_606' title='bbox 275 3077 416 3142; x_wconf 60' lang='lat' dir='ltr'>saep</span> <span class='ocrx_word' id='word_1_607' title='bbox 443 3006 618 3125; x_wconf 50' lang='lat' dir='ltr'>ninom</span> <span class='ocrx_word' id='word_1_608' title='bbox 645 3074 780 3134; x_wconf 66' lang='grc' dir='ltr'>ὅλως</span> <span class='ocrx_word' id='word_1_609' title='bbox 809 3075 906 3125; x_wconf 46' lang='grc' dir='ltr'>καὶ</span> <span class='ocrx_word' id='word_1_610' title='bbox 944 3076 1056 3134; x_wconf 61' lang='grc' dir='ltr'><strong>τοῖς</strong></span> <span class='ocrx_word' id='word_1_611' title='bbox 1082 3079 1328 3141; x_wconf 59' lang='grc' dir='ltr'><strong>γενητοῖς</strong></span> <span class='ocrx_word' id='word_1_612' title='bbox 1359 3075 1670 3147; x_wconf 55' lang='grc' dir='ltr'><strong>ἑτεροφυὲς,</strong></span> <span class='ocrx_word' id='word_1_613' title='bbox 1712 3075 1843 3142; x_wconf 62' lang='lat'>93⁶3</span> <span class='ocrx_word' id='word_1_614' title='bbox 1869 3064 1915 3124; x_wconf 82' lang='lat' dir='ltr'>c</span> <span class='ocrx_word' id='word_1_615' title='bbox 1951 3066 2146 3112; x_wconf 81' lang='lat' dir='ltr'>creans</span> <span class='ocrx_word' id='word_1_616' title='bbox 2169 3067 2397 3125; x_wconf 83' lang='lat' dir='ltr'>naturae,</span> <span class='ocrx_word' id='word_1_617' title='bbox 2430 3058 2571 3114; x_wconf 90' lang='lat' dir='ltr'>Deus</span> <span class='ocrx_word' id='word_1_618' title='bbox 2596 3071 2780 3132; x_wconf 87' lang='lat' dir='ltr'>unque</span> <span class='ocrx_word' id='word_1_619' title='bbox 2805 3070 2911 3127; x_wconf 84' lang='lat' dir='ltr'>est,</span> <span class='ocrx_word' id='word_1_620' title='bbox 2944 3077 3008 3118; x_wconf 85' lang='lat' dir='ltr'>ac</span> <span class='ocrx_word' id='word_1_621' title='bbox 3039 3065 3174 3119; x_wconf 86' lang='lat' dir='ltr'>ntlnl</span> <span class='ocrx_word' id='word_1_622' title='bbox 3213 3065 3382 3124; x_wconf 80' lang='lat' dir='ltr'>aliud.</span> 
     </span>
    </p>
   </div>
   <div class='ocr_carea' id='block_1_15' title="bbox 268 3140 1853 3909">
    <p class='ocr_par' dir='ltr' id='par_1_19' title="bbox 268 3140 1350 3204">
     <span class='ocr_line' id='line_1_76' title="bbox 268 3140 1350 3204; baseline 0.001 -9"><span class='ocrx_word' id='word_1_623' title='bbox 268 3161 380 3195; x_wconf 79' lang='grc' dir='ltr'>που</span> <span class='ocrx_word' id='word_1_624' title='bbox 415 3141 632 3201; x_wconf 84' lang='grc' dir='ltr'><strong>πάντως</strong></span> <span class='ocrx_word' id='word_1_625' title='bbox 665 3141 801 3204; x_wconf 73' lang='grc' dir='ltr'><strong>ἐστὶ,</strong></span> <span class='ocrx_word' id='word_1_626' title='bbox 838 3142 932 3192; x_wconf 77' lang='grc' dir='ltr'>καὶ</span> <span class='ocrx_word' id='word_1_627' title='bbox 964 3140 1051 3191; x_wconf 83' lang='grc' dir='ltr'>ἐτε</span> <span class='ocrx_word' id='word_1_628' title='bbox 1091 3158 1149 3193; x_wconf 92' lang='grc' dir='ltr'>ον</span> <span class='ocrx_word' id='word_1_629' title='bbox 1176 3142 1350 3197; x_wconf 79' lang='grc' dir='ltr'><strong>οὐδέν.</strong></span> 
     </span>
    </p>

    <p class='ocr_par' dir='ltr' id='par_1_20' title="bbox 271 3157 1853 3909">
     <span class='ocr_line' id='line_1_77' title="bbox 349 3157 1851 3278; baseline -0.003 -18"><span class='ocrx_word' id='word_1_630' title='bbox 349 3209 558 3275; x_wconf 70' lang='grc' dir='ltr'><strong>Σοφοὺς</strong></span> <span class='ocrx_word' id='word_1_631' title='bbox 585 3208 732 3275; x_wconf 78' lang='grc' dir='ltr'><strong>ἡμᾶς</strong></span> <span class='ocrx_word' id='word_1_632' title='bbox 765 3207 1017 3260; x_wconf 75' lang='grc' dir='ltr'><strong>ἀποτελεῖ</strong></span> <span class='ocrx_word' id='word_1_633' title='bbox 1051 3157 1205 3270; x_wconf 54' lang='lat' dir='ltr'>gese,</span> <span class='ocrx_word' id='word_1_634' title='bbox 1238 3211 1332 3261; x_wconf 76' lang='grc' dir='ltr'>καὶ</span> <span class='ocrx_word' id='word_1_635' title='bbox 1374 3211 1473 3278; x_wconf 64' lang='grc' dir='ltr'>μέν</span> <span class='ocrx_word' id='word_1_636' title='bbox 1511 3226 1595 3266; x_wconf 79' lang='grc' dir='ltr'>τοι</span> <span class='ocrx_word' id='word_1_637' title='bbox 1638 3216 1732 3267; x_wconf 78' lang='grc' dir='ltr'>καὶ</span> <span class='ocrx_word' id='word_1_638' title='bbox 1760 3214 1851 3268; x_wconf 89' lang='grc' dir='ltr'>δυ-</span> 
     </span>
     <span class='ocr_line' id='line_1_78' title="bbox 281 3274 1850 3363; baseline -0.004 -31"><span class='ocrx_word' id='word_1_639' title='bbox 281 3279 471 3363; x_wconf 75' lang='grc' dir='ltr'><strong>νατοῦς</strong></span> <span class='ocrx_word' id='word_1_640' title='bbox 497 3277 565 3330; x_wconf 83' lang='grc' dir='ltr'>δι’</span> <span class='ocrx_word' id='word_1_641' title='bbox 590 3275 718 3329; x_wconf 61' lang='lat' dir='ltr'>rto&amp;</span> <span class='ocrx_word' id='word_1_642' title='bbox 749 3277 807 3329; x_wconf 86' lang='grc' dir='ltr'><strong>ἐν</strong></span> <span class='ocrx_word' id='word_1_643' title='bbox 837 3275 979 3346; x_wconf 80' lang='grc' dir='ltr'><strong>ἁγίῳ</strong></span> <span class='ocrx_word' id='word_1_644' title='bbox 1010 3275 1288 3359; x_wconf 78' lang='grc' dir='ltr'><strong>Πνεύματι</strong></span> <span class='ocrx_word' id='word_1_645' title='bbox 1309 3293 1323 3307; x_wconf 89' lang='grc'><em>·</em></span> <span class='ocrx_word' id='word_1_646' title='bbox 1356 3274 1577 3359; x_wconf 70' lang='grc' dir='ltr'><strong>Πνεῦμα</strong></span> <span class='ocrx_word' id='word_1_647' title='bbox 1616 3281 1725 3352; x_wconf 84' lang='grc' dir='ltr'><strong>γὰρ</strong></span> <span class='ocrx_word' id='word_1_648' title='bbox 1753 3285 1850 3337; x_wconf 76' lang='grc' dir='ltr'>χέ-</span> 
     </span>
     <span class='ocr_line' id='line_1_79' title="bbox 277 3341 1853 3491; baseline 0.001 -20"><span class='ocrx_word' id='word_1_649' title='bbox 277 3365 503 3486; x_wconf 61' lang='lat'>3‘12232‘.</span> <span class='ocrx_word' id='word_1_650' title='bbox 521 3341 1542 3491; x_wconf 49' lang='lat'>“32⁹2‘3‘2562’{“²122⁶”}355‘20‘520²³22²220235</span> <span class='ocrx_word' id='word_1_651' title='bbox 1563 3348 1743 3483; x_wconf 60' lang='lat'><strong>0533:</strong></span> <span class='ocrx_word' id='word_1_652' title='bbox 1777 3355 1853 3482; x_wconf 66' lang='lat'>332</span> 
     </span>
     <span class='ocr_line' id='line_1_80' title="bbox 272 3485 1852 3556; baseline -0.001 -14"><span class='ocrx_word' id='word_1_653' title='bbox 272 3489 438 3552; x_wconf 70' lang='grc' dir='ltr'><strong>ἔοικε,</strong></span> <span class='ocrx_word' id='word_1_654' title='bbox 475 3487 707 3541; x_wconf 77' lang='grc' dir='ltr'><strong>κωλύσει</strong></span> <span class='ocrx_word' id='word_1_655' title='bbox 736 3491 875 3542; x_wconf 84' lang='grc' dir='ltr'><strong>νοεῖν</strong></span> <span class='ocrx_word' id='word_1_656' title='bbox 898 3486 986 3541; x_wconf 74' lang='grc' dir='ltr'>ὅτι</span> <span class='ocrx_word' id='word_1_657' title='bbox 1048 3485 1212 3556; x_wconf 69' lang='grc' dir='ltr'><strong>σοφὸς</strong></span> <span class='ocrx_word' id='word_1_658' title='bbox 1255 3488 1349 3542; x_wconf 69' lang='grc' dir='ltr'>καὶ</span> <span class='ocrx_word' id='word_1_659' title='bbox 1379 3485 1602 3550; x_wconf 88' lang='grc' dir='ltr'><strong>δυνατὸς</strong></span> <span class='ocrx_word' id='word_1_660' title='bbox 1649 3489 1707 3540; x_wconf 91' lang='grc' dir='ltr'><strong>ἐν</strong></span> <span class='ocrx_word' id='word_1_661' title='bbox 1735 3490 1852 3541; x_wconf 80' lang='grc' dir='ltr'><strong>κτί-</strong></span> 
     </span>
     <span class='ocr_line' id='line_1_81' title="bbox 276 3556 1850 3628; baseline -0.001 -17"><span class='ocrx_word' id='word_1_662' title='bbox 276 3556 444 3626; x_wconf 84' lang='grc' dir='ltr'><strong>σματί</strong></span> <span class='ocrx_word' id='word_1_663' title='bbox 477 3557 626 3611; x_wconf 87' lang='grc' dir='ltr'><strong>ἐστιν</strong></span> <span class='ocrx_word' id='word_1_664' title='bbox 653 3559 686 3612; x_wconf 78' lang='grc' dir='ltr'><strong>ὸ</strong></span> <span class='ocrx_word' id='word_1_665' title='bbox 710 3557 864 3622; x_wconf 81' lang='grc' dir='ltr'><strong>Θεὸς,</strong></span> <span class='ocrx_word' id='word_1_666' title='bbox 914 3556 1009 3610; x_wconf 70' lang='grc' dir='ltr'>καὶ</span> <span class='ocrx_word' id='word_1_667' title='bbox 1040 3558 1418 3628; x_wconf 78' lang='grc' dir='ltr'><strong>πεποιημένην</strong></span> <span class='ocrx_word' id='word_1_668' title='bbox 1455 3556 1567 3627; x_wconf 76' lang='grc' dir='ltr'><strong>ἔχει</strong></span> <span class='ocrx_word' id='word_1_669' title='bbox 1595 3575 1623 3610; x_wconf 85' lang='grc' dir='ltr'>τ</span> <span class='ocrx_word' id='word_1_670' title='bbox 1665 3576 1694 3611; x_wconf 94' lang='grc' dir='ltr'><strong>ν</strong></span> <span class='ocrx_word' id='word_1_671' title='bbox 1720 3558 1850 3612; x_wconf 82' lang='grc' dir='ltr'><strong>ἐαυ-</strong></span> 
     </span>
     <span class='ocr_line' id='line_1_82' title="bbox 272 3627 1852 3699; baseline 0.001 -20"><span class='ocrx_word' id='word_1_672' title='bbox 272 3627 368 3681; x_wconf 86' lang='grc' dir='ltr'>τοῦ</span> <span class='ocrx_word' id='word_1_673' title='bbox 413 3627 624 3696; x_wconf 82' lang='grc' dir='ltr'><strong>σοφίαν.</strong></span> <span class='ocrx_word' id='word_1_674' title='bbox 676 3629 886 3699; x_wconf 79' lang='grc' dir='ltr'><strong>Κοσμεῖ</strong></span> <span class='ocrx_word' id='word_1_675' title='bbox 913 3627 1201 3696; x_wconf 85' lang='grc' dir='ltr'><strong>τοιγαροῦν</strong></span> <span class='ocrx_word' id='word_1_676' title='bbox 1244 3630 1276 3697; x_wconf 82' lang='grc' dir='ltr'>ἡ</span> <span class='ocrx_word' id='word_1_677' title='bbox 1329 3629 1504 3690; x_wconf 86' lang='grc' dir='ltr'><strong>κτίσις</strong></span> <span class='ocrx_word' id='word_1_678' title='bbox 1542 3628 1644 3681; x_wconf 85' lang='grc' dir='ltr'>αὐτ</span> <span class='ocrx_word' id='word_1_679' title='bbox 1677 3644 1726 3690; x_wconf 90' lang='grc' dir='ltr'><strong>ν,</strong></span> <span class='ocrx_word' id='word_1_680' title='bbox 1753 3628 1852 3681; x_wconf 84' lang='grc' dir='ltr'>οὐκ</span> 
     </span>
     <span class='ocr_line' id='line_1_83' title="bbox 273 3695 1853 3769; baseline 0 -19"><span class='ocrx_word' id='word_1_681' title='bbox 273 3698 435 3759; x_wconf 75' lang='grc' dir='ltr'><strong>αὐτὸς</strong></span> <span class='ocrx_word' id='word_1_682' title='bbox 463 3701 560 3767; x_wconf 85' lang='grc' dir='ltr'>την</span> <span class='ocrx_word' id='word_1_683' title='bbox 589 3698 782 3751; x_wconf 87' lang='grc' dir='ltr'><strong>κτίσιν.</strong></span> <span class='ocrx_word' id='word_1_684' title='bbox 832 3697 990 3751; x_wconf 78' lang='grc' dir='ltr'><strong>Ἀλλὰ</strong></span> <span class='ocrx_word' id='word_1_685' title='bbox 1021 3699 1180 3750; x_wconf 87' lang='grc' dir='ltr'><strong>τοῦτο</strong></span> <span class='ocrx_word' id='word_1_686' title='bbox 1205 3700 1420 3769; x_wconf 80' lang='grc' dir='ltr'><strong>φρονεῖν</strong></span> <span class='ocrx_word' id='word_1_687' title='bbox 1447 3696 1479 3767; x_wconf 79' lang='grc' dir='ltr'>ἢ</span> <span class='ocrx_word' id='word_1_688' title='bbox 1510 3695 1710 3766; x_wconf 85' lang='grc' dir='ltr'><strong>λέγειν,</strong></span> <span class='ocrx_word' id='word_1_689' title='bbox 1735 3698 1853 3752; x_wconf 80' lang='grc' dir='ltr'><strong>δυσ·</strong></span> 
     </span>
     <span class='ocr_line' id='line_1_84' title="bbox 276 3765 1846 3840; baseline 0.002 -21"><span class='ocrx_word' id='word_1_690' title='bbox 276 3769 452 3826; x_wconf 75' lang='grc' dir='ltr'><strong>σεὸές.</strong></span> <span class='ocrx_word' id='word_1_691' title='bbox 483 3769 613 3830; x_wconf 76' lang='grc' dir='ltr'><strong>Θεὸς</strong></span> <span class='ocrx_word' id='word_1_692' title='bbox 641 3769 750 3838; x_wconf 80' lang='grc' dir='ltr'>ἄρα</span> <span class='ocrx_word' id='word_1_693' title='bbox 778 3768 870 3821; x_wconf 81' lang='grc' dir='ltr'>καὶ</span> <span class='ocrx_word' id='word_1_694' title='bbox 895 3769 959 3820; x_wconf 85' lang='grc' dir='ltr'><strong>ὲκ</strong></span> <span class='ocrx_word' id='word_1_695' title='bbox 991 3766 1127 3820; x_wconf 85' lang='grc' dir='ltr'><strong>Θεοῦ</strong></span> <span class='ocrx_word' id='word_1_696' title='bbox 1157 3767 1298 3820; x_wconf 84' lang='grc' dir='ltr'><strong>κατὰ</strong></span> <span class='ocrx_word' id='word_1_697' title='bbox 1321 3767 1481 3836; x_wconf 77' lang='grc' dir='ltr'><strong>φύσιν</strong></span> <span class='ocrx_word' id='word_1_698' title='bbox 1511 3766 1571 3820; x_wconf 83' lang='grc' dir='ltr'>τὸ</span> <span class='ocrx_word' id='word_1_699' title='bbox 1600 3765 1846 3840; x_wconf 81' lang='grc' dir='ltr'><strong>Πνεῦμα,</strong></span> 
     </span>
     <span class='ocr_line' id='line_1_85' title="bbox 271 3834 1428 3909; baseline 0 -19"><span class='ocrx_word' id='word_1_700' title='bbox 271 3837 338 3890; x_wconf 85' lang='grc' dir='ltr'>δι’</span> <span class='ocrx_word' id='word_1_701' title='bbox 364 3834 424 3893; x_wconf 78' lang='grc' dir='ltr'><strong>οὗ</strong></span> <span class='ocrx_word' id='word_1_702' title='bbox 456 3838 554 3909; x_wconf 78' lang='grc' dir='ltr'>τὴν</span> <span class='ocrx_word' id='word_1_703' title='bbox 587 3838 760 3890; x_wconf 83' lang='grc' dir='ltr'><strong>κτίσιν</strong></span> <span class='ocrx_word' id='word_1_704' title='bbox 788 3839 942 3906; x_wconf 72' lang='grc' dir='ltr'><strong>σοφοῖ</strong></span> <span class='ocrx_word' id='word_1_705' title='bbox 965 3853 1024 3890; x_wconf 91' lang='grc' dir='ltr'>τε</span> <span class='ocrx_word' id='word_1_706' title='bbox 1063 3837 1157 3890; x_wconf 77' lang='grc' dir='ltr'>καὶ</span> <span class='ocrx_word' id='word_1_707' title='bbox 1183 3835 1428 3907; x_wconf 84' lang='grc' dir='ltr'><strong>δυναμοῖ.</strong></span> 
     </span>
    </p>
   </div>
   <div class='ocr_carea' id='block_1_16' title="bbox 270 3965 1853 4735">
    <p class='ocr_par' dir='ltr' id='par_1_21' title="bbox 270 3965 1853 4735">
     <span class='ocr_line' id='line_1_86' title="bbox 354 3965 1851 4040; baseline 0.001 -17"><span class='ocrx_word' id='word_1_708' title='bbox 354 3972 412 4023; x_wconf 83' lang='lat'>‘0</span> <span class='ocrx_word' id='word_1_709' title='bbox 460 3970 726 4040; x_wconf 82' lang='grc' dir='ltr'><strong>μακάριος</strong></span> <span class='ocrx_word' id='word_1_710' title='bbox 767 3968 869 4040; x_wconf 79' lang='grc' dir='ltr'><strong>ἔφη</strong></span> <span class='ocrx_word' id='word_1_711' title='bbox 894 3968 1102 4030; x_wconf 88' lang='grc' dir='ltr'><strong>Παῦλος</strong></span> <span class='ocrx_word' id='word_1_712' title='bbox 1145 3965 1275 4038; x_wconf 72' lang='grc' dir='ltr'><strong>περὶ</strong></span> <span class='ocrx_word' id='word_1_713' title='bbox 1319 3967 1415 4021; x_wconf 85' lang='grc' dir='ltr'>τοῦ</span> <span class='ocrx_word' id='word_1_714' title='bbox 1454 3968 1610 4023; x_wconf 87' lang='grc' dir='ltr'><strong>Υἱοῦ·</strong></span> <span class='ocrx_word' id='word_1_715' title='bbox 1642 3989 1661 4023; x_wconf 87' lang='grc' dir='ltr'>ι</span> <span class='ocrx_word' id='word_1_716' title='bbox 1704 3971 1763 4024; x_wconf 81' lang='grc' dir='ltr'>Ὀ</span> <span class='ocrx_word' id='word_1_717' title='bbox 1793 3971 1851 4025; x_wconf 77' lang='grc' dir='ltr'>δὲ</span> 
     </span>
     <span class='ocr_line' id='line_1_87' title="bbox 272 4036 1847 4110; baseline -0.001 -16"><span class='ocrx_word' id='word_1_718' title='bbox 272 4041 355 4094; x_wconf 73' lang='grc' dir='ltr'><strong>Κυ·</strong></span> <span class='ocrx_word' id='word_1_719' title='bbox 400 4057 474 4103; x_wconf 92' lang='grc' dir='ltr'>ιος</span> <span class='ocrx_word' id='word_1_720' title='bbox 495 4042 554 4093; x_wconf 87' lang='grc' dir='ltr'>τὸ</span> <span class='ocrx_word' id='word_1_721' title='bbox 576 4041 798 4110; x_wconf 77' lang='grc' dir='ltr'><strong>Πνεῦμα</strong></span> <span class='ocrx_word' id='word_1_722' title='bbox 832 4042 997 4092; x_wconf 92' lang='grc' dir='ltr'><strong>ἐστιν.</strong></span> <span class='ocrx_word' id='word_1_723' title='bbox 1048 4038 1224 4108; x_wconf 76' lang='grc' dir='ltr'><strong>»Ἔφη</strong></span> <span class='ocrx_word' id='word_1_724' title='bbox 1253 4036 1310 4089; x_wconf 85' lang='grc' dir='ltr'>δὲ</span> <span class='ocrx_word' id='word_1_725' title='bbox 1337 4039 1430 4092; x_wconf 77' lang='grc' dir='ltr'>καὶ</span> <span class='ocrx_word' id='word_1_726' title='bbox 1451 4039 1611 4103; x_wconf 81' lang='grc' dir='ltr'><strong>αὐτὸς</strong></span> <span class='ocrx_word' id='word_1_727' title='bbox 1636 4041 1664 4092; x_wconf 87' lang='grc' dir='ltr'><strong>ὀ</strong></span> <span class='ocrx_word' id='word_1_728' title='bbox 1687 4041 1809 4105; x_wconf 85' lang='grc' dir='ltr'><strong>Υἱός</strong></span> <span class='ocrx_word' id='word_1_729' title='bbox 1834 4059 1847 4072; x_wconf 93' lang='grc'><em>·</em></span> 
     </span>
     <span class='ocr_line' id='line_1_88' title="bbox 277 4057 1853 4180; baseline 0.001 -17"><span class='ocrx_word' id='word_1_730' title='bbox 277 4129 297 4163; x_wconf 88' lang='grc' dir='ltr'>ι</span> <span class='ocrx_word' id='word_1_731' title='bbox 364 4057 588 4178; x_wconf 56' lang='grc' dir='ltr'><strong>Πνεῦμα</strong></span> <span class='ocrx_word' id='word_1_732' title='bbox 638 4112 666 4164; x_wconf 87' lang='grc' dir='ltr'>ὁ</span> <span class='ocrx_word' id='word_1_733' title='bbox 710 4109 861 4172; x_wconf 84' lang='grc' dir='ltr'><strong>Θεός.</strong></span> <span class='ocrx_word' id='word_1_734' title='bbox 919 4126 937 4159; x_wconf 75' lang='grc' dir='ltr'>ι</span> <span class='ocrx_word' id='word_1_735' title='bbox 1000 4109 1127 4160; x_wconf 87' lang='grc' dir='ltr'>Ὅτε</span> <span class='ocrx_word' id='word_1_736' title='bbox 1171 4108 1353 4160; x_wconf 88' lang='grc' dir='ltr'><strong>τοίνυν</strong></span> <span class='ocrx_word' id='word_1_737' title='bbox 1406 4109 1468 4162; x_wconf 89' lang='grc' dir='ltr'>τὸ</span> <span class='ocrx_word' id='word_1_738' title='bbox 1508 4109 1735 4180; x_wconf 85' lang='grc' dir='ltr'><strong>Πνεῦμα</strong></span> <span class='ocrx_word' id='word_1_739' title='bbox 1793 4110 1853 4165; x_wconf 87' lang='grc' dir='ltr'>τὸ</span> 
     </span>
     <span class='ocr_line' id='line_1_89' title="bbox 272 4175 1852 4260; baseline 0.001 -27"><span class='ocrx_word' id='word_1_740' title='bbox 272 4178 430 4248; x_wconf 68' lang='grc' dir='ltr'><strong>ἅγιον</strong></span> <span class='ocrx_word' id='word_1_741' title='bbox 476 4181 606 4232; x_wconf 87' lang='grc' dir='ltr'><strong>ποτὲ</strong></span> <span class='ocrx_word' id='word_1_742' title='bbox 630 4180 739 4260; x_wconf 76' lang='grc' dir='ltr'>μὲν</span> <span class='ocrx_word' id='word_1_743' title='bbox 780 4178 1031 4248; x_wconf 84' lang='grc' dir='ltr'><strong>σημαίνει</strong></span> <span class='ocrx_word' id='word_1_744' title='bbox 1062 4177 1156 4231; x_wconf 88' lang='grc' dir='ltr'>τὸν</span> <span class='ocrx_word' id='word_1_745' title='bbox 1203 4175 1446 4250; x_wconf 82' lang='grc' dir='ltr'><strong>Πατέρα,</strong></span> <span class='ocrx_word' id='word_1_746' title='bbox 1493 4181 1624 4234; x_wconf 80' lang='grc' dir='ltr'><strong>ποτὲ</strong></span> <span class='ocrx_word' id='word_1_747' title='bbox 1669 4180 1722 4233; x_wconf 86' lang='grc' dir='ltr'>δὲ</span> <span class='ocrx_word' id='word_1_748' title='bbox 1759 4183 1852 4235; x_wconf 78' lang='grc' dir='ltr'>καὶ</span> 
     </span>
     <span class='ocr_line' id='line_1_90' title="bbox 272 4246 1853 4323; baseline 0 -21"><span class='ocrx_word' id='word_1_749' title='bbox 272 4251 362 4302; x_wconf 88' lang='grc' dir='ltr'>τὸν</span> <span class='ocrx_word' id='word_1_750' title='bbox 397 4248 544 4312; x_wconf 87' lang='grc' dir='ltr'><strong>Υἰὸν,</strong></span> <span class='ocrx_word' id='word_1_751' title='bbox 580 4267 696 4312; x_wconf 87' lang='grc' dir='ltr'>πως</span> <span class='ocrx_word' id='word_1_752' title='bbox 724 4250 823 4302; x_wconf 80' lang='grc' dir='ltr'>οῦκ</span> <span class='ocrx_word' id='word_1_753' title='bbox 853 4249 998 4301; x_wconf 77' lang='grc' dir='ltr'><strong>ἐστιν</strong></span> <span class='ocrx_word' id='word_1_754' title='bbox 1028 4246 1311 4318; x_wconf 82' lang='grc' dir='ltr'><strong>ὁμοούσιον</strong></span> <span class='ocrx_word' id='word_1_755' title='bbox 1349 4247 1566 4315; x_wconf 86' lang='grc' dir='ltr'><strong>αὐτοῖς;</strong></span> <span class='ocrx_word' id='word_1_756' title='bbox 1618 4250 1693 4303; x_wconf 84' lang='grc' dir='ltr'>Οὐ</span> <span class='ocrx_word' id='word_1_757' title='bbox 1741 4252 1853 4323; x_wconf 71' lang='grc' dir='ltr'><strong>γὰρ</strong></span> 
     </span>
     <span class='ocr_line' id='line_1_91' title="bbox 272 4315 1851 4390; baseline 0.002 -20"><span class='ocrx_word' id='word_1_758' title='bbox 272 4319 330 4371; x_wconf 91' lang='grc' dir='ltr'><strong>ἐν</strong></span> <span class='ocrx_word' id='word_1_759' title='bbox 364 4320 627 4389; x_wconf 80' lang='grc' dir='ltr'><strong>ποιήματι</strong></span> <span class='ocrx_word' id='word_1_760' title='bbox 667 4320 798 4382; x_wconf 88' lang='grc' dir='ltr'><strong>Θεὸς</strong></span> <span class='ocrx_word' id='word_1_761' title='bbox 830 4316 1270 4386; x_wconf 84' lang='grc' dir='ltr'><strong>ἐπιγινώσκεται,</strong></span> <span class='ocrx_word' id='word_1_762' title='bbox 1299 4315 1488 4390; x_wconf 86' lang='grc' dir='ltr'><strong>ῶσπερ</strong></span> <span class='ocrx_word' id='word_1_763' title='bbox 1517 4319 1639 4372; x_wconf 77' lang='grc' dir='ltr'><strong>οὐδὲ</strong></span> <span class='ocrx_word' id='word_1_764' title='bbox 1673 4322 1851 4385; x_wconf 89' lang='grc' dir='ltr'><strong>κτίσις</strong></span> 
     </span>
     <span class='ocr_line' id='line_1_92' title="bbox 272 4388 1838 4537; baseline -0.001 -26"><span class='ocrx_word' id='word_1_765' title='bbox 272 4405 330 4441; x_wconf 58' lang='grc' dir='ltr'>εν</span> <span class='ocrx_word' id='word_1_766' title='bbox 342 4405 520 4528; x_wconf 35' lang='grc' dir='ltr'><strong>ἕίδῗη</strong></span> <span class='ocrx_word' id='word_1_767' title='bbox 548 4388 891 4528; x_wconf 51' lang='grc' dir='ltr'><strong>ἓῖἓρῶτςοὲστι</strong></span> <span class='ocrx_word' id='word_1_768' title='bbox 919 4455 1052 4510; x_wconf 84' lang='grc' dir='ltr'><strong>Θεοῦ</strong></span> <span class='ocrx_word' id='word_1_769' title='bbox 1097 4456 1408 4525; x_wconf 84' lang='grc' dir='ltr'><strong>μετασχεῖν,</strong></span> <span class='ocrx_word' id='word_1_770' title='bbox 1439 4455 1591 4536; x_wconf 50' lang='grc' dir='ltr'><strong>εί·μὴ</strong></span> <span class='ocrx_word' id='word_1_771' title='bbox 1619 4459 1706 4537; x_wconf 76' lang='grc' dir='ltr'>διὰ</span> <span class='ocrx_word' id='word_1_772' title='bbox 1747 4459 1838 4510; x_wconf 85' lang='grc' dir='ltr'>τοῦ</span> 
     </span>
     <span class='ocr_line' id='line_1_93' title="bbox 271 4525 1842 4603; baseline -0.003 -21"><span class='ocrx_word' id='word_1_773' title='bbox 271 4529 427 4597; x_wconf 79' lang='grc' dir='ltr'><strong>ἁγίου</strong></span> <span class='ocrx_word' id='word_1_774' title='bbox 462 4527 795 4597; x_wconf 79' lang='grc' dir='ltr'><strong>Πνεῦματος,</strong></span> <span class='ocrx_word' id='word_1_775' title='bbox 838 4527 956 4590; x_wconf 88' lang='grc' dir='ltr'>πῶς</span> <span class='ocrx_word' id='word_1_776' title='bbox 998 4528 1062 4577; x_wconf 88' lang='grc' dir='ltr'><strong>ἂν</strong></span> <span class='ocrx_word' id='word_1_777' title='bbox 1109 4525 1214 4590; x_wconf 80' lang='grc' dir='ltr'>ἐξω</span> <span class='ocrx_word' id='word_1_778' title='bbox 1256 4528 1437 4603; x_wconf 60' lang='grc' dir='ltr'><strong>νοοῖτο</strong></span> <span class='ocrx_word' id='word_1_779' title='bbox 1454 4541 1554 4594; x_wconf 90' lang='grc' dir='ltr'>της</span> <span class='ocrx_word' id='word_1_780' title='bbox 1591 4525 1842 4597; x_wconf 82' lang='grc' dir='ltr'><strong>θεότητος</strong></span> 
     </span>
     <span class='ocr_line' id='line_1_94' title="bbox 270 4590 1840 4667; baseline -0.001 -17"><span class='ocrx_word' id='word_1_781' title='bbox 270 4598 331 4650; x_wconf 87' lang='grc' dir='ltr'>τὸ</span> <span class='ocrx_word' id='word_1_782' title='bbox 366 4597 500 4650; x_wconf 84' lang='grc' dir='ltr'><strong>Θεοῦ</strong></span> <span class='ocrx_word' id='word_1_783' title='bbox 539 4599 795 4667; x_wconf 80' lang='grc' dir='ltr'><strong>μετόχους</strong></span> <span class='ocrx_word' id='word_1_784' title='bbox 822 4597 1115 4650; x_wconf 79' lang='grc' dir='ltr'><strong>ἀποτελοῦν</strong></span> <span class='ocrx_word' id='word_1_785' title='bbox 1147 4595 1215 4648; x_wconf 83' lang='grc' dir='ltr'>δι’</span> <span class='ocrx_word' id='word_1_786' title='bbox 1246 4593 1439 4646; x_wconf 85' lang='grc' dir='ltr'><strong>ἐαυτου</strong></span> <span class='ocrx_word' id='word_1_787' title='bbox 1487 4595 1613 4658; x_wconf 79' lang='grc' dir='ltr'><strong>τοὺς</strong></span> <span class='ocrx_word' id='word_1_788' title='bbox 1657 4596 1716 4648; x_wconf 85' lang='grc' dir='ltr'><strong>ὲν</strong></span> <span class='ocrx_word' id='word_1_789' title='bbox 1758 4590 1840 4659; x_wconf 71' lang='grc' dir='ltr'>οἷς</span> 
     </span>
     <span class='ocr_line' id='line_1_95' title="bbox 272 4668 611 4735; baseline -0.003 -14"><span class='ocrx_word' id='word_1_790' title='bbox 272 4668 338 4722; x_wconf 77' lang='grc' dir='ltr'><strong>ἂν</strong></span> <span class='ocrx_word' id='word_1_791' title='bbox 367 4668 572 4735; x_wconf 86' lang='grc' dir='ltr'><strong>γένοιτο</strong></span> <span class='ocrx_word' id='word_1_792' title='bbox 596 4684 611 4733; x_wconf 92' lang='grc'><strong>;</strong></span> 
     </span>
    </p>
   </div>
   <div class='ocr_carea' id='block_1_17' title="bbox 263 4754 1850 5530">
    <p class='ocr_par' dir='ltr' id='par_1_22' title="bbox 263 4754 1850 5530">
     <span class='ocr_line' id='line_1_96' title="bbox 354 4754 1832 4830; baseline -0.004 -17"><span class='ocrx_word' id='word_1_793' title='bbox 354 4759 623 4830; x_wconf 81' lang='grc' dir='ltr'><strong>Ἰσουργὸν</strong></span> <span class='ocrx_word' id='word_1_794' title='bbox 655 4759 749 4812; x_wconf 69' lang='grc' dir='ltr'>καὶ</span> <span class='ocrx_word' id='word_1_795' title='bbox 787 4756 1030 4827; x_wconf 83' lang='grc' dir='ltr'><strong>ίσοσθενῆ</strong></span> <span class='ocrx_word' id='word_1_796' title='bbox 1059 4755 1135 4826; x_wconf 84' lang='grc' dir='ltr'>τῷ</span> <span class='ocrx_word' id='word_1_797' title='bbox 1161 4754 1280 4826; x_wconf 82' lang='grc' dir='ltr'>Θεῷ</span> <span class='ocrx_word' id='word_1_798' title='bbox 1306 4755 1406 4826; x_wconf 81' lang='grc' dir='ltr'>τὴν</span> <span class='ocrx_word' id='word_1_799' title='bbox 1435 4755 1609 4809; x_wconf 87' lang='grc' dir='ltr'><strong>κτίσιν</strong></span> <span class='ocrx_word' id='word_1_800' title='bbox 1639 4756 1832 4818; x_wconf 85' lang='grc' dir='ltr'><strong>εἰπεῖν,</strong></span> 
     </span>
     <span class='ocr_line' id='line_1_97' title="bbox 269 4825 1836 4917; baseline -0.002 -37"><span class='ocrx_word' id='word_1_801' title='bbox 269 4830 387 4898; x_wconf 70' lang='grc' dir='ltr'><strong>ἦτοι</strong></span> <span class='ocrx_word' id='word_1_802' title='bbox 413 4829 519 4881; x_wconf 88' lang='grc' dir='ltr'>τῶν</span> <span class='ocrx_word' id='word_1_803' title='bbox 553 4829 932 4917; x_wconf 76' lang='grc' dir='ltr'><strong>πεποιημένων</strong></span> <span class='ocrx_word' id='word_1_804' title='bbox 966 4826 1043 4888; x_wconf 81' lang='grc' dir='ltr'>ἓν,</span> <span class='ocrx_word' id='word_1_805' title='bbox 1076 4825 1388 4888; x_wconf 80' lang='grc' dir='ltr'><strong>δυσσεὸείας</strong></span> <span class='ocrx_word' id='word_1_806' title='bbox 1418 4825 1690 4891; x_wconf 80' lang='grc' dir='ltr'><strong>ἀπόδειξιν</strong></span> <span class='ocrx_word' id='word_1_807' title='bbox 1723 4826 1836 4895; x_wconf 78' lang='grc' dir='ltr'><strong>ἔχει</strong></span> 
     </span>
     <span class='ocr_line' id='line_1_98' title="bbox 267 4894 1844 4968; baseline -0.004 -16"><span class='ocrx_word' id='word_1_808' title='bbox 267 4902 368 4968; x_wconf 75' lang='grc' dir='ltr'>τὴν</span> <span class='ocrx_word' id='word_1_809' title='bbox 411 4899 689 4953; x_wconf 87' lang='grc' dir='ltr'><strong>ἀνωτάτω.</strong></span> <span class='ocrx_word' id='word_1_810' title='bbox 750 4897 952 4968; x_wconf 75' lang='grc' dir='ltr'><strong>Επειδὴ</strong></span> <span class='ocrx_word' id='word_1_811' title='bbox 997 4896 1053 4948; x_wconf 80' lang='grc' dir='ltr'>δὲ</span> <span class='ocrx_word' id='word_1_812' title='bbox 1091 4895 1153 4946; x_wconf 90' lang='grc' dir='ltr'>τὸ</span> <span class='ocrx_word' id='word_1_813' title='bbox 1196 4894 1418 4965; x_wconf 89' lang='grc' dir='ltr'><strong>Πνεῦμα</strong></span> <span class='ocrx_word' id='word_1_814' title='bbox 1457 4894 1519 4946; x_wconf 89' lang='grc' dir='ltr'>τὸ</span> <span class='ocrx_word' id='word_1_815' title='bbox 1564 4895 1716 4963; x_wconf 75' lang='grc' dir='ltr'><strong>ἅγιον</strong></span> <span class='ocrx_word' id='word_1_816' title='bbox 1746 4898 1844 4964; x_wconf 79' lang='grc' dir='ltr'>τὴν</span> 
     </span>
     <span class='ocr_line' id='line_1_99' title="bbox 267 4964 1844 5038; baseline -0.003 -17"><span class='ocrx_word' id='word_1_817' title='bbox 267 4970 440 5038; x_wconf 71' lang='grc' dir='ltr'><strong>αὐτὴν</strong></span> <span class='ocrx_word' id='word_1_818' title='bbox 477 4969 756 5038; x_wconf 74' lang='grc' dir='ltr'><strong>ἐνέργειαν</strong></span> <span class='ocrx_word' id='word_1_819' title='bbox 787 4967 901 5037; x_wconf 73' lang='grc' dir='ltr'><strong>ἔχει</strong></span> <span class='ocrx_word' id='word_1_820' title='bbox 943 4965 1118 5035; x_wconf 79' lang='grc' dir='ltr'><strong>Πατρὶ</strong></span> <span class='ocrx_word' id='word_1_821' title='bbox 1160 4967 1254 5018; x_wconf 76' lang='grc' dir='ltr'>καὶ</span> <span class='ocrx_word' id='word_1_822' title='bbox 1285 4965 1417 5036; x_wconf 82' lang='grc' dir='ltr'><strong>Υίῷ,</strong></span> <span class='ocrx_word' id='word_1_823' title='bbox 1452 4964 1718 5033; x_wconf 76' lang='grc' dir='ltr'><strong>πρόδηλον</strong></span> <span class='ocrx_word' id='word_1_824' title='bbox 1762 4965 1844 5017; x_wconf 84' lang='grc' dir='ltr'>ὅτι</span> 
     </span>
     <span class='ocr_line' id='line_1_100' title="bbox 267 5034 1850 5104; baseline -0.004 -12"><span class='ocrx_word' id='word_1_825' title='bbox 267 5038 400 5100; x_wconf 81' lang='grc' dir='ltr'><strong>Θεὸς</strong></span> <span class='ocrx_word' id='word_1_826' title='bbox 431 5038 525 5092; x_wconf 69' lang='grc' dir='ltr'>καὶ</span> <span class='ocrx_word' id='word_1_827' title='bbox 557 5040 622 5091; x_wconf 84' lang='grc' dir='ltr'><strong>ἐκ</strong></span> <span class='ocrx_word' id='word_1_828' title='bbox 654 5036 789 5090; x_wconf 89' lang='grc' dir='ltr'><strong>Θεοῦ</strong></span> <span class='ocrx_word' id='word_1_829' title='bbox 821 5035 962 5091; x_wconf 81' lang='grc' dir='ltr'><strong>κατὰ</strong></span> <span class='ocrx_word' id='word_1_830' title='bbox 999 5035 1162 5104; x_wconf 86' lang='grc' dir='ltr'><strong>φύσιν</strong></span> <span class='ocrx_word' id='word_1_831' title='bbox 1178 5034 1356 5099; x_wconf 73' lang='grc' dir='ltr'><strong>ἐστὶν,</strong></span> <span class='ocrx_word' id='word_1_832' title='bbox 1384 5035 1460 5096; x_wconf 84' lang='grc' dir='ltr'>ὡς</span> <span class='ocrx_word' id='word_1_833' title='bbox 1485 5036 1724 5103; x_wconf 80' lang='grc' dir='ltr'><strong>ἐνεργεῖν</strong></span> <span class='ocrx_word' id='word_1_834' title='bbox 1759 5034 1850 5086; x_wconf 78' lang='grc' dir='ltr'><strong>δυ-</strong></span> 
     </span>
     <span class='ocr_line' id='line_1_101' title="bbox 268 5104 1850 5176; baseline -0.003 -15"><span class='ocrx_word' id='word_1_835' title='bbox 268 5109 502 5176; x_wconf 87' lang='grc' dir='ltr'><strong>νάμενον</strong></span> <span class='ocrx_word' id='word_1_836' title='bbox 552 5109 618 5160; x_wconf 83' lang='grc' dir='ltr'>τὰ</span> <span class='ocrx_word' id='word_1_837' title='bbox 666 5107 824 5161; x_wconf 81' lang='grc' dir='ltr'><strong>Θεοῦ.</strong></span> <span class='ocrx_word' id='word_1_838' title='bbox 868 5104 1163 5168; x_wconf 79' lang='grc' dir='ltr'><strong>Ἀπόδειξις</strong></span> <span class='ocrx_word' id='word_1_839' title='bbox 1203 5105 1262 5158; x_wconf 83' lang='grc' dir='ltr'>δὲ</span> <span class='ocrx_word' id='word_1_840' title='bbox 1302 5104 1412 5158; x_wconf 88' lang='grc' dir='ltr'>τῶν</span> <span class='ocrx_word' id='word_1_841' title='bbox 1448 5104 1751 5176; x_wconf 73' lang='grc' dir='ltr'><strong>εἰρημένων</strong></span> <span class='ocrx_word' id='word_1_842' title='bbox 1789 5104 1850 5157; x_wconf 87' lang='grc' dir='ltr'>τὸ</span> 
     </span>
     <span class='ocr_line' id='line_1_102' title="bbox 265 5174 1846 5298; baseline -0.003 -67"><span class='ocrx_word' id='word_1_843' title='bbox 265 5178 354 5232; x_wconf 79' lang='grc' dir='ltr'>διὰ</span> <span class='ocrx_word' id='word_1_844' title='bbox 384 5180 482 5247; x_wconf 80' lang='grc' dir='ltr'>τῆς</span> <span class='ocrx_word' id='word_1_845' title='bbox 503 5179 594 5230; x_wconf 83' lang='grc' dir='ltr'>τοῦ</span> <span class='ocrx_word' id='word_1_846' title='bbox 621 5177 832 5230; x_wconf 83' lang='grc' dir='ltr'><strong>Παύλου</strong></span> <span class='ocrx_word' id='word_1_847' title='bbox 861 5179 1042 5246; x_wconf 79' lang='grc' dir='ltr'><strong>φωνῆς</strong></span> <span class='ocrx_word' id='word_1_848' title='bbox 1066 5175 1254 5244; x_wconf 85' lang='grc' dir='ltr'><strong>σαφῶς</strong></span> <span class='ocrx_word' id='word_1_849' title='bbox 1285 5174 1605 5298; x_wconf 58' lang='grc' dir='ltr'><strong>εἰρημένον·</strong></span> <span class='ocrx_word' id='word_1_850' title='bbox 1639 5192 1658 5225; x_wconf 89' lang='grc' dir='ltr'>ι</span> <span class='ocrx_word' id='word_1_851' title='bbox 1696 5178 1846 5253; x_wconf 39' lang='lat' dir='ltr'>ritat-</span> 
     </span>
     <span class='ocr_line' id='line_1_103' title="bbox 270 5242 1842 5319; baseline -0.002 -19"><span class='ocrx_word' id='word_1_852' title='bbox 270 5250 449 5319; x_wconf 86' lang='grc' dir='ltr'><strong>ρέσεις</strong></span> <span class='ocrx_word' id='word_1_853' title='bbox 495 5247 550 5300; x_wconf 82' lang='grc' dir='ltr'>δὲ</span> <span class='ocrx_word' id='word_1_854' title='bbox 601 5247 954 5317; x_wconf 80' lang='grc' dir='ltr'><strong>χαρισμάτων</strong></span> <span class='ocrx_word' id='word_1_855' title='bbox 1000 5246 1127 5307; x_wconf 75' lang='lat' dir='ltr'>etot,</span> <span class='ocrx_word' id='word_1_856' title='bbox 1169 5246 1260 5298; x_wconf 77' lang='grc' dir='ltr'>καὶ</span> <span class='ocrx_word' id='word_1_857' title='bbox 1308 5261 1338 5297; x_wconf 85' lang='grc' dir='ltr'>τ</span> <span class='ocrx_word' id='word_1_858' title='bbox 1417 5245 1549 5297; x_wconf 84' lang='grc' dir='ltr'><strong>αὐτὸ</strong></span> <span class='ocrx_word' id='word_1_859' title='bbox 1587 5242 1842 5314; x_wconf 79' lang='grc' dir='ltr'><strong>Πνεῦμα·</strong></span> 
     </span>
     <span class='ocr_line' id='line_1_104' title="bbox 267 5312 1844 5388; baseline -0.004 -16"><span class='ocrx_word' id='word_1_860' title='bbox 267 5321 362 5372; x_wconf 80' lang='grc' dir='ltr'>καὶ</span> <span class='ocrx_word' id='word_1_861' title='bbox 393 5318 686 5388; x_wconf 71' lang='grc' dir='ltr'><strong>διαιρέσεις</strong></span> <span class='ocrx_word' id='word_1_862' title='bbox 723 5315 1007 5369; x_wconf 81' lang='grc' dir='ltr'><strong>διακονιῶν</strong></span> <span class='ocrx_word' id='word_1_863' title='bbox 1040 5316 1167 5379; x_wconf 88' lang='grc' dir='ltr'><strong>είσι,</strong></span> <span class='ocrx_word' id='word_1_864' title='bbox 1201 5315 1295 5369; x_wconf 77' lang='grc' dir='ltr'>καὶ</span> <span class='ocrx_word' id='word_1_865' title='bbox 1338 5315 1368 5367; x_wconf 82' lang='grc' dir='ltr'><strong>ὁ</strong></span> <span class='ocrx_word' id='word_1_866' title='bbox 1402 5313 1563 5378; x_wconf 82' lang='grc' dir='ltr'><strong>αὐτὸς</strong></span> <span class='ocrx_word' id='word_1_867' title='bbox 1605 5312 1805 5384; x_wconf 75' lang='grc' dir='ltr'><strong>Κύριος</strong></span> <span class='ocrx_word' id='word_1_868' title='bbox 1830 5330 1844 5344; x_wconf 91' lang='grc'><em>·</em></span> 
     </span>
     <span class='ocr_line' id='line_1_105' title="bbox 265 5381 1845 5463; baseline -0.003 -22"><span class='ocrx_word' id='word_1_869' title='bbox 265 5389 361 5441; x_wconf 80' lang='grc' dir='ltr'>καὶ</span> <span class='ocrx_word' id='word_1_870' title='bbox 392 5389 684 5458; x_wconf 81' lang='grc' dir='ltr'><strong>διαιρέσεις</strong></span> <span class='ocrx_word' id='word_1_871' title='bbox 724 5386 1112 5455; x_wconf 81' lang='grc' dir='ltr'><strong>ἐνεργημάτων</strong></span> <span class='ocrx_word' id='word_1_872' title='bbox 1151 5385 1307 5449; x_wconf 76' lang='grc' dir='ltr'><strong>εἰσὶν,</strong></span> <span class='ocrx_word' id='word_1_873' title='bbox 1341 5386 1370 5437; x_wconf 84' lang='grc' dir='ltr'>ὁ</span> <span class='ocrx_word' id='word_1_874' title='bbox 1400 5381 1662 5463; x_wconf 47' lang='grc' dir='ltr'><strong>δίε-αὐτὸς</strong></span> <span class='ocrx_word' id='word_1_875' title='bbox 1693 5388 1845 5462; x_wconf 66' lang='grc' dir='ltr'><strong>Θεὸςὲ</strong></span> 
     </span>
     <span class='ocr_line' id='line_1_106' title="bbox 263 5453 1843 5530; baseline -0.005 -18"><span class='ocrx_word' id='word_1_876' title='bbox 263 5459 553 5530; x_wconf 78' lang='grc' dir='ltr'><strong>όένεργῶν</strong></span> <span class='ocrx_word' id='word_1_877' title='bbox 586 5458 654 5510; x_wconf 81' lang='grc' dir='ltr'>τὰ</span> <span class='ocrx_word' id='word_1_878' title='bbox 688 5459 865 5510; x_wconf 71' lang='grc' dir='ltr'><strong>πάντα</strong></span> <span class='ocrx_word' id='word_1_879' title='bbox 900 5458 956 5508; x_wconf 81' lang='grc' dir='ltr'><strong>ἐν</strong></span> <span class='ocrx_word' id='word_1_880' title='bbox 980 5458 1133 5506; x_wconf 83' lang='grc' dir='ltr'><strong>πᾶσι.</strong></span> <span class='ocrx_word' id='word_1_881' title='bbox 1164 5475 1184 5505; x_wconf 77' lang='grc' dir='ltr'>ι</span> <span class='ocrx_word' id='word_1_882' title='bbox 1225 5455 1622 5518; x_wconf 82' lang='grc' dir='ltr'><strong>Ζωοποιουντος</strong></span> <span class='ocrx_word' id='word_1_883' title='bbox 1659 5453 1715 5508; x_wconf 82' lang='grc' dir='ltr'>δὲ</span> <span class='ocrx_word' id='word_1_884' title='bbox 1750 5470 1843 5505; x_wconf 90' lang='grc' dir='ltr'>του</span> 
     </span>
    </p>
   </div>
   <div class='ocr_carea' id='block_1_18' title="bbox 1950 3191 3523 4388">
    <p class='ocr_par' dir='ltr' id='par_1_23' title="bbox 1950 3191 3523 3944">
     <span class='ocr_line' id='line_1_107' title="bbox 2023 3191 3521 3275; baseline 0.01 -27"><span class='ocrx_word' id='word_1_885' title='bbox 2023 3191 2308 3263; x_wconf 78' lang='lat' dir='ltr'>Sapientes</span> <span class='ocrx_word' id='word_1_886' title='bbox 2337 3210 2434 3250; x_wconf 87' lang='lat' dir='ltr'>uos</span> <span class='ocrx_word' id='word_1_887' title='bbox 2471 3195 2665 3260; x_wconf 83' lang='lat' dir='ltr'>reddit,</span> <span class='ocrx_word' id='word_1_888' title='bbox 2687 3196 2930 3265; x_wconf 87' lang='lat' dir='ltr'>adeoque</span> <span class='ocrx_word' id='word_1_889' title='bbox 2951 3205 3200 3267; x_wconf 88' lang='lat' dir='ltr'>potentes</span> <span class='ocrx_word' id='word_1_890' title='bbox 3223 3202 3386 3259; x_wconf 88' lang='lat' dir='ltr'>etiam</span> <span class='ocrx_word' id='word_1_891' title='bbox 3424 3220 3521 3275; x_wconf 89' lang='lat' dir='ltr'>per</span> 
     </span>
     <span class='ocr_line' id='line_1_108' title="bbox 1950 3263 3523 3335; baseline 0.009 -17"><span class='ocrx_word' id='word_1_892' title='bbox 1950 3263 2148 3319; x_wconf 82' lang='lat' dir='ltr'>Filium</span> <span class='ocrx_word' id='word_1_893' title='bbox 2197 3265 2251 3318; x_wconf 91' lang='lat' dir='ltr'>in</span> <span class='ocrx_word' id='word_1_894' title='bbox 2284 3275 2473 3320; x_wconf 85' lang='lat' dir='ltr'>sancto</span> <span class='ocrx_word' id='word_1_895' title='bbox 2500 3265 2727 3334; x_wconf 88' lang='lat' dir='ltr'>Spiritu.</span> <span class='ocrx_word' id='word_1_896' title='bbox 2766 3267 3003 3335; x_wconf 84' lang='lat' dir='ltr'>Spiritus</span> <span class='ocrx_word' id='word_1_897' title='bbox 3042 3270 3187 3323; x_wconf 89' lang='lat' dir='ltr'>enim</span> <span class='ocrx_word' id='word_1_898' title='bbox 3222 3273 3401 3329; x_wconf 88' lang='lat' dir='ltr'>dictus</span> <span class='ocrx_word' id='word_1_899' title='bbox 3433 3288 3523 3332; x_wconf 90' lang='lat' dir='ltr'>est</span> 
     </span>
     <span class='ocr_line' id='line_1_109' title="bbox 1952 3333 3521 3406; baseline 0.008 -18"><span class='ocrx_word' id='word_1_900' title='bbox 1952 3335 2233 3400; x_wconf 76' lang='lat' dir='ltr'>sapientiae</span> <span class='ocrx_word' id='word_1_901' title='bbox 2265 3348 2330 3388; x_wconf 88' lang='lat' dir='ltr'>ac</span> <span class='ocrx_word' id='word_1_902' title='bbox 2382 3335 2623 3389; x_wconf 71' lang='lat' dir='ltr'>virtutis.</span> <span class='ocrx_word' id='word_1_903' title='bbox 2670 3333 2791 3390; x_wconf 81' lang='lat' dir='ltr'>Jam</span> <span class='ocrx_word' id='word_1_904' title='bbox 2825 3350 2952 3391; x_wconf 75' lang='lat' dir='ltr'>vero</span> <span class='ocrx_word' id='word_1_905' title='bbox 2990 3341 3265 3406; x_wconf 85' lang='lat' dir='ltr'>quomodo</span> <span class='ocrx_word' id='word_1_906' title='bbox 3301 3357 3521 3401; x_wconf 81' lang='lat' dir='ltr'>creatus</span> 
     </span>
     <span class='ocr_line' id='line_1_110' title="bbox 1953 3401 3521 3477; baseline 0.009 -22"><span class='ocrx_word' id='word_1_907' title='bbox 1953 3403 2056 3455; x_wconf 89' lang='lat' dir='ltr'>erit</span> <span class='ocrx_word' id='word_1_908' title='bbox 2085 3402 2366 3469; x_wconf 81' lang='lat' dir='ltr'>Spiritus?</span> <span class='ocrx_word' id='word_1_909' title='bbox 2400 3401 2534 3456; x_wconf 78' lang='lat' dir='ltr'>Natu</span> <span class='ocrx_word' id='word_1_910' title='bbox 2569 3406 2615 3459; x_wconf 88' lang='lat' dir='ltr'>si</span> <span class='ocrx_word' id='word_1_911' title='bbox 2651 3405 2752 3461; x_wconf 81' lang='lat' dir='ltr'>hoc</span> <span class='ocrx_word' id='word_1_912' title='bbox 2794 3421 2980 3460; x_wconf 78' lang='lat' dir='ltr'>verunt</span> <span class='ocrx_word' id='word_1_913' title='bbox 3018 3417 3120 3471; x_wconf 88' lang='lat' dir='ltr'>est,</span> <span class='ocrx_word' id='word_1_914' title='bbox 3153 3411 3308 3477; x_wconf 80' lang='lat' dir='ltr'>nihil,</span> <span class='ocrx_word' id='word_1_915' title='bbox 3358 3423 3415 3468; x_wconf 86' lang='grc' dir='ltr'>ιιι</span> <span class='ocrx_word' id='word_1_916' title='bbox 3440 3416 3521 3469; x_wconf 84' lang='lat' dir='ltr'>vi·</span> 
     </span>
     <span class='ocr_line' id='line_1_111' title="bbox 1953 3472 3520 3550; baseline 0.007 -27"><span class='ocrx_word' id='word_1_917' title='bbox 1953 3472 2128 3533; x_wconf 85' lang='lat' dir='ltr'>detur,</span> <span class='ocrx_word' id='word_1_918' title='bbox 2191 3472 2446 3540; x_wconf 78' lang='lat' dir='ltr'>impediet</span> <span class='ocrx_word' id='word_1_919' title='bbox 2486 3476 2777 3543; x_wconf 80' lang='lat' dir='ltr'>quominus</span> <span class='ocrx_word' id='word_1_920' title='bbox 2820 3475 3185 3546; x_wconf 75' lang='lat' dir='ltr'>intelligamus</span> <span class='ocrx_word' id='word_1_921' title='bbox 3219 3482 3520 3550; x_wconf 75' lang='lat' dir='ltr'>sapientem</span> 
     </span>
     <span class='ocr_line' id='line_1_112' title="bbox 1954 3540 3522 3608; baseline 0.011 -18"><span class='ocrx_word' id='word_1_922' title='bbox 1954 3552 2016 3591; x_wconf 86' lang='lat' dir='ltr'>ac</span> <span class='ocrx_word' id='word_1_923' title='bbox 2037 3548 2308 3607; x_wconf 84' lang='lat' dir='ltr'>pon-ntem</span> <span class='ocrx_word' id='word_1_924' title='bbox 2343 3540 2396 3595; x_wconf 90' lang='lat' dir='ltr'>iu</span> <span class='ocrx_word' id='word_1_925' title='bbox 2425 3553 2669 3598; x_wconf 75' lang='lat' dir='ltr'>creatura</span> <span class='ocrx_word' id='word_1_926' title='bbox 2709 3560 2830 3600; x_wconf 84' lang='lat' dir='ltr'>esse</span> <span class='ocrx_word' id='word_1_927' title='bbox 2860 3545 3047 3608; x_wconf 89' lang='lat' dir='ltr'>Deum,</span> <span class='ocrx_word' id='word_1_928' title='bbox 3078 3557 3135 3601; x_wconf 86' lang='lat' dir='ltr'>et</span> <span class='ocrx_word' id='word_1_929' title='bbox 3158 3564 3398 3606; x_wconf 88' lang='lat' dir='ltr'>creatam</span> <span class='ocrx_word' id='word_1_930' title='bbox 3427 3554 3522 3608; x_wconf 80' lang='lat' dir='ltr'>lia·</span> 
     </span>
     <span class='ocr_line' id='line_1_113' title="bbox 1952 3606 3518 3691; baseline 0.011 -31"><span class='ocrx_word' id='word_1_931' title='bbox 1952 3606 2083 3663; x_wconf 79' lang='lat' dir='ltr'>here</span> <span class='ocrx_word' id='word_1_932' title='bbox 2103 3623 2256 3663; x_wconf 82' lang='lat' dir='ltr'>sunm</span> <span class='ocrx_word' id='word_1_933' title='bbox 2278 3610 2615 3679; x_wconf 83' lang='lat' dir='ltr'>sapientiam.</span> <span class='ocrx_word' id='word_1_934' title='bbox 2646 3612 2815 3669; x_wconf 84' lang='lat' dir='ltr'>Ornat</span> <span class='ocrx_word' id='word_1_935' title='bbox 2851 3615 3013 3681; x_wconf 79' lang='lat' dir='ltr'>igitur</span> <span class='ocrx_word' id='word_1_936' title='bbox 3041 3615 3214 3682; x_wconf 88' lang='lat' dir='ltr'>ipsum</span> <span class='ocrx_word' id='word_1_937' title='bbox 3242 3631 3518 3691; x_wconf 82' lang='lat' dir='ltr'>creatura,</span> 
     </span>
     <span class='ocr_line' id='line_1_114' title="bbox 1953 3679 3517 3759; baseline 0.011 -29"><span class='ocrx_word' id='word_1_938' title='bbox 1953 3693 2060 3732; x_wconf 89' lang='lat' dir='ltr'>nou</span> <span class='ocrx_word' id='word_1_939' title='bbox 2096 3679 2209 3748; x_wconf 78' lang='lat' dir='ltr'>ipse</span> <span class='ocrx_word' id='word_1_940' title='bbox 2229 3691 2558 3737; x_wconf 73' lang='lat' dir='ltr'>creaturam.</span> <span class='ocrx_word' id='word_1_941' title='bbox 2607 3683 2767 3753; x_wconf 82' lang='lat' dir='ltr'>Atqui</span> <span class='ocrx_word' id='word_1_942' title='bbox 2805 3687 2909 3740; x_wconf 85' lang='lat' dir='ltr'>ltoc</span> <span class='ocrx_word' id='word_1_943' title='bbox 2951 3684 3131 3741; x_wconf 83' lang='lat' dir='ltr'>dicere</span> <span class='ocrx_word' id='word_1_944' title='bbox 3176 3705 3241 3744; x_wconf 89' lang='lat' dir='ltr'>ac</span> <span class='ocrx_word' id='word_1_945' title='bbox 3286 3694 3517 3759; x_wconf 81' lang='lat' dir='ltr'>sentire,</span> 
     </span>
     <span class='ocr_line' id='line_1_115' title="bbox 1950 3749 3520 3823; baseline 0.01 -22"><span class='ocrx_word' id='word_1_946' title='bbox 1950 3756 2034 3802; x_wconf 87' lang='lat' dir='ltr'>est</span> <span class='ocrx_word' id='word_1_947' title='bbox 2073 3749 2316 3818; x_wconf 84' lang='lat' dir='ltr'>impium.</span> <span class='ocrx_word' id='word_1_948' title='bbox 2353 3751 2494 3806; x_wconf 87' lang='lat' dir='ltr'>Deus</span> <span class='ocrx_word' id='word_1_949' title='bbox 2538 3752 2698 3822; x_wconf 77' lang='lat' dir='ltr'>igitur</span> <span class='ocrx_word' id='word_1_950' title='bbox 2746 3766 2851 3823; x_wconf 88' lang='lat' dir='ltr'>cst,</span> <span class='ocrx_word' id='word_1_951' title='bbox 2878 3762 3023 3807; x_wconf 80' lang='lat' dir='ltr'>etex</span> <span class='ocrx_word' id='word_1_952' title='bbox 3051 3752 3164 3812; x_wconf 88' lang='lat' dir='ltr'>Deo</span> <span class='ocrx_word' id='word_1_953' title='bbox 3217 3763 3520 3818; x_wconf 86' lang='lat' dir='ltr'>secuudum</span> 
     </span>
     <span class='ocr_line' id='line_1_116' title="bbox 1953 3819 3519 3899; baseline 0.013 -30"><span class='ocrx_word' id='word_1_954' title='bbox 1953 3827 2203 3873; x_wconf 88' lang='lat' dir='ltr'>naturam</span> <span class='ocrx_word' id='word_1_955' title='bbox 2236 3819 2493 3888; x_wconf 85' lang='lat' dir='ltr'>Spiritus,</span> <span class='ocrx_word' id='word_1_956' title='bbox 2526 3837 2622 3892; x_wconf 87' lang='lat' dir='ltr'>per</span> <span class='ocrx_word' id='word_1_957' title='bbox 2648 3839 2805 3893; x_wconf 87' lang='lat' dir='ltr'>quem</span> <span class='ocrx_word' id='word_1_958' title='bbox 2867 3833 3175 3883; x_wconf 78' lang='lat' dir='ltr'>creaturam</span> <span class='ocrx_word' id='word_1_959' title='bbox 3219 3831 3519 3899; x_wconf 70' lang='lat' dir='ltr'>sapientem</span> 
     </span>
     <span class='ocr_line' id='line_1_117' title="bbox 1952 3889 2468 3944; baseline 0.004 -3"><span class='ocrx_word' id='word_1_960' title='bbox 1952 3889 2128 3941; x_wconf 84' lang='lat' dir='ltr'>reddit</span> <span class='ocrx_word' id='word_1_961' title='bbox 2177 3903 2242 3942; x_wconf 89' lang='lat' dir='ltr'>ac</span> <span class='ocrx_word' id='word_1_962' title='bbox 2269 3892 2468 3944; x_wconf 80' lang='lat' dir='ltr'>lit-mat.</span> 
     </span>
    </p>

    <p class='ocr_par' dir='ltr' id='par_1_24' title="bbox 1951 3957 3522 4388">
     <span class='ocr_line' id='line_1_118' title="bbox 2021 3957 3518 4027; baseline 0.013 -18"><span class='ocrx_word' id='word_1_963' title='bbox 2021 3957 2217 4011; x_wconf 79' lang='lat' dir='ltr'>Beatus</span> <span class='ocrx_word' id='word_1_964' title='bbox 2260 3959 2460 4014; x_wconf 79' lang='lat' dir='ltr'>Paulus</span> <span class='ocrx_word' id='word_1_965' title='bbox 2501 3962 2638 4018; x_wconf 80' lang='lat' dir='ltr'>dixit</span> <span class='ocrx_word' id='word_1_966' title='bbox 2672 3962 2739 4019; x_wconf 89' lang='lat' dir='ltr'>de</span> <span class='ocrx_word' id='word_1_967' title='bbox 2773 3964 2911 4022; x_wconf 81' lang='lat' dir='ltr'>Filio</span> <span class='ocrx_word' id='word_1_968' title='bbox 2942 3985 2956 4021; x_wconf 79' lang='grc' dir='ltr'>ι</span> <span class='ocrx_word' id='word_1_969' title='bbox 3002 3987 3021 4022; x_wconf 92' lang='grc' dir='ltr'>ι</span> <span class='ocrx_word' id='word_1_970' title='bbox 3052 3967 3312 4024; x_wconf 86' lang='lat' dir='ltr'>Dominus</span> <span class='ocrx_word' id='word_1_971' title='bbox 3338 3980 3518 4027; x_wconf 82' lang='lat' dir='ltr'>autent</span> 
     </span>
     <span class='ocr_line' id='line_1_119' title="bbox 1951 4028 3522 4110; baseline 0.01 -29"><span class='ocrx_word' id='word_1_972' title='bbox 1951 4035 2033 4081; x_wconf 82' lang='lat' dir='ltr'>est</span> <span class='ocrx_word' id='word_1_973' title='bbox 2060 4028 2295 4096; x_wconf 86' lang='lat' dir='ltr'>Spiritus</span> <span class='ocrx_word' id='word_1_974' title='bbox 2317 4030 2390 4082; x_wconf 76' lang='grc' dir='ltr'>’.ι</span> <span class='ocrx_word' id='word_1_975' title='bbox 2420 4030 2568 4086; x_wconf 80' lang='lat' dir='ltr'>Dixit</span> <span class='ocrx_word' id='word_1_976' title='bbox 2600 4045 2778 4089; x_wconf 87' lang='lat' dir='ltr'>autem</span> <span class='ocrx_word' id='word_1_977' title='bbox 2809 4047 2867 4092; x_wconf 89' lang='grc' dir='ltr'>ει</span> <span class='ocrx_word' id='word_1_978' title='bbox 2898 4039 3014 4106; x_wconf 82' lang='lat' dir='ltr'>ipse</span> <span class='ocrx_word' id='word_1_979' title='bbox 3050 4039 3259 4095; x_wconf 75' lang='lat' dir='ltr'>Filiusz</span> <span class='ocrx_word' id='word_1_980' title='bbox 3293 4058 3313 4092; x_wconf 89' lang='grc' dir='ltr'>ι</span> <span class='ocrx_word' id='word_1_981' title='bbox 3345 4040 3522 4110; x_wconf 90' lang='lat' dir='ltr'>Spiri-</span> 
     </span>
     <span class='ocr_line' id='line_1_120' title="bbox 1954 4095 3519 4176; baseline 0.01 -26"><span class='ocrx_word' id='word_1_982' title='bbox 1954 4104 2039 4151; x_wconf 86' lang='lat' dir='ltr'>tus</span> <span class='ocrx_word' id='word_1_983' title='bbox 2071 4095 2211 4152; x_wconf 87' lang='lat' dir='ltr'>Deus</span> <span class='ocrx_word' id='word_1_984' title='bbox 2229 4106 2313 4153; x_wconf 88' lang='lat' dir='ltr'>est</span> <span class='ocrx_word' id='word_1_985' title='bbox 2338 4101 2380 4152; x_wconf 84' lang='lat'>³.</span> <span class='ocrx_word' id='word_1_986' title='bbox 2419 4119 2439 4153; x_wconf 77' lang='grc' dir='ltr'>ι</span> <span class='ocrx_word' id='word_1_987' title='bbox 2472 4103 2604 4157; x_wconf 85' lang='lat' dir='ltr'>Cuin</span> <span class='ocrx_word' id='word_1_988' title='bbox 2643 4105 2805 4173; x_wconf 80' lang='lat' dir='ltr'>igitur</span> <span class='ocrx_word' id='word_1_989' title='bbox 2837 4109 3074 4176; x_wconf 81' lang='lat' dir='ltr'>Spiritus</span> <span class='ocrx_word' id='word_1_990' title='bbox 3099 4119 3321 4164; x_wconf 83' lang='lat' dir='ltr'>sanctus</span> <span class='ocrx_word' id='word_1_991' title='bbox 3349 4111 3519 4165; x_wconf 90' lang='lat' dir='ltr'>inter-</span> 
     </span>
     <span class='ocr_line' id='line_1_121' title="bbox 1951 4167 3511 4239; baseline 0.01 -18"><span class='ocrx_word' id='word_1_992' title='bbox 1951 4167 2076 4221; x_wconf 89' lang='lat' dir='ltr'>dum</span> <span class='ocrx_word' id='word_1_993' title='bbox 2108 4168 2375 4238; x_wconf 77' lang='lat' dir='ltr'>significet</span> <span class='ocrx_word' id='word_1_994' title='bbox 2408 4170 2647 4239; x_wconf 87' lang='lat' dir='ltr'>Patrem,</span> <span class='ocrx_word' id='word_1_995' title='bbox 2680 4177 2947 4231; x_wconf 91' lang='lat' dir='ltr'>interdum</span> <span class='ocrx_word' id='word_1_996' title='bbox 2973 4189 3154 4234; x_wconf 87' lang='lat' dir='ltr'>autem</span> <span class='ocrx_word' id='word_1_997' title='bbox 3184 4187 3238 4233; x_wconf 90' lang='lat' dir='ltr'>et</span> <span class='ocrx_word' id='word_1_998' title='bbox 3268 4177 3467 4234; x_wconf 83' lang='lat' dir='ltr'>Filium</span> <span class='ocrx_word' id='word_1_999' title='bbox 3494 4200 3511 4236; x_wconf 76' lang='grc' dir='ltr'>ι</span> 
     </span>
     <span class='ocr_line' id='line_1_122' title="bbox 1951 4240 3516 4309; baseline 0.009 -19"><span class='ocrx_word' id='word_1_1000' title='bbox 1951 4240 2222 4305; x_wconf 85' lang='lat' dir='ltr'>quomodo</span> <span class='ocrx_word' id='word_1_1001' title='bbox 2243 4255 2347 4294; x_wconf 92' lang='lat' dir='ltr'>non</span> <span class='ocrx_word' id='word_1_1002' title='bbox 2386 4251 2468 4296; x_wconf 90' lang='lat' dir='ltr'>est</span> <span class='ocrx_word' id='word_1_1003' title='bbox 2503 4243 2634 4309; x_wconf 83' lang='lat' dir='ltr'>ipsis</span> <span class='ocrx_word' id='word_1_1004' title='bbox 2664 4246 3178 4304; x_wconf 76' lang='lat' dir='ltr'>consubstantialis?</span> <span class='ocrx_word' id='word_1_1005' title='bbox 3220 4246 3340 4303; x_wconf 86' lang='lat' dir='ltr'>Nou</span> <span class='ocrx_word' id='word_1_1006' title='bbox 3371 4251 3516 4304; x_wconf 88' lang='lat' dir='ltr'>enim</span> 
     </span>
     <span class='ocr_line' id='line_1_123' title="bbox 1955 4308 3517 4388; baseline 0.008 -27"><span class='ocrx_word' id='word_1_1007' title='bbox 1955 4308 2007 4361; x_wconf 92' lang='lat' dir='ltr'>in</span> <span class='ocrx_word' id='word_1_1008' title='bbox 2035 4317 2286 4362; x_wconf 85' lang='lat' dir='ltr'>creatura</span> <span class='ocrx_word' id='word_1_1009' title='bbox 2317 4309 2457 4368; x_wconf 91' lang='lat' dir='ltr'>Deus</span> <span class='ocrx_word' id='word_1_1010' title='bbox 2486 4314 2820 4382; x_wconf 80' lang='lat' dir='ltr'>agnoscitur,</span> <span class='ocrx_word' id='word_1_1011' title='bbox 2852 4321 3305 4386; x_wconf 80' lang='lat' dir='ltr'>quemadmodum</span> <span class='ocrx_word' id='word_1_1012' title='bbox 3340 4333 3517 4388; x_wconf 84' lang='lat' dir='ltr'>neque</span> 
     </span>
    </p>
   </div>
   <div class='ocr_carea' id='block_1_19' title="bbox 1880 4380 2792 4454">
    <p class='ocr_par' dir='ltr' id='par_1_25' title="bbox 1880 4380 2792 4454">
     <span class='ocr_line' id='line_1_124' title="bbox 1880 4380 2792 4454; baseline 0.009 -23"><span class='ocrx_word' id='word_1_1013' title='bbox 1880 4400 1924 4454; x_wconf 76' lang='lat' dir='ltr'>D</span> <span class='ocrx_word' id='word_1_1014' title='bbox 1951 4385 2200 4432; x_wconf 85' lang='lat' dir='ltr'>creatura</span> <span class='ocrx_word' id='word_1_1015' title='bbox 2228 4380 2285 4434; x_wconf 90' lang='lat' dir='ltr'>in</span> <span class='ocrx_word' id='word_1_1016' title='bbox 2317 4390 2512 4437; x_wconf 87' lang='lat' dir='ltr'>natura</span> <span class='ocrx_word' id='word_1_1017' title='bbox 2548 4382 2792 4439; x_wconf 78' lang='lat' dir='ltr'>deitatis.</span> 
     </span>
    </p>
   </div>
   <div class='ocr_carea' id='block_1_20' title="bbox 1948 4446 3515 4591">
    <p class='ocr_par' dir='ltr' id='par_1_26' title="bbox 1948 4446 3515 4591">
     <span class='ocr_line' id='line_1_125' title="bbox 2022 4446 3513 4529; baseline 0.009 -29"><span class='ocrx_word' id='word_1_1018' title='bbox 2022 4446 2081 4500; x_wconf 90' lang='lat' dir='ltr'>Si</span> <span class='ocrx_word' id='word_1_1019' title='bbox 2106 4461 2211 4502; x_wconf 92' lang='lat' dir='ltr'>non</span> <span class='ocrx_word' id='word_1_1020' title='bbox 2248 4449 2407 4504; x_wconf 82' lang='lat' dir='ltr'>aliter</span> <span class='ocrx_word' id='word_1_1021' title='bbox 2435 4451 2728 4521; x_wconf 83' lang='lat' dir='ltr'>participes</span> <span class='ocrx_word' id='word_1_1022' title='bbox 2746 4454 2842 4511; x_wconf 91' lang='lat' dir='ltr'>Dei</span> <span class='ocrx_word' id='word_1_1023' title='bbox 2866 4471 2986 4512; x_wconf 90' lang='lat' dir='ltr'>esse</span> <span class='ocrx_word' id='word_1_1024' title='bbox 3015 4467 3323 4527; x_wconf 87' lang='lat' dir='ltr'>possumus,</span> <span class='ocrx_word' id='word_1_1025' title='bbox 3350 4474 3513 4529; x_wconf 76' lang='lat' dir='ltr'>quam</span> 
     </span>
     <span class='ocr_line' id='line_1_126' title="bbox 1948 4518 3515 4591; baseline 0.011 -23"><span class='ocrx_word' id='word_1_1026' title='bbox 1948 4529 2046 4584; x_wconf 89' lang='lat' dir='ltr'>per</span> <span class='ocrx_word' id='word_1_1027' title='bbox 2068 4525 2319 4570; x_wconf 86' lang='lat' dir='ltr'>sanctum</span> <span class='ocrx_word' id='word_1_1028' title='bbox 2348 4518 2611 4588; x_wconf 89' lang='lat' dir='ltr'>Spiritum</span> <span class='ocrx_word' id='word_1_1029' title='bbox 2647 4537 2662 4574; x_wconf 75' lang='grc' dir='ltr'>ι</span> <span class='ocrx_word' id='word_1_1030' title='bbox 2696 4527 2968 4591; x_wconf 90' lang='lat' dir='ltr'>quomodo</span> <span class='ocrx_word' id='word_1_1031' title='bbox 3000 4523 3213 4584; x_wconf 83' lang='lat' dir='ltr'>alienus</span> <span class='ocrx_word' id='word_1_1032' title='bbox 3237 4543 3269 4582; x_wconf 83' lang='lat' dir='ltr'>a</span> <span class='ocrx_word' id='word_1_1033' title='bbox 3316 4531 3515 4586; x_wconf 85' lang='lat' dir='ltr'>deitate</span> 
     </span>
    </p>
   </div>
   <div class='ocr_carea' id='block_1_21' title="bbox 1948 4584 3513 4722">
    <p class='ocr_par' dir='ltr' id='par_1_27' title="bbox 1948 4584 3513 4722">
     <span class='ocr_line' id='line_1_127' title="bbox 1948 4584 3513 4667; baseline 0.012 -29"><span class='ocrx_word' id='word_1_1034' title='bbox 1948 4584 2278 4651; x_wconf 83' lang='lat' dir='ltr'>censebitur,</span> <span class='ocrx_word' id='word_1_1035' title='bbox 2310 4591 2402 4656; x_wconf 84' lang='lat' dir='ltr'>qui</span> <span class='ocrx_word' id='word_1_1036' title='bbox 2432 4589 2525 4644; x_wconf 88' lang='lat' dir='ltr'>Dei</span> <span class='ocrx_word' id='word_1_1037' title='bbox 2548 4592 2842 4664; x_wconf 84' lang='lat' dir='ltr'>participes</span> <span class='ocrx_word' id='word_1_1038' title='bbox 2864 4597 2995 4652; x_wconf 83' lang='lat' dir='ltr'>l&#39;acit</span> <span class='ocrx_word' id='word_1_1039' title='bbox 3024 4610 3121 4666; x_wconf 89' lang='lat' dir='ltr'>per</span> <span class='ocrx_word' id='word_1_1040' title='bbox 3152 4599 3388 4667; x_wconf 87' lang='lat' dir='ltr'>seipsum</span> <span class='ocrx_word' id='word_1_1041' title='bbox 3420 4613 3513 4656; x_wconf 78' lang='lat' dir='ltr'>eos</span> 
     </span>
     <span class='ocr_line' id='line_1_128' title="bbox 1948 4654 2387 4722; baseline 0.011 -16"><span class='ocrx_word' id='word_1_1042' title='bbox 1948 4654 2001 4707; x_wconf 92' lang='lat' dir='ltr'>iu</span> <span class='ocrx_word' id='word_1_1043' title='bbox 2033 4655 2227 4722; x_wconf 81' lang='lat' dir='ltr'>quibus</span> <span class='ocrx_word' id='word_1_1044' title='bbox 2256 4656 2387 4713; x_wconf 76' lang='lat' dir='ltr'>est?</span> 
     </span>
    </p>
   </div>
   <div class='ocr_carea' id='block_1_22' title="bbox 1946 4745 3511 5526">
    <p class='ocr_par' dir='ltr' id='par_1_28' title="bbox 1946 4745 3511 5526">
     <span class='ocr_line' id='line_1_129' title="bbox 2016 4745 3511 4829; baseline 0.009 -28"><span class='ocrx_word' id='word_1_1045' title='bbox 2016 4745 2238 4816; x_wconf 82' lang='lat' dir='ltr'>AEquali</span> <span class='ocrx_word' id='word_1_1046' title='bbox 2266 4749 2461 4806; x_wconf 85' lang='lat' dir='ltr'>robore</span> <span class='ocrx_word' id='word_1_1047' title='bbox 2490 4751 2786 4823; x_wconf 86' lang='lat' dir='ltr'>eademque</span> <span class='ocrx_word' id='word_1_1048' title='bbox 2806 4769 2930 4811; x_wconf 89' lang='lat' dir='ltr'>cnm</span> <span class='ocrx_word' id='word_1_1049' title='bbox 2967 4755 3078 4813; x_wconf 88' lang='lat' dir='ltr'>Deo</span> <span class='ocrx_word' id='word_1_1050' title='bbox 3130 4759 3330 4814; x_wconf 83' lang='lat' dir='ltr'>virtute</span> <span class='ocrx_word' id='word_1_1051' title='bbox 3368 4773 3511 4829; x_wconf 74' lang='lat' dir='ltr'>prce·</span> 
     </span>
     <span class='ocr_line' id='line_1_130' title="bbox 1949 4816 3510 4896; baseline 0.008 -25"><span class='ocrx_word' id='word_1_1052' title='bbox 1949 4816 2112 4871; x_wconf 87' lang='lat' dir='ltr'>ditant</span> <span class='ocrx_word' id='word_1_1053' title='bbox 2142 4829 2447 4875; x_wconf 80' lang='lat' dir='ltr'>creaturam</span> <span class='ocrx_word' id='word_1_1054' title='bbox 2475 4833 2566 4876; x_wconf 88' lang='lat' dir='ltr'>aut</span> <span class='ocrx_word' id='word_1_1055' title='bbox 2598 4839 2664 4879; x_wconf 75' lang='lat' dir='ltr'>ex</span> <span class='ocrx_word' id='word_1_1056' title='bbox 2700 4827 2860 4880; x_wconf 78' lang='lat' dir='ltr'>reims</span> <span class='ocrx_word' id='word_1_1057' title='bbox 2884 4829 3162 4896; x_wconf 77' lang='lat' dir='ltr'>productis</span> <span class='ocrx_word' id='word_1_1058' title='bbox 3199 4846 3361 4884; x_wconf 88' lang='lat' dir='ltr'>unum</span> <span class='ocrx_word' id='word_1_1059' title='bbox 3406 4832 3510 4884; x_wconf 86' lang='lat' dir='ltr'>ali·</span> 
     </span>
     <span class='ocr_line' id='line_1_131' title="bbox 1950 4888 3509 4972; baseline 0.01 -33"><span class='ocrx_word' id='word_1_1060' title='bbox 1950 4888 2077 4954; x_wconf 85' lang='lat' dir='ltr'>quid</span> <span class='ocrx_word' id='word_1_1061' title='bbox 2110 4889 2311 4952; x_wconf 83' lang='lat' dir='ltr'>dicere,</span> <span class='ocrx_word' id='word_1_1062' title='bbox 2363 4907 2628 4947; x_wconf 78' lang='lat' dir='ltr'>stnumatn</span> <span class='ocrx_word' id='word_1_1063' title='bbox 2674 4897 2894 4951; x_wconf 81' lang='lat' dir='ltr'>denotat</span> <span class='ocrx_word' id='word_1_1064' title='bbox 2943 4899 3292 4966; x_wconf 84' lang='lat' dir='ltr'>impietatem.</span> <span class='ocrx_word' id='word_1_1065' title='bbox 3344 4899 3509 4972; x_wconf 72' lang='lat'>682</span> 
     </span>
     <span class='ocr_line' id='line_1_132' title="bbox 1952 4958 3511 5038; baseline 0.007 -26"><span class='ocrx_word' id='word_1_1066' title='bbox 1952 4959 2086 5012; x_wconf 73' lang='lat' dir='ltr'>Cum</span> <span class='ocrx_word' id='word_1_1067' title='bbox 2122 4968 2300 5013; x_wconf 81' lang='lat' dir='ltr'>autem</span> <span class='ocrx_word' id='word_1_1068' title='bbox 2333 4958 2573 5030; x_wconf 79' lang='lat' dir='ltr'>Spiritus</span> <span class='ocrx_word' id='word_1_1069' title='bbox 2610 4974 2833 5020; x_wconf 88' lang='lat' dir='ltr'>sanctus</span> <span class='ocrx_word' id='word_1_1070' title='bbox 2888 4973 3127 5022; x_wconf 86' lang='lat' dir='ltr'>eamdem</span> <span class='ocrx_word' id='word_1_1071' title='bbox 3156 4984 3316 5038; x_wconf 84' lang='lat' dir='ltr'>quam</span> <span class='ocrx_word' id='word_1_1072' title='bbox 3354 4977 3511 5024; x_wconf 71' lang='lat' dir='ltr'>vater</span> 
     </span>
     <span class='ocr_line' id='line_1_133' title="bbox 1955 5026 3509 5103; baseline 0.006 -21"><span class='ocrx_word' id='word_1_1073' title='bbox 1955 5039 2010 5082; x_wconf 87' lang='lat' dir='ltr'>et</span> <span class='ocrx_word' id='word_1_1074' title='bbox 2045 5026 2213 5082; x_wconf 81' lang='lat' dir='ltr'>Filius</span> <span class='ocrx_word' id='word_1_1075' title='bbox 2238 5032 2611 5097; x_wconf 79' lang='lat' dir='ltr'>operationem</span> <span class='ocrx_word' id='word_1_1076' title='bbox 2640 5033 2851 5103; x_wconf 74' lang='lat' dir='ltr'>lrabeat,</span> <span class='ocrx_word' id='word_1_1077' title='bbox 2878 5038 3219 5095; x_wconf 81' lang='lat' dir='ltr'>ntanilestunt</span> <span class='ocrx_word' id='word_1_1078' title='bbox 3243 5050 3325 5094; x_wconf 89' lang='lat' dir='ltr'>est</span> <span class='ocrx_word' id='word_1_1079' title='bbox 3345 5039 3509 5093; x_wconf 86' lang='lat' dir='ltr'>Deum</span> 
     </span>
     <span class='ocr_line' id='line_1_134' title="bbox 1951 5098 3508 5179; baseline 0.007 -28"><span class='ocrx_word' id='word_1_1080' title='bbox 1951 5105 2091 5152; x_wconf 85' lang='lat' dir='ltr'>etex</span> <span class='ocrx_word' id='word_1_1081' title='bbox 2125 5098 2235 5152; x_wconf 88' lang='lat' dir='ltr'>Deo</span> <span class='ocrx_word' id='word_1_1082' title='bbox 2264 5115 2387 5156; x_wconf 86' lang='lat' dir='ltr'>esse</span> <span class='ocrx_word' id='word_1_1083' title='bbox 2435 5104 2726 5157; x_wconf 85' lang='lat' dir='ltr'>secundum</span> <span class='ocrx_word' id='word_1_1084' title='bbox 2776 5118 3043 5170; x_wconf 82' lang='lat' dir='ltr'>naturam,</span> <span class='ocrx_word' id='word_1_1085' title='bbox 3090 5118 3273 5179; x_wconf 90' lang='lat' dir='ltr'>utpote</span> <span class='ocrx_word' id='word_1_1086' title='bbox 3318 5109 3407 5176; x_wconf 78' lang='lat' dir='ltr'>qni</span> <span class='ocrx_word' id='word_1_1087' title='bbox 3445 5123 3508 5163; x_wconf 80' lang='lat' dir='ltr'>ea</span> 
     </span>
     <span class='ocr_line' id='line_1_135' title="bbox 1950 5169 3510 5244; baseline 0.008 -24"><span class='ocrx_word' id='word_1_1088' title='bbox 1950 5182 2069 5238; x_wconf 80' lang='lat' dir='ltr'>quae</span> <span class='ocrx_word' id='word_1_1089' title='bbox 2116 5169 2206 5222; x_wconf 90' lang='lat' dir='ltr'>Dei</span> <span class='ocrx_word' id='word_1_1090' title='bbox 2234 5181 2362 5225; x_wconf 92' lang='lat' dir='ltr'>sunt</span> <span class='ocrx_word' id='word_1_1091' title='bbox 2407 5173 2620 5239; x_wconf 87' lang='lat' dir='ltr'>operari</span> <span class='ocrx_word' id='word_1_1092' title='bbox 2668 5175 2860 5242; x_wconf 85' lang='lat' dir='ltr'>possit.</span> <span class='ocrx_word' id='word_1_1093' title='bbox 2905 5176 3036 5244; x_wconf 83' lang='lat' dir='ltr'>Quae</span> <span class='ocrx_word' id='word_1_1094' title='bbox 3070 5180 3510 5234; x_wconf 85' lang='lat' dir='ltr'>demonstrantur</span> 
     </span>
     <span class='ocr_line' id='line_1_136' title="bbox 1950 5238 3508 5316; baseline 0.007 -26"><span class='ocrx_word' id='word_1_1095' title='bbox 1950 5251 2081 5293; x_wconf 85' lang='lat' dir='ltr'>voce</span> <span class='ocrx_word' id='word_1_1096' title='bbox 2099 5238 2245 5294; x_wconf 81' lang='lat' dir='ltr'>Pauli</span> <span class='ocrx_word' id='word_1_1097' title='bbox 2282 5240 2425 5296; x_wconf 81' lang='lat' dir='ltr'>clare</span> <span class='ocrx_word' id='word_1_1098' title='bbox 2441 5242 2669 5296; x_wconf 86' lang='lat' dir='ltr'>dicentis</span> <span class='ocrx_word' id='word_1_1099' title='bbox 2690 5258 2737 5295; x_wconf 84' lang='lat'>:‹</span> <span class='ocrx_word' id='word_1_1100' title='bbox 2759 5242 3057 5301; x_wconf 84' lang='lat' dir='ltr'>Divisiones</span> <span class='ocrx_word' id='word_1_1101' title='bbox 3070 5262 3193 5301; x_wconf 81' lang='lat' dir='ltr'>vero</span> <span class='ocrx_word' id='word_1_1102' title='bbox 3212 5245 3508 5316; x_wconf 80' lang='lat' dir='ltr'>gratiarum</span> 
     </span>
     <span class='ocr_line' id='line_1_137' title="bbox 1948 5310 3509 5382; baseline 0.006 -21"><span class='ocrx_word' id='word_1_1103' title='bbox 1948 5320 2112 5371; x_wconf 85' lang='lat' dir='ltr'>snut,</span> <span class='ocrx_word' id='word_1_1104' title='bbox 2158 5310 2297 5364; x_wconf 87' lang='lat' dir='ltr'>idem</span> <span class='ocrx_word' id='word_1_1105' title='bbox 2342 5321 2523 5365; x_wconf 83' lang='lat' dir='ltr'>autem</span> <span class='ocrx_word' id='word_1_1106' title='bbox 2574 5311 2856 5382; x_wconf 85' lang='lat' dir='ltr'>Spiritus:</span> <span class='ocrx_word' id='word_1_1107' title='bbox 2906 5324 2960 5368; x_wconf 83' lang='lat' dir='ltr'>et</span> <span class='ocrx_word' id='word_1_1108' title='bbox 3005 5316 3298 5371; x_wconf 84' lang='lat' dir='ltr'>divisiones</span> <span class='ocrx_word' id='word_1_1109' title='bbox 3345 5317 3509 5371; x_wconf 84' lang='lat' dir='ltr'>utini-</span> 
     </span>
     <span class='ocr_line' id='line_1_138' title="bbox 1947 5379 3508 5446; baseline 0.005 -14"><span class='ocrx_word' id='word_1_1110' title='bbox 1947 5379 2267 5432; x_wconf 85' lang='lat' dir='ltr'>stratiouunt</span> <span class='ocrx_word' id='word_1_1111' title='bbox 2287 5390 2432 5446; x_wconf 83' lang='lat' dir='ltr'>sunt,</span> <span class='ocrx_word' id='word_1_1112' title='bbox 2450 5381 2587 5435; x_wconf 88' lang='lat' dir='ltr'>idem</span> <span class='ocrx_word' id='word_1_1113' title='bbox 2607 5393 2787 5437; x_wconf 85' lang='lat' dir='ltr'>autem</span> <span class='ocrx_word' id='word_1_1114' title='bbox 2820 5385 3075 5438; x_wconf 86' lang='lat' dir='ltr'>Dominus</span> <span class='ocrx_word' id='word_1_1115' title='bbox 3098 5399 3113 5439; x_wconf 73' lang='grc' dir='ltr'>ι</span> <span class='ocrx_word' id='word_1_1116' title='bbox 3136 5393 3190 5438; x_wconf 88' lang='grc' dir='ltr'>ει</span> <span class='ocrx_word' id='word_1_1117' title='bbox 3219 5386 3508 5442; x_wconf 77' lang='lat' dir='ltr'>divisiones</span> 
     </span>
     <span class='ocr_line' id='line_1_139' title="bbox 1946 5452 3508 5526; baseline 0.007 -25"><span class='ocrx_word' id='word_1_1118' title='bbox 1946 5453 2321 5517; x_wconf 82' lang='lat' dir='ltr'>operationum</span> <span class='ocrx_word' id='word_1_1119' title='bbox 2355 5459 2500 5517; x_wconf 89' lang='lat' dir='ltr'>suut,</span> <span class='ocrx_word' id='word_1_1120' title='bbox 2543 5452 2685 5507; x_wconf 90' lang='lat' dir='ltr'>idcm</span> <span class='ocrx_word' id='word_1_1121' title='bbox 2735 5467 2862 5509; x_wconf 82' lang='lat' dir='ltr'>vcro</span> <span class='ocrx_word' id='word_1_1122' title='bbox 2915 5454 3080 5520; x_wconf 86' lang='lat' dir='ltr'>Deus,</span> <span class='ocrx_word' id='word_1_1123' title='bbox 3112 5456 3203 5526; x_wconf 78' lang='lat' dir='ltr'>qui</span> <span class='ocrx_word' id='word_1_1124' title='bbox 3249 5469 3508 5526; x_wconf 80' lang='lat' dir='ltr'>operatur</span> 
     </span>
    </p>
   </div>
   <div class='ocr_carea' id='block_1_23' title="bbox 336 5653 3284 5742">
    <p class='ocr_par' dir='ltr' id='par_1_29' title="bbox 336 5653 3284 5742">
     <span class='ocr_line' id='line_1_140' title="bbox 336 5653 3284 5742; baseline -0.003 -22"><span class='ocrx_word' id='word_1_1125' title='bbox 336 5660 380 5694; x_wconf 75' lang='lat'>&#39;⁴&#39;</span> <span class='ocrx_word' id='word_1_1126' title='bbox 421 5661 442 5716; x_wconf 80' lang='grc' dir='ltr'>Ι</span> <span class='ocrx_word' id='word_1_1127' title='bbox 476 5661 600 5717; x_wconf 80' lang='lat' dir='ltr'>Cor·</span> <span class='ocrx_word' id='word_1_1128' title='bbox 630 5676 706 5728; x_wconf 83' lang='lat' dir='ltr'>xt‚</span> <span class='ocrx_word' id='word_1_1129' title='bbox 736 5661 790 5714; x_wconf 78' lang='grc'>6.</span> <span class='ocrx_word' id='word_1_1130' title='bbox 867 5661 912 5693; x_wconf 78' lang='grc'>“</span> <span class='ocrx_word' id='word_1_1131' title='bbox 951 5657 1094 5716; x_wconf 70' lang='lat' dir='ltr'>Psttl·</span> <span class='ocrx_word' id='word_1_1132' title='bbox 1127 5671 1246 5724; x_wconf 76' lang='lat' dir='ltr'>cut,</span> <span class='ocrx_word' id='word_1_1133' title='bbox 1285 5656 1373 5711; x_wconf 80' lang='lat'>3¹·</span> <span class='ocrx_word' id='word_1_1134' title='bbox 1456 5659 1500 5692; x_wconf 76' lang='lat'>’⁹</span> <span class='ocrx_word' id='word_1_1135' title='bbox 1538 5657 1678 5716; x_wconf 75' lang='lat' dir='ltr'>Psat.</span> <span class='ocrx_word' id='word_1_1136' title='bbox 1718 5674 1888 5726; x_wconf 79' lang='lat' dir='ltr'>xxxii,</span> <span class='ocrx_word' id='word_1_1137' title='bbox 1917 5657 1971 5714; x_wconf 80' lang='lat' dir='ltr'>(i.</span> <span class='ocrx_word' id='word_1_1138' title='bbox 2018 5657 2066 5742; x_wconf 15' lang='grc' dir='ltr'>γ’</span> <span class='ocrx_word' id='word_1_1139' title='bbox 2106 5655 2241 5714; x_wconf 82' lang='lat' dir='ltr'>ibid.</span> <span class='ocrx_word' id='word_1_1140' title='bbox 2318 5658 2338 5688; x_wconf 85' lang='lat'><strong>¹</strong></span> <span class='ocrx_word' id='word_1_1141' title='bbox 2374 5653 2420 5710; x_wconf 85' lang='lat' dir='ltr'>tl</span> <span class='ocrx_word' id='word_1_1142' title='bbox 2458 5655 2579 5711; x_wconf 76' lang='lat' dir='ltr'>Car.</span> <span class='ocrx_word' id='word_1_1143' title='bbox 2615 5670 2697 5722; x_wconf 86' lang='grc' dir='ltr'><strong>ιιι,</strong></span> <span class='ocrx_word' id='word_1_1144' title='bbox 2730 5654 2812 5712; x_wconf 83' lang='lat'>17.</span> <span class='ocrx_word' id='word_1_1145' title='bbox 2890 5656 2910 5689; x_wconf 82' lang='lat'>⁸</span> <span class='ocrx_word' id='word_1_1146' title='bbox 2948 5655 3103 5712; x_wconf 79' lang='lat' dir='ltr'>Joatt.</span> <span class='ocrx_word' id='word_1_1147' title='bbox 3135 5673 3205 5726; x_wconf 84' lang='lat' dir='ltr'>tv,</span> <span class='ocrx_word' id='word_1_1148' title='bbox 3231 5659 3284 5713; x_wconf 71' lang='lat' dir='ltr'>t.</span> 
     </span>
    </p>
   </div>
  </div>
 </body>
</html>
