3809 6125
202 288 276 345 79.
1278 290 1366 347 DE
1405 292 1504 352 SS.
1552 298 1931 355 TntNtTA‘rE
1973 302 2317 363 manneus
2353 307 2416 363 ll.

274 405 336 461 B.
369 403 438 458 Τί
468 400 803 475 παραδείξας
830 421 845 471 ;
878 404 1022 462 εἰπέ.

272 496 335 549 Δ.
386 495 476 559 Ὦς
507 493 617 566 γὰρ
654 492 794 566 ἔφην
835 494 1070 564 φθάσας,
1109 498 1218 551 ἀπὸ
1250 500 1418 573 μόνης
1461 504 1723 574 διαφορᾶς
1759 509 1789 560 ὀ

196 586 522 659 ἡστινοσοῦν
563 586 751 650 οὐσίας
796 586 922 660 ὄρος
967 588 1067 643 οὐκ
1085 588 1152 643 ἂν
1192 592 1358 660 ὑγιῶς
1396 594 1604 663 γένοιτό
1637 616 1784 654 ποτε.

198 678 618 751 Προεπινοεῖται
666 674 777 746 γάρ
820 695 938 743 πως
975 680 1066 734 ἀεὶ
1105 681 1204 751 τῆς
1256 683 1390 749 ιδίας
1427 687 1689 759 διαφορᾶς
1726 689 1788 743 τὸ

197 771 382 839 γένος,
411 768 474 834 ἐξ
498 760 560 822 οὔ
599 767 853 837 καθάπερ
891 770 998 825 ἀπὸ
1021 770 1270 841 βαλὸίδος
1303 778 1665 850 ἐπιτροχάδην
1693 780 1787 833 ἰὼν

195 866 226 918 ὁ
253 863 436 932 λόγος,
481 860 576 915 καὶ
619 863 734 924 τοῖς
778 861 1016 931 καθεξῆς
1080 865 1435 940 ὲνδιακρίτως
1482 871 1784 942 effetam,

195 954 368 1029 ὀρθὴν
400 953 493 1009 καὶ
517 952 911 1025 ἀνενδοιάστως
961 955 1193 1027 ἔχουσαν
1232 963 1468 1015 ποιεῖται
1490 962 1588 1035 τὴν
1612 964 1785 1036 δήλω·

199 1065 308 1103 σιν.
336 1047 402 1101 Εί
429 1045 614 1101 τοίνυν
636 1045 766 1116 ὅρου
788 1044 1019 1116 δύναμιν
1039 1048 1388 1124 ἀποπληροῦν
1416 1054 1476 1107 τὸ
1495 1054 1787 1127 ἀγέννητον
1827 1078 1831 1083 ·

195 1139 433 1213 ἀμαθῶς
476 1138 856 1202 διατείνονται,
892 1137 1124 1211 διαφορὰ
1169 1145 1271 1213 μὲν
1315 1144 1415 1198 οὐκ
1470 1145 1644 1213 ἔσται,
1694 1165 1789 1218 ση-

199 1232 390 1303 μαίνει
421 1230 528 1303 γὰρ
553 1231 709 1300 ἡμῖν,
744 1230 826 1283 ὅτι
865 1229 940 1300 μὴ
961 1231 1315 1302 γεγέννηται,
1333 1233 1450 1287 ἀλλ’
1475 1235 1593 1288 οὐδὲ
1631 1236 1787 1291 δύνα-

197 1341 299 1397 μιν
333 1322 481 1395 ἔχειν
508 1320 767 1392 τοιαύτην
794 1324 858 1392 τῇ
885 1320 1028 1386 λέξει
1059 1326 1534 1400 παραχωρήσομεν
1557 1344 1572 1358 ·
1608 1347 1780 1401 ’ττοιρειμ

191 1415 431 1488 ληφθείη
454 1415 503 1469 δ’
524 1414 592 1469 ἂν
614 1413 816 1482 μᾶλλον
843 1414 903 1469 τό
923 1431 986 1483 γε
1021 1409 1156 1486 ἧκον
1179 1417 1266 1471 ἐπ’
1294 1417 1501 1486 αὐτοῖς,
1534 1420 1608 1484 ὡς
1632 1422 1787 1490 γένος

192 1507 389 1573 ἁπλῶς
423 1507 519 1561 καὶ
546 1504 897 1574 ἀδιακρίτως,
928 1508 976 1559 εἰ
1006 1506 1100 1560 καὶ
1122 1507 1204 1560 ὄτι
1246 1508 1482 1578 μάλιστα
1525 1511 1786 1584 λογισμοῦ

191 1599 294 1660 τοῦ
319 1597 660 1669 καθήκοντος
681 1596 1035 1669 ἀμοιρήσειεν
1062 1596 1128 1652 ἂν
1158 1599 1252 1652 καὶ
1279 1597 1422 1669 μάλα
1461 1602 1706 1668 είκότως,
1727 1607 1789 1660 τὸ

191 1694 355 1768 γένος
383 1690 592 1745 ἐθέλειν
616 1688 904 1760 ὀνομάζειν
933 1690 1027 1744 ἐπὶ
1050 1690 1190 1762 Θεῷ,
1214 1691 1373 1762 εἴπερ
1402 1694 1522 1749 ὶστὶ
1552 1698 1673 1749 κατ’
1695 1697 1788 1750 αὖ·

190 1786 290 1843 τὸν
322 1784 356 1857 ἢ
387 1783 522 1853 γοῦν
560 1782 666 1855 πρὸ
695 1780 884 1845 αὐτοῦ,
914 1782 1024 1836 τῶν
1051 1782 1221 1838 ὄντων
1265 1785 1441 1841 οὐδέν.
1480 1787 1626 1860 Πλὴν
1655 1789 1786 1842 ὑπο·
1817 1768 1858 1822 Β

192 1876 404 1933 κείσθω
448 1875 608 1948 γένος
636 1875 723 1928 ἐπ’
753 1872 919 1928 αὐτοῦ
967 1874 1028 1927 τὸ
1068 1876 1382 1947 ἀγέννητον,
1420 1879 1564 1934 κατά
1608 1897 1670 1947 γε
1725 1880 1785 1934 τὸ

191 1972 426 2034 ικείνοις
471 1966 928 2040 ἀπεριμερίμνως
979 1968 1302 2036 συνδοκοῦν,
1346 1971 1501 2039 γένος
1542 1971 1599 2026 δὲ
1648 1973 1784 2036 ὅλως

192 2061 333 2133 ἡμῖν
358 2059 737 2132 ὑποσημαῖνον
766 2059 940 2124 οὐδὲν,
968 2062 1056 2116 ἶνα
1091 2060 1165 2131 μὴ
1199 2060 1464 2132 διαφορᾶς
1495 2061 1681 2134 ἐπέχοι
1701 2065 1787 2117 τό·

196 2168 309 2211 mv
331 2168 397 2207 τε
417 2151 516 2207 καὶ
553 2150 804 2223 δύναμιν.
833 2152 946 2205 Οὐκ
991 2152 1414 2228 είσκομιζοὺσης
1449 2150 1542 2209 οὗν
1574 2155 1654 2209 ἔτι
1685 2157 1786 2229 τῆς

202 2243 618 2317 τσῦἅγεννὴτω
669 2245 874 2315 φωνῆς,
915 2243 1009 2297 τοῦ
1047 2245 1122 2315 μὴ
1168 2243 1527 2317 γεγεννῆσθαι
1554 2247 1652 2319 τὴν
1694 2250 1786 2322 δή·

208 2334 411 2402 λωσιν,
433 2336 584 2392 ποίαν
606 2334 668 2391 ἂν
689 2338 821 2408 ἡμῖν
845 2336 1130 2403 ἐπιδείξειε
1155 2336 1252 2410 τὴν
1284 2338 1547 2409 διαφορὰν
1573 2342 1786 2413 Πατρὺς

221 2427 365 2500 πρὸς
407 2426 595 2499 mma
639 2426 760 2491 πῶς
787 2427 853 2481 ἂν
891 2426 1004 2496 ἔχοι
1047 2428 1109 2480 τὸ
1166 2430 1316 2498 μεῖον
1359 2428 1506 2484 κατά.
1547 2447 1602 2483 τι
1654 2430 1786 2498 γοῦν

216 2521 380 2587 ὅλως,
397 2520 496 2576 κᾶν
516 2520 562 2574 εί
583 2521 850 2595 ὑπάρχειν
884 2523 1058 2577 νοοῖτο
1094 2524 1516 2592 γεγεννημένος,
1563 2522 1786 2593 συνίημι

209 2613 396 2689 μὲνού
424 2612 626 2685 σφόδρα
646 2612 758 2682 ἐγώ
778 2630 790 2643 ·
819 2612 882 2665 σὺ
909 2615 966 2664 δε
987 2612 1040 2664 τί
1064 2611 1191 2682 φὴς,
1231 2605 1276 2668 ὢ
1308 2610 1573 2684 Ἑρμείας

271 2707 337 2762 Β.
367 2703 434 2761 Τί
463 2706 531 2761 ἂν
560 2704 742 2778 ἔχοιμι
769 2705 905 2778 πρὸς
928 2705 1085 2760 τοῦτο
1109 2706 1315 2770 ciart-:1⁸13

266 2800 336 2853 Δ.
383 2798 524 2853 Ἀλλ’
549 2800 632 2853 δτι
667 2798 766 2869 μὲν
793 2798 857 2869 δὴ
889 2797 948 2851 τὸ
984 2796 1299 2867 ἀγέννητον.
1329 2795 1431 2867 τὴν
1451 2795 1580 2869 ὅρου
1618 2797 1786 2850 δύνα-

194 2908 298 2963 μιν
333 2890 438 2946 οὐκ
472 2889 541 2944 ἂν
569 2890 736 2960 ὑγιῶς
771 2889 1074 2956 ἑπιδέξαιτο
1106 2888 1201 2945 καὶ
1250 2886 1653 2960 ἐπιστημόνως,
1687 2905 1788 2941 σα-

191 2982 317 3059 φῶς
379 3000 443 3037 τε
497 2984 593 3037 καὶ
651 2983 1016 3055 διαρκέστατα
1079 2980 1474 3053 διηλέγξαμεν,
1534 2981 1788 3052 καθάπερ

191 3071 439 3149 ἐγῷμαι.
465 3076 633 3147 ἄηθες
662 3076 760 3147 μὲν
794 3075 1010 3147 ἔχοντες
1042 3075 1103 3128 τὸ
1128 3074 1216 3129 διὰ
1239 3074 1349 3127 τῶν
1370 3053 1628 3129 τοιούτων
1652 3075 1789 3128 ἰέναι

193 3171 397 3241 λόγων,
428 3170 779 3242 χαριζόμενοι
812 3169 869 3222 δὲ
913 3170 1034 3231 ταῖς
1064 3167 1334 3235 ἀνάγκαις
1373 3167 1434 3221 τὸ
1477 3167 1627 3239 παρὰ
1663 3166 1788 3237 βού-

146 3263 394 3336 ιλησιν,
440 3262 538 3316 καὶ
592 3261 701 3314 τῶν
752 3259 1064 3331 ἐπιστήμης
1113 3258 1209 3313 καὶ
1260 3255 1457 3331 τριόῆς
1508 3259 1788 3319 ἐπέκεινα,

184 3355 478 3461 ἶριιωδῶς
503 3354 824 3425 ἁπτόμενοι.
867 3351 1097 3424 Ἐτίρας
1135 3349 1182 3411 δ’
1214 3345 1308 3405 οὖν
1353 3351 1505 3421 ὅμως
1537 3352 1658 3412 ταῖς
1688 3350 1789 3421 ἤδη

196 3444 650 3527 ηρὺρημᾶναις
683 3434 1051 3518 ἔπιῦῶρεὺειν
1087 3440 1296 3507 ἐννοίας
1336 3442 1437 3495 οὐκ
1476 3440 1790 3496 ἀταλαίπω-

200 3558 303 3620 ρον
339 3540 463 3616 μὶν,
520 3539 684 3612 πλὴν,
716 3538 792 3605 ὡς
818 3537 886 3594 ἂν
919 3533 1033 3602 οἷός
1068 3555 1125 3591 τε
1159 3529 1223 3599 ὦ,
1269 3535 1621 3605 πειράσομαι.
1656 3530 1794 3584 Φασὶ

198 3634 496 3707 τοιγαροῦν
526 3634 577 3687 οἱ
606 3630 811 3704 σφόδρα
839 3631 1002 3685 δεινοί
1030 3647 1090 3683 τε
1122 3629 1216 3682 καὶ
1244 3627 1495 3699 ἀκριὸεἴς
1531 3626 1626 3678 καὶ
1667 3641 1792 3694 σχο-

199 3729 348 3784 zazoa
377 3726 507 3799 περὶ
533 3724 726 3788 ταῦτα,
756 3723 921 3777 παντὶ
947 3721 1178 3795 πρέπειν
1201 3721 1337 3792 ὅρῳ,
1373 3718 1473 3789 τὴν
1517 3715 1790 3788 καλουμέή

202 3839 310 3892 νην
346 3818 732 3889 ἀντιστροφὴν.

281 3914 342 3967 tt.
379 3911 490 3966 Καὶ
526 3910 579 3963 τί
611 3910 674 3981 δὴ
705 3907 865 3964 τοῦτό
897 3910 1064 3973 ἐστιν,
1098 3907 1293 3978 ἣδιστα
1336 3904 1402 3958 ἄν
1447 3919 1542 3958 σου
1595 3901 1791 3956 διαπυ-

203 4006 432 4080 θοίμην.

280 4102 344 4156 Α.
382 4097 592 4154 Οὐκοῦν
618 4095 705 4152 διὰ
737 4094 848 4150 τῶν
877 4093 1057 4149 αὐτῶν
1088 4087 1203 4164 εἶμι
1233 4091 1298 4161 δὴ
1330 4089 1438 4144 τῶν
1470 4089 1663 4159 λόγων,
1701 4086 1795 4142 καὶ

202 4190 595 4261 ἁνακυκλήσας
633 4188 763 4258 ὲρῶ.
807 4186 1134 4258 Ὀριζόμεθα
1182 4184 1290 4254 γὰρ
1356 4182 1642 4254 ἄνθρωπον
1695 4180 1796 4250 μὲν

202 4282 291 4357 τῷ
314 4283 506 4355 τοιῷδε
534 4284 698 4354 λόγῳ,
740 4281 880 4349 ζῶον
911 4279 1127 4350 λογικὸν
1165 4277 1383 4347 θνητόν·
1419 4277 1585 4329 ἵππον
1613 4273 1671 4328 δὲ
1727 4265 1794 4327 αὖ

202 4375 291 4451 πῖ»
323 4375 537 4448 τοιῷδε,
572 4375 710 4441 ζῶον
757 4370 1193 4447 χρεμετιστικὸν.
1226 4367 1575 4440 Ποιησόμεθα
1612 4364 1670 4419 δὲ
1700 4364 1795 4419 καὶ

3364 305 3468 361 '130

1833 421 1878 476 Α
1981 420 2040 476 Β.
2082 422 2199 489 Quo
2229 434 2405 493 paeto,
2439 438 2643 494 quaeso,
2675 423 2725 478 id
2756 420 3096 477 ostenderis?

1965 513 2029 566 A.
2068 510 2225 578 Nam,
2256 526 2312 567 ut
2340 525 2495 569 autea
2527 513 2962 583 dixi,cujitslibet
2992 506 3310 565 substantiae
3340 506 3465 561 den-

1891 605 2026 658 nitio
2055 620 2159 660 non
2192 616 2366 674 potest
2398 622 2426 659 a
2459 608 2571 661 sola
2602 604 2909 661 differentia
2946 609 3092 658 recte
3125 600 3262 655 lieri.
3291 597 3474 655 Genus

1889 697 2034 752 enim
2072 707 2197 753 ante
2231 714 2380 753 suam
2423 697 2782 753 differentiam
2824 693 3222 766 quodammodo
3258 705 3463 758 semper

1889 792 2166 853 statuitur,
2193 808 2221 845 a
2251 808 2378 862 qno,
2415 793 2557 845 velut
2588 809 2616 845 a
2646 791 2960 846 carceribus
2984 786 3158 841 oratio
3184 799 3471 853 erumpens

1889 894 1945 938 et
1971 884 2222 939 distinete
2253 885 2320 937 iis
2349 900 2469 953 qua>
2500 893 2803 954 sequuntur
2825 897 2945 937 sese
2974 878 3235 942 inserena»,
3266 885 3467 930 rectam

1888 982 1943 1031 et
1970 975 2324 1028 indubitatam
2353 975 2429 1029 rei
2456 974 2587 1029 facit
2611 974 3046 1042 explicationem.
3076 970 3134 1023 Si
3159 982 3286 1039 ergo
3307 966 3472 1021 stulte

1888 1064 2225 1119 contendunt
2254 1064 2317 1118 τὸ
2352 1065 2645 1135 ingenitum
2707 1063 2930 1132 implere
2972 1061 3076 1115 vim
3110 1057 3467 1118 ‹lelittitioni8‚

1889 1155 2194 1211 differentia
2228 1157 2445 1226 quidem
2501 1171 2605 1210 non
2653 1155 2780 1219 crit,
2824 1153 3091 1223 siguificat
3135 1150 3277 1206 enim
3313 1147 3470 1203 nobis

1890 1263 1997 1303 non
2032 1263 2154 1305 esse
2185 1250 2425 1319 genitum
2458 1265 2471 1301 ε
2505 1246 2599 1303 sed
2631 1260 2805 1316 neque
2834 1244 2993 1298 talem
3023 1242 3131 1296 vim
3160 1255 3281 1296 esse
3311 1253 3470 1292 voca-

1889 1341 2017 1396 bulo
2064 1340 2450 1396 concedemus.
2512 1338 2651 1405 Quin
2701 1344 2947 1392 sumetur
2988 1333 3165 1402 potius
3208 1338 3467 1400 quantum

1889 1434 1957 1488 ad
1987 1447 2085 1489 eos
2115 1432 2333 1500 attinet,
2363 1440 2420 1485 ut
2449 1446 2642 1502 genuS,
2673 1428 2995 1498 simpliciter
3020 1439 3085 1479 ae
3113 1422 3249 1478 citra
3280 1420 3470 1476 discri-

1891 1540 2013 1581 men
2054 1543 2069 1580 :
2117 1526 2330 1581 tametsi
2370 1540 2399 1578 a
2443 1533 2591 1579 recta
2637 1522 2846 1576 ratione
2887 1519 3043 1590 longe
3082 1512 3468 1570 alienissimum

1891 1631 1976 1679 est
2009 1637 2178 1692 genus
2210 1620 2278 1676 de
2313 1620 2421 1674 Deo
2455 1616 2759 1680 nominare,
2791 1626 2913 1667 cum
2949 1609 3091 1664 nulla
3128 1619 3213 1661 res
3243 1605 3313 1659 sit
3345 1618 3469 1659 curn

1892 1714 2013 1783 ipso
2065 1721 2158 1768 aut
2214 1720 2340 1766 ante
2387 1710 2587 1779 ipsum.
2622 1704 3016 1776 Verumtameq
3049 1705 3381 1769 supponatur
3417 1697 3469 1748 in

1887 1804 2052 1877 427
2089 1804 2205 1874 ipso
2236 1817 2405 1874 genus
2438 1814 2558 1855 esse
2590 1797 2654 1851 τὸ
2686 1795 2986 1867 ingenitum
3010 1831 3027 1855 ,
3065 1797 3123 1844 ut
3157 1797 3362 1843 temere
3396 1785 3470 1839 illi

1886 1897 2161 1960 sentiunt,
2204 1909 2372 1964 genus
2410 1903 2589 1947 autem
2630 1888 2789 1944 nobis
2828 1883 3048 1941 omniuo
3090 1880 3224 1935 niltil
3260 1877 3469 1948 signiti-

1887 2001 2037 2052 care,
2080 2000 2148 2041 ne
2194 1983 2513 2039 differentia:
2560 1981 2737 2035 locum
2783 1984 2837 2030 et
2884 1974 2990 2026 vim
3034 1970 3296 2026 obtineat.
3334 1964 3468 2021 Cum

1885 2091 2016 2148 ergo
2048 2090 2149 2129 vox
2187 2071 2412 2143 ingeniti
2450 2068 2687 2123 nondum
2724 2059 3120 2132 expositionem
3158 2051 3346 2108 afferat
3375 2048 3470 2101 τοῦ

1886 2166 2128 2236 genitum
2158 2177 2262 2216 non
2291 2176 2432 2221 esse,
2458 2171 2682 2228 ecquam
2711 2151 2864 2207 nobis
2894 2151 3109 2205 demum
3142 2143 3321 2199 Patris
3348 2156 3469 2195 eunt

1887 2255 2028 2311 Filio
2068 2252 2426 2309 differentiam
2470 2244 2803 2304 ostenderit?
2845 2249 2938 2297 aut
2984 2236 3252 2317 quomodo
3294 2232 3469 2302 aliqua

1887 2347 2080 2402 saltem
2121 2346 2171 2398 in
2209 2358 2266 2398 re
2298 2342 2369 2397 sit
2405 2338 2651 2404 inferior,
2686 2337 2813 2391 licet
2847 2332 3060 2403 genitus
3096 2340 3216 2383 csse
3252 2337 3472 2380 censea-

1890 2449 1999 2505 tur,
2039 2435 2289 2506 equidem
2336 2432 2477 2486 haud
2518 2428 2674 2484 valde
2716 2440 2979 2497 assequor
3019 2442 3033 2478 ι
3080 2433 3135 2477 ιιι
3175 2434 3304 2475 vero
3342 2413 3470 2487 quid

1889 2531 1993 2593 ais.
2026 2527 2281 2583 llermia?

1965 2730 2025 2786 B.
2067 2730 2205 2797 Quid
2237 2729 2303 2785 ad
2334 2730 2458 2794 hoc,
2489 2741 2696 2798 quaesu.
2726 2727 2908 2782 dicere
2940 2722 3197 2795 possem?

1963 2822 2027 2876 Α.
2068 2820 2227 2891 Atqui
2259 2820 2392 2875 satis
2425 2832 2716 2889 superque,
2748 2817 2963 2885 opinor,
2994 2824 3049 2869 et
3078 2814 3221 2868 clarc
3251 2792 3472 2868 demon-

1891 2910 2185 2966 stravimus
2221 2909 2283 2963 τὸ
2321 2908 2618 2980 ingenitum
2660 2904 2997 2963 delinitionis
3031 2904 3138 2958 vim
3182 2918 3288 2957 non
3329 2911 3476 2956 reete

1891 3003 2136 3072 sciteque
2179 3016 2395 3071 capere,
2439 3000 2618 3054 minus
2666 2998 2885 3070 quidem
2939 2998 2993 3051 in
3047 2996 3133 3050 his
3182 2994 3477 3048 tractandis

1893 3093 2209 3156 exercitati,
2259 3092 2353 3147 sed
2404 3089 2720 3146 necessitati
2772 3090 2951 3159 potius
2999 3102 3162 3156 quant
3214 3085 3473 3140 voluntati

1899 3194 2174 3255 parentes,
2212 3198 2385 3252 eaque
2418 3183 2623 3237 utiliter
2654 3182 2988 3248 attingentes
3021 3194 3252 3251 quornm
3287 3193 3385 3231 usu
3423 3187 3473 3230 et

1898 3277 2125 3333 scicntia
2155 3289 2423 3331 caremus.
2449 3274 2515 3328 Et
2543 3288 2853 3344 quiunquam
2887 3270 3046 3325 facile
3078 3286 3182 3323 ιιιιιι
3216 3277 3296 3323 est
3328 3269 3477 3338 prins

1901 3369 2137 3424 inventis
2174 3381 2342 3422 novas
2377 3366 2619 3421 rationes
2654 3364 2875 3420 addere.
2912 3371 3092 3416 tamen
3120 3362 3170 3414 id
3193 3371 3477 3431 praestare,

1897 3460 2074 3529 quoad
2118 3468 2326 3528 potero,
2359 3459 2558 3515 enitar.
2592 3455 2759 3510 Aiunt
2800 3455 2962 3524 igitur
2995 3455 3083 3523 qni
3129 3454 3267 3506 itane
3308 3461 3476 3505 artem

1899 3552 2135 3606 maxime
2164 3551 2382 3618 callent,
2413 3561 2468 3607 et
2502 3551 2554 3605 in
2587 3564 2651 3604 ea
2684 3547 2914 3604 multum
2949 3555 3158 3613 tempus
3196 3546 3475 3600 triverunt.

1899 3648 2046 3702 omni
2089 3645 2388 3702 definitioni
2430 3642 2744 3708 convenire,
2788 3647 2848 3695 ut
2885 3637 3049 3710 vulgo
3094 3637 3313 3699 dieitur,
3352 3650 3477 3690 con·

1902 3752 2229 3796 versionem.

1972 3916 2034 3972 Β.
2078 3913 2221 3972 Sane
2249 3914 2377 3985 quid
2409 3913 2551 3970 istud
2585 3913 2657 3969 sit
2687 3928 2753 3968 ex
2785 3922 2837 3968 te
2869 3911 3044 3968 libens
3073 3908 3357 3964 audierim.

1974 4103 2039 4156 A.
2080 4099 2157 4155 Eo
2202 4099 2386 4169 itaque
2432 4108 2675 4153 revertor
2731 4092 2873 4150 unde
2917 4108 3037 4147 sum
3086 4091 3389 4162 digressus,
3429 4101 3483 4145 et

1901 4208 2022 4264 quae
2042 4193 2155 4264 jam
2181 4191 2295 4247 dixi
2347 4198 2605 4259 repetam.
2631 4185 2931 4242 Definimus
2960 4184 3235 4239 bominem
3265 4183 3316 4237 in
3342 4184 3485 4237 lium:

1903 4283 2121 4338 modum
2166 4300 2182 4339 ε
2227 4279 2432 4336 animal
2475 4277 2739 4361 rationale
2779 4272 3045 4338 mortale;
3084 4288 3283 4344 equum
3326 4286 3483 4336 vero,

1902 4376 2008 4430 hoc
2033 4382 2194 4445 paeto
2220 4392 2235 4429 ι
2268 4371 2467 4427 animal
2512 4368 2797 4427 hinnibile.
2825 4367 2901 4422 Ea
2926 4379 3056 4421 vero
3085 4365 3243 4420 aliter
3272 4381 3487 4435 quoque

205 4464 416 4539 “⁸59‘ss
442 4464 553 4520 *ὧν
591 4464 969 4539 προκειμένων
1000 4461 1098 4534 τὴν
1122 4461 1373 4533 δήλωσιν·
1406 4459 1502 4514 καὶ
1534 4457 1650 4513 Οὗτῑ
1689 4475 1791 4511 πω
1826 4489 1868 4547 1)
1900 4467 2365 4540 significabimus,
2398 4480 2502 4520 non
2534 4466 2719 4536 utique
2747 4480 2776 4519 a
2807 4465 3031 4536 primis,
3060 4459 3156 4516 sed
3185 4460 3256 4516 ab
3284 4459 3489 4514 ultimis

207 4558 436 4624 πάντως
457 4557 568 4612 ἀπὸ
597 4557 708 4613 τῶν
765 4555 1018 4629 πρώτων,
1053 4554 1172 4609 ἀλλ’
1214 4553 1279 4607 ἐκ
1314 4552 1425 4607 τῶν
1468 4549 1794 4605 τελευταίων

206 4653 430 4729 φωνῶν,
489 4653 681 4708 ἀνόπιν
735 4652 905 4722 ίόντες
956 4652 1049 4704 ἐπὶ
1097 4647 1196 4713 τὰς
1249 4647 1360 4701 τῶν
1408 4647 1552 4719 ὅρων
1599 4641 1797 4714 ἀρχάς.

208 4745 277 4809 Βί
329 4745 442 4817 γάρ
473 4746 561 4809 τίς
598 4747 717 4801 ἐστι
754 4743 948 4814 θνητόν
983 4759 1044 4795 τε
1091 4741 1184 4796 καὶ
1217 4738 1435 4808 λογικὸν
1489 4735 1650 4802 ζῶον,
1679 4732 1804 4789 τοῦ·

207 4831 548 4903 τοννοήσεις
580 4831 885 4905 ἄνθρωπον,
941 4831 1036 4883 καὶ
1081 4825 1147 4883 αὖ
1194 4828 1249 4882 εί
1283 4845 1337 4881 τι
1391 4823 1804 4898 χρεμετιστικὸν

208 4921 377 4998 ζῶον,
416 4921 577 4976 τοῦτο
611 4922 712 4993 τὴν
738 4922 906 4975 ἵππου
950 4920 1265 4993 παραδείξει
1302 4918 1483 4989 φύσιν.
1525 4920 1690 4989 Ὄρος
1712 4911 1804 4971 οὗν

209 5013 375 5087 εἴπερ
397 5014 518 5069 ἐστὶ
539 5014 602 5069 τδ
627 5015 943 5085 ἀγέννητον,
965 5014 1018 5067 τί
1050 5013 1124 5084 μὴ
1158 5012 1373 5083 δέχεται
1403 5009 1504 5080 τὴν
1532 5011 1807 5080 ἀντιστρο-

211 5109 328 5185 φὴν
350 5124 366 5174 ;
407 5107 485 5180 μὴ
511 5106 621 5179 γὰρ
651 5105 1057 5161 κατοκνούντων
1079 5104 1379 5176 ὁμολογεῖν,
1404 5101 1482 5167 ὡς
1509 5103 1563 5154 εί
1578 5101 1632 5155 τί
1657 5104 1806 5175 ἐστιν

210 5201 541 5272 ἁγὲννητον,
575 5198 733 5253 τοῦτο
765 5199 860 5254 καὶ
897 5200 1020 5270 ὅρος
1066 5196 1184 5250 ἐστι
1219 5195 1314 5249 καὶ
1350 5193 1509 5248 οὐσία
1538 5191 1633 5246 τοῦ
1666 5191 1804 5247 Θεοῦ

212 5296 315 5357 καὶ
350 5293 590 5366 Πατρός.
640 5292 777 5345 Ἀλλ’
808 5292 908 5345 οὐκ
947 5288 1212 5360 ἀληθὴςό
1252 5287 1430 5356 λόγος.
1464 5283 1654 5356 Μυρία
1695 5283 1805 5354 γὰρ

213 5388 321 5444 ὅσα
355 5388 539 5452 ταυτὶ,
570 5386 666 5439 καὶ
688 5383 922 5455 ἀριθμοῦ
950 5382 1255 5455 κρείττονα,
1286 5380 1380 5434 καὶ
1403 5377 1633 5449 ὀχληρὸν
1650 5371 1805 5447 οἶμαι

214 5479 290 5540 τὰ
312 5477 633 5534 καθέκαστα
681 5474 880 5544 λέγειν.
921 5472 1163 5544 Αίσθάνῃ
1189 5470 1253 5542 δὴ
1281 5467 1393 5534 οὖν,
1429 5469 1509 5533 είς
1548 5468 1682 5538 ὅσην
1708 5466 1805 5520 αὐ-

215 5571 338 5635 vote
363 5567 650 5624 διώλισθεν
682 5565 916 5622 ἀτοπίαν
939 5567 968 5619 ὁ
997 5563 1185 5632 λόγοςς

297 5661 361 5716 Β.
401 5659 534 5722 Ναὶ,
558 5659 706 5729 δεινή
747 5674 811 5727 γε
842 5656 1065 5726 σφόδρα.

304 5751 368 5804 Α.
408 5750 574 5821 Ὄρος
602 5748 658 5802 δὲ
706 5751 800 5802 καὶ
845 5747 1046 5819 ἑτέρως
1081 5746 1178 5799 οὐκ
1225 5744 1289 5798 ἂν
1319 5738 1455 5796 εἶναι
1492 5740 1708 5796 δύναιτο
1744 5740 1805 5793 τὸ

1905 4560 2126 4618 vocibus
2173 4566 2321 4613 retro
2364 4558 2612 4613 conversi
2662 4558 2728 4612 ad
2776 4558 3156 4616 definitionum
3205 4553 3383 4609 initia.
3428 4551 3484 4608 Si

1900 4654 2025 4725 quis
2063 4651 2206 4708 enim
2251 4659 2365 4714 est,
2401 4650 2631 4704 mortale
2671 4658 2727 4706 et
2769 4651 3035 4707 rationale
3079 4647 3309 4711 animal,
3345 4646 3488 4700 lmne

1903 4743 2177 4802 hominem
2202 4757 2324 4799 esse
2349 4740 2647 4812 iutelligcs;
2670 4749 2724 4796 et
2745 4741 3008 4807 vicissim,
3032 4742 3078 4797 si
3105 4740 3235 4812 quid
3258 4748 3343 4794 est
3367 4738 3488 4792 ltin-

1907 4834 2069 4891 nibile
2103 4833 2333 4901 animal,
2369 4832 2629 4902 hoeequi
2667 4841 2919 4885 naturam
2954 4832 3227 4888 ostendet.
3264 4830 3319 4885 Si
3358 4842 3489 4898 ergo

1902 4928 1965 4982 τὸ
1993 4926 2324 4996 ingenitum,
2354 4925 2594 4980 dctinitio
2623 4931 2741 4990 est,
2776 4923 2961 4993 quidni
2995 4924 3230 4978 admittit
3260 4935 3490 4978 conver·

1905 5016 2151 5072 sionem?
2184 5012 2265 5070 Ne
2296 5015 2439 5071 enim
2476 5012 2725 5069 confiteri
2766 5021 3059 5082 graventur
3089 5012 3254 5083 quod,
3275 5011 3320 5065 si
3360 5009 3488 5078 quid

1904 5117 1987 5163 est
2016 5106 2342 5179 ingenitum,
2370 5107 2473 5162 ltoe
2499 5105 2659 5160 etiam
2690 5104 2933 5160 delinitio
2958 5114 3073 5171 est,
3100 5112 3156 5159 et
3184 5101 3487 5156 substantia

1908 5198 2000 5256 Dei
2034 5215 2098 5255 ac
2135 5198 2332 5254 Patris.
2370 5197 2531 5268 Atqui
2570 5212 2696 5252 vere
2737 5197 2880 5254 istud
2922 5212 3025 5252 non
3069 5194 3289 5251 dicitnr.
3328 5192 3488 5247 ίιιιιιι-

1908 5305 2056 5345 mera
2090 5291 2236 5348 enim
2274 5291 2375 5346 ista
2413 5298 2557 5358 sunit,
2593 5305 2713 5361 quoe
2752 5288 3037 5344 molestum
3074 5293 3240 5350 esset,
3273 5285 3485 5355 opinor,

1908 5380 2179 5450 sigillatim
2209 5395 2554 5451 percensere.
2585 5380 2844 5452 lntelligis
2868 5394 3002 5449 ergo
3026 5387 3285 5449 quantam
3315 5379 3366 5434 in
3393 5379 3489 5433 ab·

1908 5472 2226 5529 surditatem
2258 5488 2446 5529 eorum
2476 5472 2789 5543 prolabatur
2814 5470 3031 5526 oratio?

1981 5651 2038 5704 B.
2081 5649 2277 5721 Utique
2307 5650 2461 5723 longe
2489 5652 2801 5707 maximam.

1982 5745 2047 5800 A.
2092 5742 2200 5799 Sed
2237 5753 2293 5799 et
2336 5742 2437 5800 alia
2482 5743 2623 5800 ratio
2660 5750 2744 5800 cst
2783 5742 2853 5798 ob
2891 5753 3052 5808 quam
3093 5737 3153 5792 τὸ
3194 5732 3489 5807 ingenitum
