3809 6125
362 308 495 366 ¹277

1481 308 1670 380 Quot>
1707 310 1901 370 unus
1939 309 2053 367 sn·
2091 312 2463 376 cnmsrus.

3466 336 3602 391 1273

331 428 485 484 ‘soto
520 427 577 482 δὲ
608 429 670 483 τὸ
698 430 907 503 χρῆμα,
933 430 1208 486 τουτέστιν
1235 431 1269 502 ἡ
1299 430 1497 503 χρίσις,
1531 431 1795 503 μετὰτῶν
1820 430 1925 501 τῆς
1951 434 1999 492 Α
2025 447 2112 489 res
2145 435 2279 505 ipsa,
2321 437 2424 493 boc
2459 446 2566 504 est,
2601 442 2805 508 unctio,
2854 454 3133 516 postquam
3172 451 3598 508 exinanitionem

271 546 274 549 ⁴
352 518 638 585 κενώσεως
661 523 879 593 τρόπων
912 522 1244 593 προσγέγονε
1275 522 1354 594 τῷ
1379 524 1693 591 Μονογενεῖ,
1714 523 1921 594 ἐναργῆ

355 614 450 685 τῆς
502 614 969 686 ὲνανθρωπήσεως
1019 619 1134 680 τοίς
1188 615 1559 690 ἀκροωμένοις
1607 614 1920 685 εἰσκομίζον

345 702 448 775 τὴν
491 703 746 775 δήλωσιν.
774 704 898 758 ’Ότι
931 706 1040 777 γάρ
1068 705 1353 775 κέχρισται
1387 705 1524 759 καθὸ
1556 704 1795 775 πέφηνεν
1820 702 1917 758 άν-

262 786 267 790 ’
343 791 586 864 θρωπος,
622 794 1061 865 κατασημήνειεν
1103 794 1169 849 ἂν
1194 791 1257 849 εὗ
1297 794 1464 866 μάλα.
1487 795 1550 848 Εἰ
1582 794 1681 863 μὲν
1721 788 1816 848 οὗν
1839 792 1915 863 μὴ

343 882 507 937 αὐτὸν
528 884 630 953 τῆς
663 882 800 954 μετά
827 884 1032 956 σαρκὸς
1053 884 1373 955 οἰκονομίας·
1396 883 1789 953 ἐδασανίζομεν
1813 882 1917 937 Δό-

342 990 461 1044 γον,
487 974 605 1030 ἀλλ’
641 975 746 1041 ἔξω
779 993 882 1029 που
911 976 1050 1041 τέως
1075 976 1186 1031 τῶν
1219 975 1320 1048 τῆς
1353 972 1635 1039 κενώσεως
1661 974 1791 1032 ὄντα
1817 974 1915 1045 μί·

341 1080 488 1134 τρων
515 1065 811 1138 προῦκειτο
846 1067 1064 1139 βλέπειν
1099 1067 1192 1123 τὸν
1230 1065 1493 1139 μονογενῆ
1518 1067 1615 1123 τοῦ
1644 1066 1780 1122 Θεοῦ
1810 1066 1913 1121 Δό-

338 1168 462 1226 τον,
488 1152 558 1229 ἦν
584 1157 652 1212 ἂν
673 1159 768 1213 καὶ
809 1160 953 1231 μάλα
983 1161 1207 1225 εἰκότως
1233 1158 1507 1229 ἀσύφηλον
1532 1157 1749 1230 κομιδῇ,
1771 1158 1910 1228 Χρι-

341 1251 470 1305 στὸν
516 1250 801 1323 ὀνομάζειν
844 1254 938 1307 τὸν
974 1253 1049 1325 μὴ
1079 1253 1459 1325 κεχρισμένον.
1495 1251 1714 1321 Ἐπειδὴ
1752 1251 1810 1304 δὲ
1848 1249 1910 1304 τὸ

339 1341 484 1397 θεῖον
512 1343 605 1398 καὶ
637 1343 925 1416 ίερώτατον
957 1346 1218 1417 Γράμμα,
1253 1345 1432 1417 σάρκα
1461 1335 1711 1413 γενέσθαι
1744 1341 1908 1413 φησιν

337 1433 524 1497 αὐτὸν,
553 1433 757 1507 πρέποι
802 1435 849 1489 δ’
866 1434 948 1505 ,ἀν
991 1436 1094 1507 ἤδη
1135 1433 1231 1490 καί
1260 1436 1294 1506 ἠ
1326 1434 1506 1506 χρίσις
1552 1431 1723 1505 αὑτῷ,
1754 1449 1908 1502 γενο·

339 1524 478 1597 μένη
512 1526 642 1597 περὶ
671 1526 772 1596 τὴν
804 1526 1098 1599 σάρκωσιν,
1134 1527 1259 1597 ἥτις
1301 1527 1448 1581 ἐστὶν
1475 1521 1658 1583 αὐτοῦ.
1698 1525 1907 1598 Γράφει

336 1615 471 1686 γοῦν
495 1617 525 1670 ό
554 1616 828 1687 πάνσοφος
862 1617 1071 1682 Παῦλος
1097 1635 1112 1652 ·
1145 1637 1165 1671 ι
1192 1618 1260 1672 Ὅ
1285 1635 1345 1672 τε
1370 1618 1479 1689 γὰρ
1518 1615 1784 1686 ἁγιάζων,
1810 1616 1907 1672 καὶ

337 1708 392 1762 οἰ
425 1708 794 1780 ἁγιαζόμενοι.
843 1709 905 1776 ἐξ
933 1711 1052 1775 ἐνὸς
1106 1712 1335 1775 πάντες·
1369 1711 1439 1766 δι’
1488 1711 1558 1782 ἢν
1597 1709 1777 1766 αἰτίαν
1803 1710 1904 1764 οὐκ

316 1800 729 1872 ,ἐπαισχύνεται
749 1802 1012 1873 ἀδελφους
1035 1803 1234 1868 αὐτους
1263 1802 1468 1868 καλεῖν,
1493 1802 1687 1873 λέγων’
1703 1803 1909 1870 'Amy-

336 1894 483 1965 γελῶ
500 1894 562 1949 τὸ
588 1895 760 1967 ὄνομά
784 1912 876 1950 σου
901 1899 1013 1961 τοίς
1035 1896 1282 1967 ἀδελφοῖς
1310 1912 1446 1967 μου·
1473 1913 1493 1948 ι
1517 1894 1774 1968 ἠγιάζετο
1796 1895 1908 1965 γάρ

340 1986 463 2059 μεθ’
478 1987 658 2057 ἡμῶν,
678 1990 738 2042 ὅτ
742 2005 768 2042 ε
788 1990 979 2059 γέγονε
1002 1989 1123 2044 καθ
1143 1990 1311 2061 ἡμᾶς.
1317 1989 1440 2043 Ὅτι
1461 1988 1519 2043 δὲ
1538 1986 1756 2060 ἀληθῶς
1782 1987 1905 2053 rte<

332 2078 367 2133 ὁ
394 2078 681 2151 χριόμενος
729 2075 820 2152 ἦν,
867 2079 1000 2134 καθὸ
1036 2080 1228 2150 γέγονε
1277 2078 1436 2151 σάρξ,
1483 2080 1655 2151 ἥγουν
1678 2080 1907 2143 wassero<

330 2168 641 2240 ἅνθρωπος,
665 2171 1000 2226 πιστώσεται
1027 2171 1202 2240 λέγων
1219 2173 1248 2226 ό
1267 2170 1552 2236 Θεσπέσιος
1578 2170 1744 2226 Διδίδ
1767 2170 1904 2243 πρὸς

328 2261 527 2317 αὐτόν·
574 2280 594 2315 ι
638 2262 696 2317 '0
726 2262 914 2334 θρόνος
945 2280 1062 2327 σου,
1095 2265 1125 2318 ό
1165 2263 1320 2329 Θεὸς,
1359 2264 1440 2327 εἰς
1466 2263 1559 2318 τὸν
1587 2261 1760 2318 αἰῶνα
1807 2261 1902 2317 τοῦ

324 2351 561 2415 αἰῶνος·
610 2350 809 2423 ράὅδος
839 2351 1138 2423 εὐθύτητος
1167 2354 1203 2423 ἠ
1242 2352 1437 2425 passo<
1487 2351 1589 2423 τῆς
1624 2350 1903 2423 βασιλείας

324 2458 450 2498 σου.
484 2442 809 2515 Ἡγάπησας
833 2442 1199 2515 δικαιοσύνην,
1231 2443 1326 2498 καὶ
1352 2442 1622 2515 ἐμίσησας
1640 2440 1901 2512 ἀνομίαν,

320 2533 417 2590 διὰ
432 2534 594 2589 τοῦτο
620 2533 808 2607 ἐχρισέ
840 2552 899 2589 σε
927 2537 957 2589 ὁ
986 2534 1139 2601 Θεὸς,
1168 2536 1198 2589 ὁ
1219 2534 1353 2599 Θεός
1390 2550 1504 2601 σου,
1529 2534 1707 2590 ἐλαίαν
1731 2534 1900 2603 ἀγαλ·

326 2624 559 2691 λιάσεως
596 2625 749 2699 παρὰ
774 2625 903 2691 τοὺς
934 2625 1193 2697 μετάχους
1221 2642 1337 2680 σου.
1372 2642 1392 2677 ι
1426 2624 1594 2689 Σύνες
1619 2619 1735 2692 σῦν,
1754 2626 1903 2690 ὅπως

323 2719 423 2773 καὶ
451 2717 585 2773 Θεὸν
613 2717 806 2784 εἰπὼν,
832 2720 927 2776 καὶ
955 2719 1147 2791 θρόνον
1169 2717 1318 2791 αὐτῷ
1338 2718 1432 2773 τὸν
1450 2720 1531 2785 εἰς
1550 2718 1725 2776 αἰῶνα
1754 2718 1898 2783 δοὺς,

320 2809 614 2880 κεχρίσθαί
642 2827 776 2881 φησι
811 2810 964 2884 παρά
987 2808 1146 2876 Θεοῦ,
1167 2810 1326 2881 δῆλον
1345 2810 1404 2865 δὲ
1435 2810 1518 2865 ὅτι
1538 2808 1635 2864 τοῦ
1663 2799 1898 2881 Πατρὸς,

325 2898 593 2973 ἐξαιρέτῳ
631 2901 740 2955 τινὶ
775 2902 956 2974 χρίσει
990 2901 1140 2973 παρὰ
1177 2900 1308 2964 τοῦς
1344 2899 1674 2972 μετέχοντας
1709 2898 1896 2964 αὐτοῦ,

322 2990 602 3045 τουτέστιν
634 2993 806 3061 ἡμᾶς.
839 2993 902 3046 Εἰ
941 2992 1050 3064 γὰρ
1088 2992 1313 3061 γέγονεν
1357 2992 1669 3066 ἄνθρωπος’,
1715 2990 1898 3047 καίτοι

320 3080 462 3141 Θεὸς
483 3077 558 3129 ὢν
586 3079 616 3128 ό
642 3077 834 3142 Λόγος,
862 3077 978 3132 ἀλλ’
1007 3074 1077 3147 ἦν
1104 3081 1199 3133 καὶ
1231 3078 1406 3144 οὕτως
1444 3080 1750 3152 ἀπροσδεὴς
1790 3078 1900 3135 τῶν
1927 3097 1971 3156 c

327 3168 431 3237 τῆς
468 3164 606 3228 ἰδίας
647 3163 864 3232 φύσεως
905 3165 1150 3234 ἀγαθῶν,
1193 3167 1490 3237 αὐτοτελής
1530 3185 1591 3220 τε
1638 3169 1900 3239 ὑπάρχων

327 3258 430 3311 καὶ
476 3257 692 3328 πλήρης
745 3255 970 3327 χάριτος
1024 3256 1121 3311 καί
1173 3255 1452 3328 ἀληθείας,
1499 3256 1643 3315 κατά
1694 3276 1758 3330 γε
1802 3262 1902 3332 τὴν

344 3351 593 3408 Ἰωάννου
621 3351 836 3422 φωνήν·
864 3348 960 3405 καὶ
992 3347 1104 3422 ἔχει
1140 3349 1240 3421 μὲν
1266 3346 1657 3422 αὐτὸξάρτίως
1690 3352 1772 3416 εἰς
1791 3355 1901 3409 πᾶν

324 3441 507 3500 ὁτιοῦν
529 3441 637 3497 τῶν
660 3442 1003 3517 θεοπρεπῶν,
1034 3442 1141 3503 ἀπὸ
1170 3441 1229 3498 δέ
1258 3440 1357 3497 τοῦ
1397 3441 1761 3515 πληρώματος
1799 3448 1900 3501 αύ-

323 3532 424 3590 τοῦ
457 3532 659 3598 πάντες
692 3536 849 3610 ἡμεῖς
886 3532 1178 3606 ἐλάθομεν,
1216 3533 1358 3590 κατά
1388 3535 1446 3588 τὸ
1491 3537 1896 3608 γεγραμμένον.

333 3622 506 3695 Ὀμοῦ
541 3625 833 3698 τοιγαροῦν
871 3628 991 3691 τοίς
1015 3626 1116 3697 τῆς
1170 3625 1304 3691 ἰδίας
1350 3626 1770 3700 ἀνθρωπότητος
1805 3628 1900 3701 μέ-

222 3768 227 3791 ,
323 3731 472 3786 τροις
505 3716 604 3772 καὶ
641 3716 717 3771 τὰ
742 3715 907 3771 αὐτοῦ
941 3716 1331 3788 οἰκειούμενος,
1371 3717 1606 3791 Χριστὸς
1633 3719 1896 3792 ὀνομάζε-

321 3820 437 3873 ται,
453 3804 566 3861 κᾶν
588 3809 636 3860 εἰ
666 3808 740 3878 μὴ
767 3806 1053 3879 κεχρίσθαι
1090 3809 1284 3872 νοοίτο,
1311 3811 1452 3865 κατά
1479 3825 1565 3880 γε,
1589 3811 1752 3883 φημι,
1773 3811 1893 3884 τὴν,

329 3906 434 3970 τῆς
466 3899 720 3971 θεότητος
750 3899 932 3969 φύσιν,
966 3901 1136 3971 ἠγουν
1162 3900 1298 3955 καθὸ
1325 3903 1526 3958 νοεῖται
1548 3901 1702 3968 Θεός.
1745 3904 1898 3960 Ἐπεὶ

324 3991 552 4064 φράσον,
587 3991 703 4056 πιῖις
720 3990 923 4063 ἑτέρως
955 3991 1115 4046 νοοῖτ’
1145 3991 1214 4047 ἀν
1232 3990 1488 4063 Χριστὸς,
1511 3992 1642 4058 Υἰὸς
1666 3994 1762 4050 καὶ
1778 3995 1895 4049 Κύ-

324 4098 462 4154 ριος,
502 4082 857 4151 ἀπαξιοῦντος
883 4081 981 4137 τοῦ
1025 4083 1366 4154 Μονογενοῦς
1408 4083 1507 4156 τὴν
1550 4085 1755 4157 χρίσιν,
1798 4087 1894 4140 καὶ

319 4174 432 4229 τῶν
462 4174 562 4245 τῆς
593 4173 874 4240 κενώσεως
906 4175 1120 4248 μέτρων
1144 4175 1246 4229 οὐκ
1275 4175 1633 4248 ἀνεχομένου;

393 4349 457 4405 Β.
505 4348 729 4420 Ἑτέραν
746 4349 809 4419 γέ
841 4348 1015 4422 πωςῆ
1050 4350 1173 4405 καθ’
1200 4352 1351 4425 ἡμᾶς
1390 4351 1562 4407 ίενται
1588 4353 1802 4427 τρίδον,
1832 4356 1894 4411 τὸ

2020 525 2205 593 subiit,
2238 524 2524 598 Unigenito
2550 533 2800 597 accessit.
2830 536 3169 594 manifestam
3206 542 3599 599 incarnationis

2018 613 2133 667 sive
2171 614 2573 675 humanationis
2608 621 3055 692 significationem
3110 631 3443 689 auditoribus
3496 634 3597 687 im·

1995 702 2256 759 .mittens.
2296 702 2451 772 Quod
2488 707 2635 763 enim
2680 720 2876 769 unctus
2911 715 3004 781 sit,
3033 728 3301 787 qnatenus
3343 723 3594 792 apparuit

2017 789 2199 855 ltomo,
2233 794 2437 863 optime
2469 797 2729 854 declarat.
2757 800 2816 856 Si
2858 818 2987 875 ergo
3012 809 3421 869 cousideremns
3455 813 3588 869 Ver·

1991 882 2163 950 -Ιιιιιιι,
2209 899 2313 941 non
2343 887 2505 957 quale
2538 901 2623 945 est
2662 902 2944 965 postquam
2975 898 3497 962 administrationem
3532 908 3586 963 in

1993 987 2176 1028 carne
2202 976 2387 1039 subiit,
2414 980 2508 1033 sed
2536 982 2696 1050 quale
2721 992 2841 1039 erat
2869 986 3202 1057 unigenitum
3230 990 3322 1048 Dei
3352 993 3587 1052 Verbum

2013 1074 2304 1133 antequam
2338 1068 2761 1128 exinanitionem
2782 1078 3089 1133 sustinuit.
3073 1096 3088 1110 ·
3125 1082 3418 1140 absurdum
3454 1102 3587 1143 sane

1994 1153 2180 1211 inerit
2200 1155 2474 1214 Christum
2497 1173 2714 1227 vocare,
2725 1178 2847 1219 eum
2873 1168 2963 1236 qni
2990 1180 3186 1227 unctus
3210 1187 3314 1229 non
3335 1176 3425 1232 sit.
3450 1175 3585 1234 Cum

2012 1258 2143 1300 vero
2174 1246 2350 1302 divina
2372 1258 2428 1303 et
2446 1251 2812 1309 sacratissima
2844 1256 3118 1328 Scriptura
3161 1277 3377 1320 carnem
3412 1266 3585 1336 ipsum

2011 1331 2212 1389 lactum
2235 1349 2357 1392 esse
2372 1337 2473 1404 ait,
2489 1341 2673 1397 uuictio
2686 1345 2869 1399 certe
2856 1348 2957 1415 ipsi
2984 1351 3269 1409 conveniat
3289 1353 3428 1411 lacta
3443 1358 3584 1413 circa

2011 1424 2458 1493 incarnationem,
2473 1443 2598 1500 qum
2620 1432 2787 1501 ipsius
2817 1443 2921 1492 est.
2942 1436 3142 1495 Scribit
3175 1442 3356 1514 itaque
3384 1451 3587 1518 sapien-

2012 1517 2252 1581 tissimus
2294 1519 2529 1578 Paulus:
2571 1542 2589 1575 ι
2616 1523 2718 1592 Qui
2761 1527 2906 1581 enim
2956 1532 3585 1609 sanctificatetquisan·

2006 1611 2340 1676 ctilicantnr,
2377 1626 2444 1666 ex
2506 1628 2613 1668 uno
2658 1630 2867 1674 omnes.
2920 1619 3147 1691 Propter
3176 1640 3338 1693 quam
3368 1643 3585 1686 causam

2009 1714 2115 1755 non
2142 1700 2495 1756 confunditur
2526 1702 2724 1761 fratres
2756 1720 2851 1762 eos
2879 1722 3096 1779 vocare,
3133 1713 3320 1771 dicens
3368 1732 3382 1770 ε
3439 1717 3579 1774 Nun·

2014 1790 2160 1846 tiabo
2187 1806 2380 1848 nomen
2436 1802 2586 1848 tuum
2623 1792 2885 1853 iratribus
2932 1800 3069 1857 meis
3095 1803 3167 1855 ”.
3203 1821 3223 1856 ι
3266 1803 3583 1864 Sanctifica-

2012 1891 2098 1937 tus
2135 1882 2280 1936 enim
2325 1893 2410 1938 est
2458 1884 2766 1952 nobiscum,
2816 1890 3029 1957 quando
3076 1892 3251 1950 iactus
3295 1906 3380 1952 est
3413 1899 3582 1954 nostri

2007 1970 2222 2027 similis.
2258 1972 2410 2039 Quod
2444 1984 2621 2030 antem
2645 1991 2771 2033 vere
2795 1978 2965 2036 Filius
2987 1992 3104 2038 erat
3136 1985 3226 2055 qui
3257 1996 3453 2044 unctus
3478 1999 3581 2055 est,

2006 2072 2273 2132 quatenus
2298 2066 2470 2121 sactus
2491 2074 2575 2122 est
2601 2082 2749 2136 caro,
2773 2072 2889 2128 sive
2916 2074 3191 2142 perlectus
3219 2079 3403 2144 bomo.
3425 2081 3581 2138 tidem

2009 2152 2168 2209 faciet
2199 2154 2412 2211 divinus
2427 2157 2617 2224 David,
2639 2159 2712 2214 ita
2743 2162 2813 2217 ad
2839 2177 2963 2218 eum
2983 2163 3460 2241 toqnonsqugc
3493 2171 3596 2230 Se-

2008 2248 2103 2301 des
2136 2254 2247 2312 tua,
2272 2246 2436 2314 Deus,
2472 2250 2524 2304 in
2549 2250 2802 2306 saeculum
2828 2256 3007 2311 saeculi
3033 2256 3220 2328 :virga
3250 2259 3579 2330 directionis,

2004 2336 2155 2404 virga
2179 2338 2327 2408 regni
2362 2339 2459 2394 tui.
2491 2338 2735 2398 Dilexisti
2764 2344 3054 2413 justitiam,
3082 2355 3139 2404 et
3164 2349 3329 2405 odisti
3371 2351 3576 2423 iniqui-

1999 2435 2169 2483 tatem
2200 2440 2522 2501 :propterea
2553 2434 2707 2489 unxit
2729 2442 2782 2491 ιε
2814 2435 2974 2506 Deus,
2999 2439 3143 2496 Deus
3173 2450 3298 2499 tuus
3331 2442 3452 2501 oleo
3487 2444 3581 2502 lae-

2007 2516 2138 2572 titia)
2157 2531 2271 2588 pra
2303 2520 2649 2577 consortibus
2680 2522 2786 2579 tuis
2823 2525 2893 2577 ⁷⁸.
2924 2543 2944 2578 ι
2980 2526 3366 2589 Animadverte
3401 2533 3582 2604 itaque

2004 2622 2116 2677 qno
2144 2618 2300 2677 pacto
2327 2624 2451 2666 cum
2495 2620 2551 2667 et
2596 2611 2763 2669 Deum
2821 2616 3137 2684 nominarit,
3170 2628 3224 2675 ει
3262 2622 3441 2677 sedem
3477 2623 3580 2693 ipsi

2005 2696 2060 2753 in
2092 2698 2289 2755 saecula
2318 2701 2650 2770 attribuerit,
2678 2714 2901 2762 unctum
2927 2721 3053 2763 esse
3080 2709 3213 2766 dicit
3238 2725 3269 2765 a
3302 2712 3432 2780 Deo,
3469 2729 3579 2770 ma·

2003 2789 2262 2847 nilestum
2301 2802 2485 2849 autem
2522 2803 2609 2851 est
2644 2798 2788 2867 quod
2828 2812 2858 2852 a
2898 2797 3080 2865 Patre,
3113 2802 3311 2857 eximia
3347 2806 3580 2874 quadam

2004 2882 2259 2942 unctione
2302 2899 2415 2955 prae
2457 2889 2670 2943 caeteris
2714 2890 3070 2959 participibus
3115 2891 3304 2962 ipsius,
3345 2895 3447 2951 hoc
3477 2906 3579 2961 est.

2005 2974 2181 3030 nobis.
2208 2973 2447 3031 Tametsi
2475 2976 2622 3033 enlm
2647 2978 2850 3035 sactum
2883 2990 2968 3036 est
3000 2982 3185 3049 bomo,
3216 2983 3358 3040 Deus
3382 2987 3579 3058 alioqui

2003 3069 2278 3125 exsistens
2316 3067 2584 3137 Verbum,
2619 3081 2742 3128 erat
2784 3081 2965 3129 tamen
3005 3074 3173 3130 etiam
3217 3076 3322 3133 liae
3370 3079 3579 3134 ratione

2003 3161 2233 3231 propriae
2270 3175 2383 3218 snae
2424 3171 2631 3219 natnrae
2664 3163 2927 3220 bonorum
2961 3178 3301 3239 nequaquam
3342 3169 3576 3240 indigns,

2003 3263 2099 3320 per
2117 3263 2180 3306 so
2207 3249 2479 3320 perlectus
2512 3251 2801 3318 exsistens,
2835 3262 2893 3309 et
2927 3270 2948 3305 ι
2977 3253 3171 3324 plenus
3197 3257 3384 3327 gratiae
3409 3269 3465 3314 et
3487 3274 3579 3315 re·

2000 3341 2180 3397 ritatis
2217 3340 2286 3408 ⁷⁸,
2318 3359 2338 3394 ι
2376 3351 2438 3397 ιιι
2475 3342 2653 3413 inquit
2696 3340 2956 3400 loannes.
2980 3345 3158 3416 Atque
3202 3348 3315 3417 ipse
3360 3349 3577 3418 quidem

2000 3432 2146 3487 omni
2177 3445 2375 3503 genere
2397 3432 2702 3488 divinorum
2734 3435 2997 3491 bonorum
3031 3436 3302 3493 abundat:
3335 3457 3355 3491 ι
3392 3440 3438 3493 Δ
3466 3441 3569 3509 ple·

2000 3525 2247 3581 nitudinc
2270 3540 2398 3581 vero
2428 3526 2598 3596 ipsius
2622 3540 2812 3584 omnes
2834 3543 2932 3584 nos
2954 3530 3261 3600 accepimns
3279 3532 3346 3596 ’⁸,
3374 3550 3394 3585 ι
3422 3533 3574 3601 juxta

2000 3611 2360 3684 scripturam.
2405 3612 2659 3671 Christus
2706 3614 2887 3685 itaque
2931 3626 3177 3685 vocatur,
3220 3620 3313 3689 qni
3347 3621 3413 3675 ad
3452 3636 3575 3690 pro-

1998 3703 2131 3772 prim
2158 3718 2272 3759 suae
2301 3703 2655 3761 humanitatis
2675 3706 3038 3764 conditionem
3069 3709 3231 3764 etiam
3258 3725 3377 3780 qum
3405 3712 3574 3780 ipsius

2002 3807 2132 3854 sunt
2176 3799 2484 3869 cunjunxit,
2522 3801 2735 3858 tametsi
2780 3817 2887 3859 non
2938 3804 3267 3874 intelligatur
3312 3821 3431 3863 esse
3474 3825 3574 3864 un·

1996 3898 2137 3953 ctus,
2168 3887 2446 3954 nimirum,
2486 3892 2790 3947 secundum
2824 3901 3073 3949 naturam
3106 3895 3425 3959 divinitatis,
3457 3899 3572 3955 sivc

1995 3989 2261 4052 quatenus
2304 3989 2555 4038 censetur
2600 3982 2763 4041 Deus.
2822 3984 3099 4056 Siquidem
3151 3988 3273 4052 dic,
3306 3989 3566 4062 obsecro,

1993 4073 2261 4143 quomodo
2294 4072 2450 4129 aliter
2477 4074 2697 4146 intelligi
2724 4076 2893 4146 possit
2912 4077 3159 4134 Christus
3182 4078 3350 4134 Filius
3381 4091 3435 4136 ct
3462 4081 3568 4137 Do-

1995 4165 2193 4233 minus,
2222 4164 2268 4222 si
2299 4163 2621 4237 unigenitus
2654 4167 2966 4224 unctionem
3011 4169 3357 4242 dedignetur,
3401 4183 3564 4245 atquc

1991 4256 2378 4314 exinanitionis
2399 4259 2762 4316 conditionem
2792 4261 3092 4317 detrectet?

2061 4345 2128 4402 B.
2164 4348 2282 4404 Alia
2315 4349 2469 4421 longe
2497 4364 2659 4418 quam
2701 4365 2800 4405 nos
2840 4351 2926 4406 vis
2970 4351 3247 4421 incedunt,
3288 4355 3565 4429 religionis

302 4418 422 4515 ’τῆς
453 4444 736 4508 εὐσεὸεἰας
782 4445 1079 4516 μυστήριον
1119 4445 1393 4510 ἀσυνέτως
1415 4445 1886 4518 διερμηνεύοντες.
1922 4437 1965 4493 Ι)
1994 4439 2307 4512 mysterium
2337 4442 2586 4511 imperite
2609 4442 2966 4512 explicantes·
3007 4445 3175 4500 Aiunt
3219 4448 3387 4512 euim,
3422 4449 3566 4518 quml

313 4534 459 4588 Φασὶ
486 4534 592 4605 γὰρ
617 4533 693 4596 ὡς
718 4533 748 4586 ό
774 4531 908 4597 Θεὸς
932 4532 1102 4602 Λόγος
1127 4533 1418 4605 ἄνθρωπον
1445 4534 1637 4606 εἴληφε
1657 4536 1888 4603 τέλειον,

314 4624 388 4680 ἐκ
419 4624 732 4697 σπέρματος
763 4624 895 4681 δντα
925 4625 1179 4699 ’Δόραάμ
1233 4628 1328 4682 καὶ
1376 4627 1562 4696 uasta,
1614 4629 1761 4685 κατὰ
1787 4630 1889 4702 τὴν

323 4717 664 4789 ςιαγόρευσιν
687 4716 798 4771 τῶν
825 4716 1078 4789 Γραφῶν,
1108 4718 1270 4773 τοῦτο
1295 4717 1424 4773 ὅντα
1443 4718 1544 4791 τὴν
1565 4719 1728 4788 φύσιν
1749 4721 1889 4795 ὅπερ

311 4804 462 4879 ἦσαν
495 4808 714 4871 ἐκεῖνοι,
759 4797 946 4880 ὧνπερ
993 4809 1061 4862 ἐκ
1105 4807 1416 4881 σπέρματος
1465 4805 1557 4881 ἦν,
1597 4809 1886 4881 ἄνθρωπον

311 4897 524 4954 τέλειον
555 4897 654 4970 τὴν
680 4898 864 4969 φύσιν,
891 4901 956 4954 ἐκ
986 4899 1169 4971 ψυχῆς
1214 4915 1277 4954 τε
1309 4902 1504 4973 νοερᾶς
1545 4902 1640 4955 καὶ
1680 4903 1885 4973 σαρκὸς

313 4989 632 5047 συνεστῶτα
652 4992 1021 5064 ἀνθρωπίνης,
1049 4991 1111 5046 δν
1138 4991 1424 5065 ἄνθρωπον
1440 4993 1570 5048 ὄντα
1593 4993 1716 5049 καθ’
1740 4996 1888 5066 ἡμᾶς

314 5085 414 5157 τὴν
438 5080 623 5152 φύσιν,
647 5083 964 5156 Πνεύματος
994 5085 1151 5154 ἁγίου
1177 5085 1404 5156 δυνάμει
1436 5087 1494 5139 ἐν
1514 5088 1580 5157 τῇ
1609 5085 1709 5157 τῆς
1735 5088 1883 5156 Παρ-

314 5176 470 5229 θένου
506 5173 693 5245 μήτρᾳ
728 5171 1146 5237 διαπλασθέντα,
1177 5174 1466 5245 γενόμενόν
1504 5191 1566 5229 τε
1595 5177 1661 5230 ἐκ
1702 5191 1891 5244 γυναι-

316 5262 433 5327 κὸς,
461 5262 752 5332 γενόμενον
790 5260 896 5315 ὑπὸ
919 5261 1105 5333 νόμον,
1139 5260 1225 5315 ἴνα
1273 5261 1480 5326 πάντας
1508 5263 1661 5332 ἡμᾶς
1687 5262 1883 5329 ἐξαγο-

314 5353 463 5427 ράσῃ
504 5353 605 5424 τῆς
634 5350 730 5407 τοῦ
771 5353 938 5424 νόμου
991 5351 1253 5417 δουλείας,
1292 5351 1394 5425 τὴν
1431 5351 1715 5424 πόρρωθεν
1749 5369 1884 5423 προ-

309 5440 628 5512 ωρισμένην
669 5440 941 5495 υἱοθεσίαν
971 5439 1364 5508 ἀπολαῦόντας,
1403 5440 1607 5503 καινῶς
1646 5440 1883 5512 συνῆψεν

307 5532 514 5603 ἐαυτῷ,
559 5534 792 5587 θανάτου
822 5533 923 5604 μέν
971 5533 1153 5599 αὑτὸν,
1194 5532 1334 5588 κατὰ
1364 5532 1527 5602 νόμον
1559 5531 1879 5604 ἀνθρώπων,

385 5649 432 5680 ⁷¹
467 5645 627 5700 liebr.
666 5660 726 5711 ιι,
760 5644 844 5698 l2.
919 5647 963 5679 ⁷³
998 5645 1137 5701 Psal.

309 5719 360 5752 '⁸
388 5717 564 5773 Galat.
605 5731 676 5781 tv,
713 5715 766 5777 ἐ,
803 5715 851 5768 5.

1996 4531 2136 4585 Deus
2168 4526 2404 4585 Verbum
2457 4531 2732 4586 bominem
2777 4534 3009 4602 sumpsit
3054 4535 3375 4604 perlectum,
3416 4541 3564 4595 exsi-

1990 4629 2223 4674 stentem
2246 4633 2313 4674 ex
2347 4619 2555 4674 semiue
2581 4620 2812 4676 Abrabae
2839 4631 2894 4677 et
2918 4622 3083 4677 David
3112 4624 3180 4690 ²⁸,
3210 4625 3281 4679 ita
3315 4635 3375 4680 ut
3398 4628 3562 4683 edixit

1993 4706 2297 4780 Scriptura,
2334 4710 2581 4781 idipsum
2619 4721 2808 4768 natura
2852 4715 3225 4782 exsistentem,
3264 4718 3408 4786 quod
3451 4719 3564 4774 iue-

1990 4811 2114 4858 rant
2147 4803 2221 4859 itti
2247 4817 2525 4874 equorum
2558 4805 2763 4860 semine
2786 4814 2904 4862 erat
2932 4807 3000 4871 'u
3037 4806 3309 4864 hominem
3352 4810 3560 4879 perfec-

1992 4905 2104 4953 tum
2126 4905 2342 4962 natura,
2366 4910 2431 4951 ex
2455 4897 2637 4952 anima
2667 4896 2997 4968 intelligente
3030 4908 3087 4954 et
3137 4913 3304 4956 carne
3327 4901 3562 4957 bumana

1943 4982 1952 4989 '
1990 4999 2348 5054 constantem,
2371 5003 2529 5058 quem
2547 4989 2762 5058 quidem
2794 4990 3083 5053 hominem.
3108 5007 3230 5048 cum
3251 5005 3395 5049 esset
3421 4995 3560 5065 ejus·

1992 5080 2114 5136 dem
2158 5082 2444 5137 nobiscum
2496 5089 2722 5146 naturae,
2771 5081 3005 5152 Spiritus
3052 5086 3225 5141 sancti
3262 5086 3458 5142 virtute
3508 5087 3559 5139 in

1996 5181 2153 5227 utero
2182 5172 2420 5243 Virginis
2461 5171 2771 5239 formatum,
2820 5173 3022 5230 lactum
3063 5176 3326 5249 sublege,
3364 5185 3423 5231 nt
3462 5192 3559 5231 nos

1990 5277 2181 5318 omncs
2209 5264 2498 5320 redimeret
2524 5279 2554 5317 a
2582 5264 2840 5320 servitute
2867 5264 2998 5336 legis
3018 5266 3085 5331 ¹⁸,
3116 5267 3423 5322 tiliationem
3444 5265 3555 5337 jam

1990 5354 2119 5409 olim
2148 5356 2577 5424 predestinatam
2604 5355 2846 5425 adeptos,
2875 5370 3001 5412 eum
3022 5358 3322 5414 admirabili
3350 5359 3556 5414 ratione

1990 5446 2267 5514 conjunxit
2307 5455 2365 5500 et
2392 5445 2779 5516 conglutinavit
2800 5446 2903 5502 sibi
2927 5486 2943 5512 ,
2987 5458 3043 5502 et
3076 5455 3300 5502 mortem
3338 5449 3552 5519 quidem

1991 5536 2226 5591 hunuano
2250 5552 2398 5591 more
2415 5538 2566 5592 obire
2594 5537 2791 5606 voluit;
2813 5540 3091 5595 suscitavit
3111 5554 3239 5595 vero
3252 5540 3497 5598 eumdem
3519 5559 3551 5598 a

1187 5661 1327 5711 mv,
1358 5645 1408 5710 ⁷,
1436 5644 1480 5732 ,8
1601 5644 1645 5675 ‘⁸
1668 5642 1827 5701 Joan.
1861 5663 1898 5713 ι,
1934 5649 2014 5707 ll.
2091 5646 2136 5679 ⁷⁸
2165 5646 2291 5704 ibid.
2332 5646 2411 5702 16.
2488 5648 2532 5680 '⁸
2555 5645 2711 5703 Joan.
2744 5665 2841 5718 vn,
2872 5650 2963 5710 42.
3037 5653 3082 5687 ’⁷
3115 5652 3155 5708 ΙΙ
3187 5651 3310 5708 Cor.
3346 5668 3423 5719 xi,
3453 5653 3542 5709 22.
