<?xml version="1.0" encoding="UTF-8"?>
<!DOCTYPE html PUBLIC "-//W3C//DTD XHTML 1.0 Transitional//EN"
    "http://www.w3.org/TR/xhtml1/DTD/xhtml1-transitional.dtd">
<html xmlns="http://www.w3.org/1999/xhtml" xml:lang="en" lang="en">
 <head>
  <title>
</title>
<meta http-equiv="Content-Type" content="text/html;charset=utf-8" />
  <meta name='ocr-system' content='tesseract 3.04.00' />
  <meta name='ocr-capabilities' content='ocr_page ocr_carea ocr_par ocr_line ocrx_word'/>
</head>
<body>
  <div class='ocr_page' id='page_1' title='image "./patrologicursus109migngoog_0604.png"; bbox 0 0 3809 6125; ppageno 0'>
   <div class='ocr_carea' id='block_1_1' title="bbox 266 272 412 329">
    <p class='ocr_par' dir='ltr' id='par_1_1' title="bbox 266 272 412 329">
     <span class='ocr_line' id='line_1_1' title="bbox 266 272 412 329; baseline -0.014 0"><span class='ocrx_word' id='word_1_1' title='bbox 266 272 412 329; x_wconf 61' lang='lat'><strong>2³45</strong></span> 
     </span>
    </p>
   </div>
   <div class='ocr_carea' id='block_1_2' title="bbox 1389 248 2374 345">
    <p class='ocr_par' dir='ltr' id='par_1_2' title="bbox 1389 248 2374 345">
     <span class='ocr_line' id='line_1_2' title="bbox 1389 248 2374 345; baseline -0.005 -8"><span class='ocrx_word' id='word_1_2' title='bbox 1389 248 1589 345; x_wconf 71' lang='lat' dir='ltr'>ouon</span> <span class='ocrx_word' id='word_1_3' title='bbox 1629 276 1820 335; x_wconf 68' lang='lat' dir='ltr'>uuus</span> <span class='ocrx_word' id='word_1_4' title='bbox 1851 276 1969 333; x_wconf 82' lang='lat' dir='ltr'>sn·</span> <span class='ocrx_word' id='word_1_5' title='bbox 2008 274 2374 333; x_wconf 67' lang='lat' dir='ltr'>canusa-us,</span> 
     </span>
    </p>
   </div>
   <div class='ocr_carea' id='block_1_3' title="bbox 3399 269 3537 331">
    <p class='ocr_par' dir='ltr' id='par_1_3' title="bbox 3399 269 3537 331">
     <span class='ocr_line' id='line_1_3' title="bbox 3399 269 3537 331; baseline -0.036 0"><span class='ocrx_word' id='word_1_6' title='bbox 3399 269 3537 331; x_wconf 64' lang='grc'><strong>1386</strong></span> 
     </span>
    </p>
   </div>
   <div class='ocr_carea' id='block_1_4' title="bbox 267 382 3530 466">
    <p class='ocr_par' dir='ltr' id='par_1_4' title="bbox 267 382 3530 466">
     <span class='ocr_line' id='line_1_4' title="bbox 267 382 3530 466; baseline -0 -23"><span class='ocrx_word' id='word_1_7' title='bbox 267 382 352 453; x_wconf 74' lang='grc' dir='ltr'><strong>εἷς</strong></span> <span class='ocrx_word' id='word_1_8' title='bbox 405 390 702 446; x_wconf 73' lang='grc' dir='ltr'><strong>κεκάθικεν</strong></span> <span class='ocrx_word' id='word_1_9' title='bbox 749 392 900 458; x_wconf 69' lang='grc' dir='ltr'><strong>Υἱὸς,</strong></span> <span class='ocrx_word' id='word_1_10' title='bbox 949 393 1310 449; x_wconf 69' lang='grc' dir='ltr'><strong>ὰὸασκόντων</strong></span> <span class='ocrx_word' id='word_1_11' title='bbox 1371 396 1547 461; x_wconf 70' lang='grc' dir='ltr'><strong>αὐτοὶ,</strong></span> <span class='ocrx_word' id='word_1_12' title='bbox 1598 397 1682 461; x_wconf 87' lang='grc' dir='ltr'><strong>τίς</strong></span> <span class='ocrx_word' id='word_1_13' title='bbox 1733 398 1847 461; x_wconf 78' lang='grc' dir='ltr'><strong>τοῖς</strong></span> <span class='ocrx_word' id='word_1_14' title='bbox 1875 400 1921 458; x_wconf 77' lang='grc' dir='ltr'><strong>Α</strong></span> <span class='ocrx_word' id='word_1_15' title='bbox 1948 409 2112 466; x_wconf 91' lang='lat' dir='ltr'>quam</span> <span class='ocrx_word' id='word_1_16' title='bbox 2133 394 2224 465; x_wconf 87' lang='lat' dir='ltr'>qni</span> <span class='ocrx_word' id='word_1_17' title='bbox 2257 392 2438 449; x_wconf 77' lang='lat' dir='ltr'>afficit.</span> <span class='ocrx_word' id='word_1_18' title='bbox 2467 394 2536 447; x_wconf 78' lang='lat' dir='ltr'>At</span> <span class='ocrx_word' id='word_1_19' title='bbox 2575 406 2698 449; x_wconf 83' lang='lat' dir='ltr'><strong>cum</strong></span> <span class='ocrx_word' id='word_1_20' title='bbox 2731 405 2872 446; x_wconf 85' lang='lat' dir='ltr'>unus</span> <span class='ocrx_word' id='word_1_21' title='bbox 2905 388 3166 447; x_wconf 70' lang='lat' dir='ltr'>assederit</span> <span class='ocrx_word' id='word_1_22' title='bbox 3198 387 3401 453; x_wconf 80' lang='lat' dir='ltr'>Filius,</span> <span class='ocrx_word' id='word_1_23' title='bbox 3430 390 3530 443; x_wconf 87' lang='lat' dir='ltr'><strong>do-</strong></span> 
     </span>
    </p>
   </div>
   <div class='ocr_carea' id='block_1_5' title="bbox 228 479 1858 3034">
    <p class='ocr_par' dir='ltr' id='par_1_5' title="bbox 228 479 1853 1001">
     <span class='ocr_line' id='line_1_5' title="bbox 228 479 1846 559; baseline 0.004 -25"><span class='ocrx_word' id='word_1_24' title='bbox 228 497 234 502; x_wconf 77' lang='grc'><strong>’</strong></span> <span class='ocrx_word' id='word_1_25' title='bbox 266 479 531 535; x_wconf 77' lang='grc' dir='ltr'><strong>ἀνωτάτω</strong></span> <span class='ocrx_word' id='word_1_26' title='bbox 551 483 838 555; x_wconf 88' lang='grc' dir='ltr'><strong>τετίμηται</strong></span> <span class='ocrx_word' id='word_1_27' title='bbox 868 483 1075 556; x_wconf 77' lang='grc' dir='ltr'><strong>θάκοις,</strong></span> <span class='ocrx_word' id='word_1_28' title='bbox 1100 487 1190 541; x_wconf 77' lang='grc' dir='ltr'><strong>καὶ</strong></span> <span class='ocrx_word' id='word_1_29' title='bbox 1215 485 1522 559; x_wconf 87' lang='grc' dir='ltr'><strong>συνεδρεύει</strong></span> <span class='ocrx_word' id='word_1_30' title='bbox 1549 486 1628 559; x_wconf 83' lang='grc' dir='ltr'><strong>τῷ</strong></span> <span class='ocrx_word' id='word_1_31' title='bbox 1651 488 1846 559; x_wconf 73' lang='grc' dir='ltr'><strong>Πατρὶ,</strong></span> 
     </span>
     <span class='ocr_line' id='line_1_6' title="bbox 265 572 1853 652; baseline 0.006 -27"><span class='ocrx_word' id='word_1_32' title='bbox 265 573 317 625; x_wconf 85' lang='grc' dir='ltr'><strong>εί</strong></span> <span class='ocrx_word' id='word_1_33' title='bbox 345 572 441 626; x_wconf 68' lang='grc' dir='ltr'><strong>καὶ</strong></span> <span class='ocrx_word' id='word_1_34' title='bbox 472 573 555 627; x_wconf 86' lang='grc' dir='ltr'><strong>ὅτι</strong></span> <span class='ocrx_word' id='word_1_35' title='bbox 589 574 823 644; x_wconf 78' lang='grc' dir='ltr'><strong>μάλιστα</strong></span> <span class='ocrx_word' id='word_1_36' title='bbox 869 576 976 630; x_wconf 84' lang='grc' dir='ltr'><strong>τῶν</strong></span> <span class='ocrx_word' id='word_1_37' title='bbox 1009 578 1148 648; x_wconf 76' lang='grc' dir='ltr'><strong>ἄγαν</strong></span> <span class='ocrx_word' id='word_1_38' title='bbox 1204 578 1639 651; x_wconf 81' lang='grc' dir='ltr'>σφαλερωτάτων</span> <span class='ocrx_word' id='word_1_39' title='bbox 1669 581 1754 652; x_wconf 74' lang='grc' dir='ltr'><strong>εἴη</strong></span> <span class='ocrx_word' id='word_1_40' title='bbox 1785 580 1853 634; x_wconf 84' lang='grc' dir='ltr'><strong>ἂν</strong></span> 
     </span>
     <span class='ocr_line' id='line_1_7' title="bbox 265 663 1851 744; baseline 0.006 -27"><span class='ocrx_word' id='word_1_41' title='bbox 265 663 330 717; x_wconf 84' lang='grc' dir='ltr'><strong>τὸ</strong></span> <span class='ocrx_word' id='word_1_42' title='bbox 354 663 705 735; x_wconf 75' lang='grc' dir='ltr'><strong>ἀνακομίζειν</strong></span> <span class='ocrx_word' id='word_1_43' title='bbox 738 667 1052 740; x_wconf 79' lang='grc' dir='ltr'><strong>ἀποτολμᾷν</strong></span> <span class='ocrx_word' id='word_1_44' title='bbox 1083 672 1164 738; x_wconf 87' lang='grc' dir='ltr'><strong>είς</strong></span> <span class='ocrx_word' id='word_1_45' title='bbox 1195 670 1469 743; x_wconf 84' lang='grc' dir='ltr'><strong>ίσοτιμίαν</strong></span> <span class='ocrx_word' id='word_1_46' title='bbox 1510 672 1588 744; x_wconf 80' lang='grc' dir='ltr'><strong>τῷ</strong></span> <span class='ocrx_word' id='word_1_47' title='bbox 1614 673 1851 744; x_wconf 77' lang='grc' dir='ltr'><strong>δεσπότῃ</strong></span> 
     </span>
     <span class='ocr_line' id='line_1_8' title="bbox 264 752 1852 837; baseline 0.006 -30"><span class='ocrx_word' id='word_1_48' title='bbox 264 752 330 807; x_wconf 83' lang='grc' dir='ltr'><strong>τὸ</strong></span> <span class='ocrx_word' id='word_1_49' title='bbox 374 755 580 820; x_wconf 83' lang='grc' dir='ltr'><strong>δοῦλον,</strong></span> <span class='ocrx_word' id='word_1_50' title='bbox 629 758 709 829; x_wconf 84' lang='grc' dir='ltr'><strong>τῷ</strong></span> <span class='ocrx_word' id='word_1_51' title='bbox 748 760 944 833; x_wconf 79' lang='grc' dir='ltr'><strong>κτίστῃ</strong></span> <span class='ocrx_word' id='word_1_52' title='bbox 973 762 1035 815; x_wconf 87' lang='grc' dir='ltr'><strong>τὸ</strong></span> <span class='ocrx_word' id='word_1_53' title='bbox 1074 764 1317 836; x_wconf 77' lang='grc' dir='ltr'><strong>ποιηθὲν,</strong></span> <span class='ocrx_word' id='word_1_54' title='bbox 1361 764 1438 837; x_wconf 79' lang='grc' dir='ltr'><strong>τῷ</strong></span> <span class='ocrx_word' id='word_1_55' title='bbox 1486 765 1698 836; x_wconf 77' lang='grc' dir='ltr'><strong>βασιλεῖ</strong></span> <span class='ocrx_word' id='word_1_56' title='bbox 1743 766 1852 819; x_wconf 87' lang='grc' dir='ltr'><strong>τῶν</strong></span> 
     </span>
     <span class='ocr_line' id='line_1_9' title="bbox 267 852 1851 930; baseline 0.005 -24"><span class='ocrx_word' id='word_1_57' title='bbox 267 852 406 906; x_wconf 81' lang='grc' dir='ltr'><strong>ὅλων</strong></span> <span class='ocrx_word' id='word_1_58' title='bbox 449 853 512 908; x_wconf 90' lang='grc' dir='ltr'><strong>τὸ</strong></span> <span class='ocrx_word' id='word_1_59' title='bbox 555 855 660 908; x_wconf 83' lang='grc' dir='ltr'><strong>ὑπὸ</strong></span> <span class='ocrx_word' id='word_1_60' title='bbox 712 854 896 926; x_wconf 81' lang='grc' dir='ltr'><strong>ζυγὸν,</strong></span> <span class='ocrx_word' id='word_1_61' title='bbox 952 857 1028 930; x_wconf 80' lang='grc' dir='ltr'><strong>τῷ</strong></span> <span class='ocrx_word' id='word_1_62' title='bbox 1077 859 1299 915; x_wconf 84' lang='grc' dir='ltr'><strong>πάντων</strong></span> <span class='ocrx_word' id='word_1_63' title='bbox 1359 860 1618 916; x_wconf 67' lang='grc' dir='ltr'><strong>ἐπέκεινα</strong></span> <span class='ocrx_word' id='word_1_64' title='bbox 1668 863 1728 916; x_wconf 83' lang='grc' dir='ltr'><strong>τὸ</strong></span> <span class='ocrx_word' id='word_1_65' title='bbox 1790 862 1851 914; x_wconf 79' lang='grc' dir='ltr'><strong>ὲν</strong></span> 
     </span>
     <span class='ocr_line' id='line_1_10' title="bbox 267 945 650 1001; baseline 0.003 -1"><span class='ocrx_word' id='word_1_66' title='bbox 267 946 404 1000; x_wconf 79' lang='grc' dir='ltr'><strong>πᾶσι</strong></span> <span class='ocrx_word' id='word_1_67' title='bbox 436 945 650 1001; x_wconf 90' lang='grc' dir='ltr'><strong>τελοῦν.</strong></span> 
     </span>
    </p>

    <p class='ocr_par' dir='ltr' id='par_1_6' title="bbox 341 1032 1582 1115">
     <span class='ocr_line' id='line_1_11' title="bbox 341 1032 1582 1115; baseline 0.009 -28"><span class='ocrx_word' id='word_1_68' title='bbox 341 1035 400 1087; x_wconf 80' lang='grc' dir='ltr'><strong>Β.</strong></span> <span class='ocrx_word' id='word_1_69' title='bbox 441 1036 735 1106; x_wconf 82' lang='grc' dir='ltr'><strong>Σαφηνιείς</strong></span> <span class='ocrx_word' id='word_1_70' title='bbox 762 1033 856 1093; x_wconf 86' lang='grc' dir='ltr'><strong>οῦν</strong></span> <span class='ocrx_word' id='word_1_71' title='bbox 889 1041 996 1112; x_wconf 73' lang='grc' dir='ltr'><strong>ἄρα</strong></span> <span class='ocrx_word' id='word_1_72' title='bbox 1033 1040 1194 1096; x_wconf 85' lang='grc' dir='ltr'><strong>τοῦτο</strong></span> <span class='ocrx_word' id='word_1_73' title='bbox 1230 1043 1363 1115; x_wconf 74' lang='grc' dir='ltr'><strong>ἡμῖν</strong></span> <span class='ocrx_word' id='word_1_74' title='bbox 1390 1032 1582 1098; x_wconf 77' lang='grc' dir='ltr'><strong>εἰσέτι.</strong></span> 
     </span>
    </p>

    <p class='ocr_par' dir='ltr' id='par_1_7' title="bbox 261 1124 1858 3034">
     <span class='ocr_line' id='line_1_12' title="bbox 340 1124 1852 1208; baseline 0.006 -29"><span class='ocrx_word' id='word_1_75' title='bbox 340 1125 406 1180; x_wconf 78' lang='grc' dir='ltr'><strong>Α.</strong></span> <span class='ocrx_word' id='word_1_76' title='bbox 449 1125 665 1192; x_wconf 77' lang='grc' dir='ltr'><strong>Καίτοι,</strong></span> <span class='ocrx_word' id='word_1_77' title='bbox 697 1128 949 1201; x_wconf 85' lang='grc' dir='ltr'><strong>καθάπερ</strong></span> <span class='ocrx_word' id='word_1_78' title='bbox 994 1124 1229 1203; x_wconf 70' lang='grc' dir='ltr'><strong>ἐγῷμαι,</strong></span> <span class='ocrx_word' id='word_1_79' title='bbox 1260 1129 1438 1208; x_wconf 66' lang='grc' dir='ltr'><strong>σαφὴς</strong></span> <span class='ocrx_word' id='word_1_80' title='bbox 1470 1134 1566 1187; x_wconf 71' lang='grc' dir='ltr'><strong>καὶ</strong></span> <span class='ocrx_word' id='word_1_81' title='bbox 1591 1132 1852 1204; x_wconf 78' lang='grc' dir='ltr'><strong>ἀποχρῶν</strong></span> 
     </span>
     <span class='ocr_line' id='line_1_13' title="bbox 268 1215 1849 1296; baseline 0.007 -28"><span class='ocrx_word' id='word_1_82' title='bbox 268 1215 300 1270; x_wconf 84' lang='grc' dir='ltr'><strong>ό</strong></span> <span class='ocrx_word' id='word_1_83' title='bbox 340 1217 429 1269; x_wconf 69' lang='grc' dir='ltr'><strong>ἐπ’</strong></span> <span class='ocrx_word' id='word_1_84' title='bbox 477 1217 662 1282; x_wconf 80' lang='grc' dir='ltr'><strong>αὐτοῖς</strong></span> <span class='ocrx_word' id='word_1_85' title='bbox 710 1218 774 1291; x_wconf 79' lang='grc' dir='ltr'><strong>δὴ</strong></span> <span class='ocrx_word' id='word_1_86' title='bbox 825 1220 1031 1286; x_wconf 81' lang='grc' dir='ltr'><strong>τούτοις</strong></span> <span class='ocrx_word' id='word_1_87' title='bbox 1063 1224 1198 1293; x_wconf 75' lang='grc' dir='ltr'><strong>ἡμῖν</strong></span> <span class='ocrx_word' id='word_1_88' title='bbox 1248 1223 1625 1296; x_wconf 72' lang='grc' dir='ltr'><strong>ἐκπεπόνηται</strong></span> <span class='ocrx_word' id='word_1_89' title='bbox 1670 1223 1849 1293; x_wconf 80' lang='grc' dir='ltr'><strong>λόγος,</strong></span> 
     </span>
     <span class='ocr_line' id='line_1_14' title="bbox 269 1305 1851 1384; baseline 0.003 -24"><span class='ocrx_word' id='word_1_90' title='bbox 269 1305 428 1360; x_wconf 78' lang='grc' dir='ltr'><strong>θκνου</strong></span> <span class='ocrx_word' id='word_1_91' title='bbox 477 1305 535 1360; x_wconf 72' lang='grc' dir='ltr'><strong>δὲ</strong></span> <span class='ocrx_word' id='word_1_92' title='bbox 582 1305 704 1379; x_wconf 83' lang='grc' dir='ltr'><strong>δίχα</strong></span> <span class='ocrx_word' id='word_1_93' title='bbox 744 1310 945 1374; x_wconf 88' lang='grc' dir='ltr'><strong>παντὸς</strong></span> <span class='ocrx_word' id='word_1_94' title='bbox 976 1310 1274 1383; x_wconf 81' lang='grc' dir='ltr'><strong>προσθείην</strong></span> <span class='ocrx_word' id='word_1_95' title='bbox 1298 1312 1388 1367; x_wconf 59' lang='grc' dir='ltr'><strong>,ἂν</strong></span> <span class='ocrx_word' id='word_1_96' title='bbox 1435 1306 1520 1375; x_wconf 74' lang='grc' dir='ltr'><strong>οἷς</strong></span> <span class='ocrx_word' id='word_1_97' title='bbox 1564 1311 1703 1384; x_wconf 71' lang='grc' dir='ltr'><strong>ἔφην</strong></span> <span class='ocrx_word' id='word_1_98' title='bbox 1755 1313 1851 1367; x_wconf 79' lang='grc' dir='ltr'><strong>καὶ</strong></span> 
     </span>
     <span class='ocr_line' id='line_1_15' title="bbox 269 1393 1851 1472; baseline 0.002 -23"><span class='ocrx_word' id='word_1_99' title='bbox 269 1393 456 1468; x_wconf 65' lang='grc' dir='ltr'><strong>ἔτερα,</strong></span> <span class='ocrx_word' id='word_1_100' title='bbox 503 1395 598 1449; x_wconf 75' lang='grc' dir='ltr'><strong>καὶ</strong></span> <span class='ocrx_word' id='word_1_101' title='bbox 642 1396 741 1451; x_wconf 82' lang='grc' dir='ltr'><strong>οὐκ</strong></span> <span class='ocrx_word' id='word_1_102' title='bbox 788 1398 989 1470; x_wconf 80' lang='grc' dir='ltr'><strong>ἀγεννῆ</strong></span> <span class='ocrx_word' id='word_1_103' title='bbox 1026 1400 1419 1470; x_wconf 80' lang='grc' dir='ltr'><strong>συναγόρευσιν</strong></span> <span class='ocrx_word' id='word_1_104' title='bbox 1451 1400 1553 1472; x_wconf 72' lang='grc' dir='ltr'><strong>τὴν</strong></span> <span class='ocrx_word' id='word_1_105' title='bbox 1599 1401 1742 1472; x_wconf 83' lang='grc' dir='ltr'><strong>ὑπέρ</strong></span> <span class='ocrx_word' id='word_1_106' title='bbox 1786 1417 1851 1469; x_wconf 86' lang='grc' dir='ltr'><strong>γε</strong></span> 
     </span>
     <span class='ocr_line' id='line_1_16' title="bbox 269 1484 1850 1566; baseline 0.004 -25"><span class='ocrx_word' id='word_1_107' title='bbox 269 1484 380 1541; x_wconf 81' lang='grc' dir='ltr'><strong>τῶν</strong></span> <span class='ocrx_word' id='word_1_108' title='bbox 405 1487 566 1560; x_wconf 73' lang='grc' dir='ltr'><strong>ἱερῶν</strong></span> <span class='ocrx_word' id='word_1_109' title='bbox 594 1487 879 1558; x_wconf 80' lang='grc' dir='ltr'><strong>δογμάτων</strong></span> <span class='ocrx_word' id='word_1_110' title='bbox 912 1489 1167 1562; x_wconf 82' lang='grc' dir='ltr'><strong>καθάπερ</strong></span> <span class='ocrx_word' id='word_1_111' title='bbox 1206 1492 1326 1546; x_wconf 76' lang='grc' dir='ltr'><strong>τινὰ</strong></span> <span class='ocrx_word' id='word_1_112' title='bbox 1354 1492 1683 1566; x_wconf 70' lang='grc' dir='ltr'><strong>’παντευχίαν</strong></span> <span class='ocrx_word' id='word_1_113' title='bbox 1714 1493 1850 1548; x_wconf 77' lang='grc' dir='ltr'><strong>ἁνα-</strong></span> 
     </span>
     <span class='ocr_line' id='line_1_17' title="bbox 269 1576 1851 1656; baseline 0.003 -25"><span class='ocrx_word' id='word_1_114' title='bbox 269 1576 475 1643; x_wconf 78' lang='grc' dir='ltr'><strong>λαὸὼν,</strong></span> <span class='ocrx_word' id='word_1_115' title='bbox 525 1580 917 1651; x_wconf 77' lang='grc' dir='ltr'><strong>ἁνταναστὴσω</strong></span> <span class='ocrx_word' id='word_1_116' title='bbox 956 1580 1019 1635; x_wconf 87' lang='grc' dir='ltr'><strong>τὸ</strong></span> <span class='ocrx_word' id='word_1_117' title='bbox 1064 1582 1262 1655; x_wconf 80' lang='grc' dir='ltr'><strong>ἀληθὲς</strong></span> <span class='ocrx_word' id='word_1_118' title='bbox 1310 1586 1422 1647; x_wconf 80' lang='grc' dir='ltr'><strong>τοῖς</strong></span> <span class='ocrx_word' id='word_1_119' title='bbox 1476 1583 1731 1656; x_wconf 81' lang='grc' dir='ltr'><strong>φρονοῦσι</strong></span> <span class='ocrx_word' id='word_1_120' title='bbox 1782 1583 1851 1637; x_wconf 83' lang='grc' dir='ltr'><strong>τὰ</strong></span> 
     </span>
     <span class='ocr_line' id='line_1_18' title="bbox 261 1668 1849 1745; baseline 0.004 -22"><span class='ocrx_word' id='word_1_121' title='bbox 261 1668 694 1742; x_wconf 72' lang='grc' dir='ltr'><strong>διεστραμμένα.</strong></span> <span class='ocrx_word' id='word_1_122' title='bbox 731 1672 854 1726; x_wconf 71' lang='grc' dir='ltr'><strong>Ὀτι</strong></span> <span class='ocrx_word' id='word_1_123' title='bbox 886 1672 993 1743; x_wconf 82' lang='grc' dir='ltr'><strong>γὰρ</strong></span> <span class='ocrx_word' id='word_1_124' title='bbox 1028 1674 1058 1727; x_wconf 85' lang='grc' dir='ltr'><strong>ὀ</strong></span> <span class='ocrx_word' id='word_1_125' title='bbox 1106 1674 1401 1745; x_wconf 83' lang='grc' dir='ltr'><strong>μονογενὴς</strong></span> <span class='ocrx_word' id='word_1_126' title='bbox 1433 1674 1530 1728; x_wconf 88' lang='grc' dir='ltr'><strong>τοῦ</strong></span> <span class='ocrx_word' id='word_1_127' title='bbox 1573 1674 1712 1729; x_wconf 83' lang='grc' dir='ltr'><strong>Θεοῦ</strong></span> <span class='ocrx_word' id='word_1_128' title='bbox 1742 1676 1849 1729; x_wconf 87' lang='grc' dir='ltr'><strong>Δό-</strong></span> 
     </span>
     <span class='ocr_line' id='line_1_19' title="bbox 269 1761 1849 1837; baseline 0.004 -22"><span class='ocrx_word' id='word_1_129' title='bbox 269 1777 387 1831; x_wconf 83' lang='grc' dir='ltr'><strong>γος,</strong></span> <span class='ocrx_word' id='word_1_130' title='bbox 434 1762 494 1815; x_wconf 81' lang='grc' dir='ltr'><strong>οὐ</strong></span> <span class='ocrx_word' id='word_1_131' title='bbox 545 1761 969 1833; x_wconf 76' lang='grc' dir='ltr'><strong>μεσολαδοῦντος</strong></span> <span class='ocrx_word' id='word_1_132' title='bbox 1021 1764 1121 1833; x_wconf 75' lang='grc' dir='ltr'><strong>τὴν</strong></span> <span class='ocrx_word' id='word_1_133' title='bbox 1173 1765 1487 1835; x_wconf 73' lang='grc' dir='ltr'><strong>οἰκονομίαν</strong></span> <span class='ocrx_word' id='word_1_134' title='bbox 1539 1764 1658 1822; x_wconf 71' lang='grc' dir='ltr'><strong>υἱοῦ</strong></span> <span class='ocrx_word' id='word_1_135' title='bbox 1717 1768 1849 1837; x_wconf 77' lang='grc' dir='ltr'><strong>παρ’</strong></span> 
     </span>
     <span class='ocr_line' id='line_1_20' title="bbox 270 1852 1852 1930; baseline 0.003 -22"><span class='ocrx_word' id='word_1_136' title='bbox 270 1852 434 1908; x_wconf 84' lang='grc' dir='ltr'><strong>αὺτὸν</strong></span> <span class='ocrx_word' id='word_1_137' title='bbox 471 1854 682 1925; x_wconf 83' lang='grc' dir='ltr'><strong>ἑτέρου,</strong></span> <span class='ocrx_word' id='word_1_138' title='bbox 707 1854 803 1909; x_wconf 73' lang='grc' dir='ltr'><strong>καὶ</strong></span> <span class='ocrx_word' id='word_1_139' title='bbox 829 1855 1192 1924; x_wconf 78' lang='grc' dir='ltr'><strong>συναφθέντος</strong></span> <span class='ocrx_word' id='word_1_140' title='bbox 1222 1856 1372 1928; x_wconf 83' lang='grc' dir='ltr'><strong>αύτῷ</strong></span> <span class='ocrx_word' id='word_1_141' title='bbox 1401 1858 1688 1930; x_wconf 73' lang='grc' dir='ltr'><strong>σχετικῶς,</strong></span> <span class='ocrx_word' id='word_1_142' title='bbox 1721 1877 1852 1913; x_wconf 87' lang='grc' dir='ltr'><strong>κατ-</strong></span> 
     </span>
     <span class='ocr_line' id='line_1_21' title="bbox 270 1942 1850 2022; baseline 0.004 -25"><span class='ocrx_word' id='word_1_143' title='bbox 270 1942 486 2016; x_wconf 75' lang='grc' dir='ltr'><strong>ήργηκε</strong></span> <span class='ocrx_word' id='word_1_144' title='bbox 520 1943 613 1997; x_wconf 82' lang='grc' dir='ltr'><strong>τοῦ</strong></span> <span class='ocrx_word' id='word_1_145' title='bbox 644 1943 877 1999; x_wconf 84' lang='grc' dir='ltr'><strong>θανάτου</strong></span> <span class='ocrx_word' id='word_1_146' title='bbox 903 1944 964 1999; x_wconf 88' lang='grc' dir='ltr'><strong>τὸ</strong></span> <span class='ocrx_word' id='word_1_147' title='bbox 990 1946 1211 2019; x_wconf 85' lang='grc' dir='ltr'><strong>κράτος,</strong></span> <span class='ocrx_word' id='word_1_148' title='bbox 1245 1946 1410 2011; x_wconf 82' lang='grc' dir='ltr'><strong>αὐτὸς</strong></span> <span class='ocrx_word' id='word_1_149' title='bbox 1455 1947 1515 2002; x_wconf 78' lang='grc' dir='ltr'><strong>δὲ</strong></span> <span class='ocrx_word' id='word_1_150' title='bbox 1557 1948 1759 2022; x_wconf 76' lang='grc' dir='ltr'><strong>μᾶλλον</strong></span> <span class='ocrx_word' id='word_1_151' title='bbox 1783 1949 1850 2003; x_wconf 86' lang='grc' dir='ltr'><strong>δι’</strong></span> 
     </span>
     <span class='ocr_line' id='line_1_22' title="bbox 273 2035 1852 2113; baseline 0.003 -23"><span class='ocrx_word' id='word_1_152' title='bbox 273 2035 490 2101; x_wconf 66' lang='grc' dir='ltr'><strong>δαυτοῦ,</strong></span> <span class='ocrx_word' id='word_1_153' title='bbox 525 2035 856 2092; x_wconf 79' lang='grc' dir='ltr'><strong>πιστώσεται</strong></span> <span class='ocrx_word' id='word_1_154' title='bbox 889 2037 1081 2107; x_wconf 78' lang='grc' dir='ltr'><strong>λέγων·</strong></span> <span class='ocrx_word' id='word_1_155' title='bbox 1119 2058 1139 2091; x_wconf 77' lang='grc' dir='ltr'><strong>ι</strong></span> <span class='ocrx_word' id='word_1_156' title='bbox 1181 2038 1337 2094; x_wconf 68' lang='lat' dir='ltr'>oste»</span> <span class='ocrx_word' id='word_1_157' title='bbox 1364 2040 1474 2112; x_wconf 84' lang='grc' dir='ltr'><strong>γὰρ</strong></span> <span class='ocrx_word' id='word_1_158' title='bbox 1507 2040 1796 2113; x_wconf 77' lang='grc' dir='ltr'><strong>ἠγάπησεν</strong></span> <span class='ocrx_word' id='word_1_159' title='bbox 1824 2043 1852 2095; x_wconf 85' lang='grc' dir='ltr'><strong>ὁ</strong></span> 
     </span>
     <span class='ocr_line' id='line_1_23' title="bbox 271 2126 1851 2204; baseline 0.001 -23"><span class='ocrx_word' id='word_1_160' title='bbox 271 2126 408 2191; x_wconf 84' lang='grc' dir='ltr'><strong>Θεὸς</strong></span> <span class='ocrx_word' id='word_1_161' title='bbox 431 2127 521 2182; x_wconf 84' lang='grc' dir='ltr'><strong>τὸν</strong></span> <span class='ocrx_word' id='word_1_162' title='bbox 549 2127 774 2198; x_wconf 79' lang='grc' dir='ltr'><strong>κόσμον,</strong></span> <span class='ocrx_word' id='word_1_163' title='bbox 805 2127 946 2182; x_wconf 82' lang='grc' dir='ltr'><strong>ὥστε</strong></span> <span class='ocrx_word' id='word_1_164' title='bbox 973 2128 1063 2183; x_wconf 83' lang='grc' dir='ltr'><strong>τὸν</strong></span> <span class='ocrx_word' id='word_1_165' title='bbox 1093 2128 1221 2184; x_wconf 84' lang='grc' dir='ltr'><strong>Υίὸν</strong></span> <span class='ocrx_word' id='word_1_166' title='bbox 1252 2130 1418 2185; x_wconf 89' lang='grc' dir='ltr'><strong>αύτοῦ</strong></span> <span class='ocrx_word' id='word_1_167' title='bbox 1463 2131 1555 2186; x_wconf 89' lang='grc' dir='ltr'><strong>τὸν</strong></span> <span class='ocrx_word' id='word_1_168' title='bbox 1586 2132 1851 2204; x_wconf 79' lang='grc' dir='ltr'><strong>μονογενῆ</strong></span> 
     </span>
     <span class='ocr_line' id='line_1_24' title="bbox 273 2218 1855 2298; baseline 0.003 -23"><span class='ocrx_word' id='word_1_169' title='bbox 273 2218 497 2284; x_wconf 63' lang='grc' dir='ltr'><strong>ἔδωκεν,</strong></span> <span class='ocrx_word' id='word_1_170' title='bbox 529 2220 615 2275; x_wconf 82' lang='grc' dir='ltr'><strong>ἴνα</strong></span> <span class='ocrx_word' id='word_1_171' title='bbox 647 2222 756 2283; x_wconf 80' lang='grc' dir='ltr'><strong>πᾶς</strong></span> <span class='ocrx_word' id='word_1_172' title='bbox 793 2223 822 2275; x_wconf 81' lang='grc' dir='ltr'><strong>ὁ</strong></span> <span class='ocrx_word' id='word_1_173' title='bbox 868 2221 1139 2277; x_wconf 82' lang='grc' dir='ltr'><strong>πιστεύων</strong></span> <span class='ocrx_word' id='word_1_174' title='bbox 1181 2224 1259 2287; x_wconf 82' lang='grc' dir='ltr'><strong>εἰς</strong></span> <span class='ocrx_word' id='word_1_175' title='bbox 1292 2223 1455 2279; x_wconf 80' lang='grc' dir='ltr'><strong>αὑτὸν</strong></span> <span class='ocrx_word' id='word_1_176' title='bbox 1514 2224 1591 2298; x_wconf 74' lang='grc' dir='ltr'><strong>μὴ</strong></span> <span class='ocrx_word' id='word_1_177' title='bbox 1618 2226 1855 2297; x_wconf 72' lang='grc' dir='ltr'><strong>ἀκόλλη-</strong></span> 
     </span>
     <span class='ocr_line' id='line_1_25' title="bbox 273 2310 1852 2391; baseline 0.004 -26"><span class='ocrx_word' id='word_1_178' title='bbox 273 2326 386 2375; x_wconf 89' lang='grc' dir='ltr'><strong>ται,</strong></span> <span class='ocrx_word' id='word_1_179' title='bbox 418 2310 536 2365; x_wconf 78' lang='grc' dir='ltr'><strong>ἀλλ’</strong></span> <span class='ocrx_word' id='word_1_180' title='bbox 573 2311 670 2384; x_wconf 80' lang='grc' dir='ltr'><strong>ἔχῃ</strong></span> <span class='ocrx_word' id='word_1_181' title='bbox 699 2311 846 2384; x_wconf 68' lang='grc' dir='ltr'><strong>ζωὴν</strong></span> <span class='ocrx_word' id='word_1_182' title='bbox 875 2313 1113 2368; x_wconf 78' lang='grc' dir='ltr'><strong>αἰώνιον.</strong></span> <span class='ocrx_word' id='word_1_183' title='bbox 1151 2334 1171 2367; x_wconf 80' lang='grc' dir='ltr'><strong>ι</strong></span> <span class='ocrx_word' id='word_1_184' title='bbox 1213 2314 1471 2387; x_wconf 76' lang='grc' dir='ltr'><strong>Αἴροντος</strong></span> <span class='ocrx_word' id='word_1_185' title='bbox 1497 2316 1565 2385; x_wconf 67' lang='grc' dir='ltr'><strong>δὲι</strong></span> <span class='ocrx_word' id='word_1_186' title='bbox 1588 2316 1726 2389; x_wconf 74' lang='grc' dir='ltr'><strong>ὑψοῦ</strong></span> <span class='ocrx_word' id='word_1_187' title='bbox 1753 2317 1852 2391; x_wconf 83' lang='grc' dir='ltr'><strong>τὴν</strong></span> 
     </span>
     <span class='ocr_line' id='line_1_26' title="bbox 275 2403 1857 2483; baseline 0.004 -25"><span class='ocrx_word' id='word_1_188' title='bbox 275 2405 354 2469; x_wconf 82' lang='grc' dir='ltr'><strong>είς</strong></span> <span class='ocrx_word' id='word_1_189' title='bbox 384 2403 473 2458; x_wconf 88' lang='grc' dir='ltr'><strong>τὸν</strong></span> <span class='ocrx_word' id='word_1_190' title='bbox 507 2404 709 2476; x_wconf 82' lang='grc' dir='ltr'><strong>κόσμον</strong></span> <span class='ocrx_word' id='word_1_191' title='bbox 742 2405 965 2476; x_wconf 81' lang='grc' dir='ltr'><strong>ἀγάπην</strong></span> <span class='ocrx_word' id='word_1_192' title='bbox 994 2406 1090 2461; x_wconf 89' lang='grc' dir='ltr'><strong>τοῦ</strong></span> <span class='ocrx_word' id='word_1_193' title='bbox 1140 2408 1274 2462; x_wconf 85' lang='grc' dir='ltr'><strong>Θεοῦ</strong></span> <span class='ocrx_word' id='word_1_194' title='bbox 1314 2411 1409 2463; x_wconf 76' lang='grc' dir='ltr'><strong>καὶ</strong></span> <span class='ocrx_word' id='word_1_195' title='bbox 1428 2408 1663 2481; x_wconf 82' lang='grc' dir='ltr'><strong>Πατρὸς,</strong></span> <span class='ocrx_word' id='word_1_196' title='bbox 1693 2412 1857 2483; x_wconf 82' lang='grc' dir='ltr'><strong>ὑπερ-</strong></span> 
     </span>
     <span class='ocr_line' id='line_1_27' title="bbox 277 2496 1858 2572; baseline 0.003 -23"><span class='ocrx_word' id='word_1_197' title='bbox 277 2496 487 2567; x_wconf 80' lang='grc' dir='ltr'><strong>μεγέθη</strong></span> <span class='ocrx_word' id='word_1_198' title='bbox 519 2513 579 2550; x_wconf 88' lang='grc' dir='ltr'><strong>τε</strong></span> <span class='ocrx_word' id='word_1_199' title='bbox 626 2497 723 2551; x_wconf 75' lang='grc' dir='ltr'><strong>καὶ</strong></span> <span class='ocrx_word' id='word_1_200' title='bbox 752 2496 1011 2568; x_wconf 76' lang='grc' dir='ltr'><strong>ὑπερφυᾶ</strong></span> <span class='ocrx_word' id='word_1_201' title='bbox 1046 2500 1374 2570; x_wconf 81' lang='grc' dir='ltr'><strong>γεγενῆσθαι</strong></span> <span class='ocrx_word' id='word_1_202' title='bbox 1427 2502 1694 2572; x_wconf 76' lang='grc' dir='ltr'><strong>λέγοντος,</strong></span> <span class='ocrx_word' id='word_1_203' title='bbox 1728 2501 1858 2557; x_wconf 83' lang='grc' dir='ltr'><strong>ἀνθ-</strong></span> 
     </span>
     <span class='ocr_line' id='line_1_28' title="bbox 271 2587 1855 2666; baseline 0.003 -24"><span class='ocrx_word' id='word_1_204' title='bbox 271 2587 397 2642; x_wconf 82' lang='grc' dir='ltr'><strong>ότου</strong></span> <span class='ocrx_word' id='word_1_205' title='bbox 431 2587 970 2661; x_wconf 88' lang='grc' dir='ltr'><strong>κατασμικρύνουσιν</strong></span> <span class='ocrx_word' id='word_1_206' title='bbox 1006 2589 1056 2642; x_wconf 82' lang='lat' dir='ltr'><strong>oi</strong></span> <span class='ocrx_word' id='word_1_207' title='bbox 1072 2589 1395 2659; x_wconf 81' lang='grc' dir='ltr'><strong>διεναντίας,</strong></span> <span class='ocrx_word' id='word_1_208' title='bbox 1427 2592 1486 2645; x_wconf 86' lang='grc' dir='ltr'><strong>ού</strong></span> <span class='ocrx_word' id='word_1_209' title='bbox 1515 2592 1608 2666; x_wconf 72' lang='grc' dir='ltr'><strong>τὸν</strong></span> <span class='ocrx_word' id='word_1_210' title='bbox 1634 2591 1855 2666; x_wconf 80' lang='grc' dir='ltr'><strong>ἀληθῶς</strong></span> 
     </span>
     <span class='ocr_line' id='line_1_29' title="bbox 272 2680 1855 2756; baseline 0.005 -21"><span class='ocrx_word' id='word_1_211' title='bbox 272 2680 572 2754; x_wconf 52' lang='lat' dir='ltr'>Utine-resp</span> <span class='ocrx_word' id='word_1_212' title='bbox 592 2684 624 2754; x_wconf 79' lang='grc' dir='ltr'>ἡ</span> <span class='ocrx_word' id='word_1_213' title='bbox 634 2682 750 2753; x_wconf 82' lang='grc' dir='ltr'><strong>μῶν</strong></span> <span class='ocrx_word' id='word_1_214' title='bbox 782 2681 1026 2738; x_wconf 81' lang='grc' dir='ltr'><strong>δεδόσθαι</strong></span> <span class='ocrx_word' id='word_1_215' title='bbox 1051 2684 1322 2756; x_wconf 82' lang='grc' dir='ltr'><strong>λέγοντες,</strong></span> <span class='ocrx_word' id='word_1_216' title='bbox 1349 2686 1465 2741; x_wconf 77' lang='grc' dir='ltr'><strong>ἀλλ’</strong></span> <span class='ocrx_word' id='word_1_217' title='bbox 1494 2685 1712 2743; x_wconf 73' lang='grc' dir='ltr'><strong>ἓνατῶν</strong></span> <span class='ocrx_word' id='word_1_218' title='bbox 1732 2687 1855 2743; x_wconf 85' lang='grc' dir='ltr'><strong>καθ’</strong></span> 
     </span>
     <span class='ocr_line' id='line_1_30' title="bbox 273 2771 1855 2854; baseline 0.003 -26"><span class='ocrx_word' id='word_1_219' title='bbox 273 2775 446 2848; x_wconf 76' lang='grc' dir='ltr'><strong>ἡμᾶς,</strong></span> <span class='ocrx_word' id='word_1_220' title='bbox 475 2775 790 2848; x_wconf 76' lang='grc' dir='ltr'><strong>εἰσποίητον</strong></span> <span class='ocrx_word' id='word_1_221' title='bbox 818 2775 1012 2847; x_wconf 81' lang='grc' dir='ltr'><strong>ἔχοντα</strong></span> <span class='ocrx_word' id='word_1_222' title='bbox 1038 2778 1136 2848; x_wconf 75' lang='grc' dir='ltr'><strong>τὴν</strong></span> <span class='ocrx_word' id='word_1_223' title='bbox 1166 2771 1553 2851; x_wconf 66' lang='grc' dir='ltr'><strong>τῆςυὶότητος</strong></span> <span class='ocrx_word' id='word_1_224' title='bbox 1566 2780 1749 2854; x_wconf 82' lang='grc' dir='ltr'><strong>χάριν,</strong></span> <span class='ocrx_word' id='word_1_225' title='bbox 1774 2781 1855 2846; x_wconf 78' lang='grc' dir='ltr'><strong>είς</strong></span> 
     </span>
     <span class='ocr_line' id='line_1_31' title="bbox 271 2864 1857 2936; baseline 0.003 -18"><span class='ocrx_word' id='word_1_226' title='bbox 271 2864 364 2919; x_wconf 84' lang='grc' dir='ltr'><strong>τὸν</strong></span> <span class='ocrx_word' id='word_1_227' title='bbox 393 2864 485 2919; x_wconf 88' lang='grc' dir='ltr'><strong>τοῦ</strong></span> <span class='ocrx_word' id='word_1_228' title='bbox 513 2866 654 2921; x_wconf 76' lang='grc' dir='ltr'><strong>κατὰ</strong></span> <span class='ocrx_word' id='word_1_229' title='bbox 677 2866 840 2936; x_wconf 87' lang='grc' dir='ltr'><strong>φύσιν</strong></span> <span class='ocrx_word' id='word_1_230' title='bbox 863 2865 997 2921; x_wconf 84' lang='grc' dir='ltr'><strong>Υἰοῦ</strong></span> <span class='ocrx_word' id='word_1_231' title='bbox 1029 2867 1193 2923; x_wconf 85' lang='grc' dir='ltr'><strong>τόπον</strong></span> <span class='ocrx_word' id='word_1_232' title='bbox 1232 2868 1672 2935; x_wconf 75' lang='grc' dir='ltr'><strong>ἀναδιδάζοντος,</strong></span> <span class='ocrx_word' id='word_1_233' title='bbox 1701 2869 1857 2934; x_wconf 75' lang='grc' dir='ltr'><strong>ὄντος</strong></span> 
     </span>
     <span class='ocr_line' id='line_1_32' title="bbox 273 2955 1858 3034; baseline 0.003 -24"><span class='ocrx_word' id='word_1_234' title='bbox 273 2955 332 3010; x_wconf 67' lang='grc' dir='ltr'><strong>δὲ</strong></span> <span class='ocrx_word' id='word_1_235' title='bbox 357 2957 695 3025; x_wconf 80' lang='grc' dir='ltr'><strong>Μονογενοῦς</strong></span> <span class='ocrx_word' id='word_1_236' title='bbox 718 2957 814 3011; x_wconf 87' lang='grc' dir='ltr'><strong>τοῦ</strong></span> <span class='ocrx_word' id='word_1_237' title='bbox 843 2958 1086 3023; x_wconf 78' lang='grc' dir='ltr'><strong>δοθέντος</strong></span> <span class='ocrx_word' id='word_1_238' title='bbox 1116 2961 1257 3034; x_wconf 80' lang='grc' dir='ltr'><strong>ὑπὲρ</strong></span> <span class='ocrx_word' id='word_1_239' title='bbox 1282 2960 1441 3033; x_wconf 78' lang='grc' dir='ltr'><strong>ἡμῶν</strong></span> <span class='ocrx_word' id='word_1_240' title='bbox 1461 2978 1475 3028; x_wconf 89' lang='lat'>;</span> <span class='ocrx_word' id='word_1_241' title='bbox 1495 2956 1633 3019; x_wconf 81' lang='grc' dir='ltr'><strong>Εἶτα</strong></span> <span class='ocrx_word' id='word_1_242' title='bbox 1652 2978 1858 3033; x_wconf 83' lang='grc' dir='ltr'><strong>γεγρα-</strong></span> 
     </span>
    </p>
   </div>
   <div class='ocr_carea' id='block_1_6' title="bbox 273 3048 1927 3144">
    <p class='ocr_par' dir='ltr' id='par_1_8' title="bbox 273 3048 1927 3144">
     <span class='ocr_line' id='line_1_33' title="bbox 273 3048 1927 3144; baseline 0.004 -42"><span class='ocrx_word' id='word_1_243' title='bbox 273 3050 440 3123; x_wconf 74' lang='grc' dir='ltr'><strong>φότος</strong></span> <span class='ocrx_word' id='word_1_244' title='bbox 477 3048 727 3102; x_wconf 83' lang='grc' dir='ltr'><strong>Ἰωάννου</strong></span> <span class='ocrx_word' id='word_1_245' title='bbox 757 3049 945 3120; x_wconf 81' lang='grc' dir='ltr'><strong>σαφῶς</strong></span> <span class='ocrx_word' id='word_1_246' title='bbox 965 3069 979 3082; x_wconf 92' lang='grc'><em>·</em></span> <span class='ocrx_word' id='word_1_247' title='bbox 1028 3070 1048 3103; x_wconf 78' lang='grc' dir='ltr'><strong>ι</strong></span> <span class='ocrx_word' id='word_1_248' title='bbox 1103 3050 1161 3104; x_wconf 80' lang='grc' dir='ltr'>Ὀ</span> <span class='ocrx_word' id='word_1_249' title='bbox 1193 3052 1487 3124; x_wconf 78' lang='grc' dir='ltr'><strong>μονογενὴς</strong></span> <span class='ocrx_word' id='word_1_250' title='bbox 1517 3053 1668 3120; x_wconf 78' lang='grc' dir='ltr'><strong>Θεὸς,</strong></span> <span class='ocrx_word' id='word_1_251' title='bbox 1718 3056 1746 3110; x_wconf 84' lang='grc' dir='ltr'><strong>ὁ</strong></span> <span class='ocrx_word' id='word_1_252' title='bbox 1777 3052 1855 3108; x_wconf 79' lang='grc' dir='ltr'><strong>ὢν</strong></span> <span class='ocrx_word' id='word_1_253' title='bbox 1881 3083 1927 3144; x_wconf 75' lang='lat' dir='ltr'>C</span> 
     </span>
    </p>
   </div>
   <div class='ocr_carea' id='block_1_7' title="bbox 273 3134 1858 4036">
    <p class='ocr_par' dir='ltr' id='par_1_9' title="bbox 273 3134 1858 4036">
     <span class='ocr_line' id='line_1_34' title="bbox 275 3134 1856 3210; baseline 0.008 -25"><span class='ocrx_word' id='word_1_254' title='bbox 275 3141 357 3199; x_wconf 71' lang='grc' dir='ltr'><strong>εις</strong></span> <span class='ocrx_word' id='word_1_255' title='bbox 386 3137 477 3191; x_wconf 85' lang='grc' dir='ltr'><strong>τὸν</strong></span> <span class='ocrx_word' id='word_1_256' title='bbox 510 3134 708 3188; x_wconf 86' lang='grc' dir='ltr'><strong>κόλπον</strong></span> <span class='ocrx_word' id='word_1_257' title='bbox 749 3136 844 3189; x_wconf 88' lang='grc' dir='ltr'><strong>τοῦ</strong></span> <span class='ocrx_word' id='word_1_258' title='bbox 890 3137 1103 3206; x_wconf 83' lang='grc' dir='ltr'><strong>Πατρός</strong></span> <span class='ocrx_word' id='word_1_259' title='bbox 1124 3155 1138 3169; x_wconf 93' lang='lat'><strong>·</strong></span> <span class='ocrx_word' id='word_1_260' title='bbox 1174 3157 1194 3190; x_wconf 82' lang='grc' dir='ltr'><strong>ι</strong></span> <span class='ocrx_word' id='word_1_261' title='bbox 1228 3140 1346 3203; x_wconf 86' lang='grc' dir='ltr'><strong>πῶς</strong></span> <span class='ocrx_word' id='word_1_262' title='bbox 1369 3143 1470 3195; x_wconf 88' lang='grc' dir='ltr'><strong>ούκ</strong></span> <span class='ocrx_word' id='word_1_263' title='bbox 1493 3138 1561 3195; x_wconf 75' lang='grc' dir='ltr'><strong>ἂν</strong></span> <span class='ocrx_word' id='word_1_264' title='bbox 1589 3145 1856 3210; x_wconf 79' lang='grc' dir='ltr'><strong>ἁγάσαιτό</strong></span> 
     </span>
     <span class='ocr_line' id='line_1_35' title="bbox 277 3222 1858 3304; baseline 0.008 -27"><span class='ocrx_word' id='word_1_265' title='bbox 277 3243 364 3290; x_wconf 80' lang='grc' dir='ltr'><strong>τις</strong></span> <span class='ocrx_word' id='word_1_266' title='bbox 398 3223 496 3295; x_wconf 83' lang='grc' dir='ltr'><strong>τῆς</strong></span> <span class='ocrx_word' id='word_1_267' title='bbox 523 3222 765 3295; x_wconf 80' lang='grc' dir='ltr'><strong>ἀμαθίας</strong></span> <span class='ocrx_word' id='word_1_268' title='bbox 793 3226 1012 3291; x_wconf 80' lang='grc' dir='ltr'><strong>αὐτοὺς,</strong></span> <span class='ocrx_word' id='word_1_269' title='bbox 1040 3226 1377 3293; x_wconf 81' lang='grc' dir='ltr'><strong>ὲξωθοῦντας</strong></span> <span class='ocrx_word' id='word_1_270' title='bbox 1407 3231 1506 3300; x_wconf 85' lang='grc' dir='ltr'><strong>μὲν</strong></span> <span class='ocrx_word' id='word_1_271' title='bbox 1528 3231 1628 3304; x_wconf 82' lang='grc' dir='ltr'><strong>τῆς</strong></span> <span class='ocrx_word' id='word_1_272' title='bbox 1655 3235 1858 3289; x_wconf 78' lang='grc' dir='ltr'><strong>οἰκονο-</strong></span> 
     </span>
     <span class='ocr_line' id='line_1_36' title="bbox 283 3313 1857 3393; baseline 0.006 -23"><span class='ocrx_word' id='word_1_273' title='bbox 283 3313 412 3387; x_wconf 87' lang='grc' dir='ltr'><strong>μίας</strong></span> <span class='ocrx_word' id='word_1_274' title='bbox 429 3314 519 3368; x_wconf 89' lang='grc' dir='ltr'><strong>τὸν</strong></span> <span class='ocrx_word' id='word_1_275' title='bbox 541 3316 807 3387; x_wconf 77' lang='grc' dir='ltr'><strong>μονογενῆ</strong></span> <span class='ocrx_word' id='word_1_276' title='bbox 832 3314 966 3371; x_wconf 87' lang='grc' dir='ltr'><strong>Θεὸν</strong></span> <span class='ocrx_word' id='word_1_277' title='bbox 987 3315 1182 3385; x_wconf 86' lang='grc' dir='ltr'><strong>Λόγον,</strong></span> <span class='ocrx_word' id='word_1_278' title='bbox 1209 3318 1658 3393; x_wconf 81' lang='grc' dir='ltr'><strong>ἀντεισφέρσντας</strong></span> <span class='ocrx_word' id='word_1_279' title='bbox 1677 3324 1754 3392; x_wconf 83' lang='grc' dir='ltr'><strong>δὲ,</strong></span> <span class='ocrx_word' id='word_1_280' title='bbox 1779 3325 1857 3391; x_wconf 80' lang='grc' dir='ltr'><strong>ὡς</strong></span> 
     </span>
     <span class='ocr_line' id='line_1_37' title="bbox 275 3407 1858 3483; baseline 0.006 -22"><span class='ocrx_word' id='word_1_281' title='bbox 275 3407 432 3481; x_wconf 71' lang='grc' dir='ltr'><strong>ἔφην,</strong></span> <span class='ocrx_word' id='word_1_282' title='bbox 467 3411 588 3473; x_wconf 81' lang='grc' dir='ltr'><strong>ταῖς</strong></span> <span class='ocrx_word' id='word_1_283' title='bbox 636 3407 871 3482; x_wconf 80' lang='grc' dir='ltr'><strong>θύραθεν</strong></span> <span class='ocrx_word' id='word_1_284' title='bbox 913 3409 1093 3476; x_wconf 81' lang='grc' dir='ltr'><strong>δόξαις</strong></span> <span class='ocrx_word' id='word_1_285' title='bbox 1122 3408 1525 3483; x_wconf 78' lang='grc' dir='ltr'><strong>ὲξωραῐσθὲντα</strong></span> <span class='ocrx_word' id='word_1_286' title='bbox 1568 3413 1709 3481; x_wconf 81' lang='grc' dir='ltr'><strong>τινὰ,</strong></span> <span class='ocrx_word' id='word_1_287' title='bbox 1761 3418 1858 3471; x_wconf 73' lang='grc' dir='ltr'><strong>καὶ</strong></span> 
     </span>
     <span class='ocr_line' id='line_1_38' title="bbox 273 3501 1857 3577; baseline 0.005 -21"><span class='ocrx_word' id='word_1_288' title='bbox 273 3501 514 3556; x_wconf 67' lang='grc' dir='ltr'><strong>ἐπακτὸν</strong></span> <span class='ocrx_word' id='word_1_289' title='bbox 546 3501 738 3572; x_wconf 74' lang='grc' dir='ltr'><strong>ἔχοντα</strong></span> <span class='ocrx_word' id='word_1_290' title='bbox 766 3502 828 3556; x_wconf 76' lang='grc' dir='ltr'><strong>τὸ</strong></span> <span class='ocrx_word' id='word_1_291' title='bbox 850 3503 950 3574; x_wconf 84' lang='grc' dir='ltr'><strong>τῆς</strong></span> <span class='ocrx_word' id='word_1_292' title='bbox 989 3502 1241 3577; x_wconf 84' lang='grc' dir='ltr'><strong>θεότητος</strong></span> <span class='ocrx_word' id='word_1_293' title='bbox 1285 3504 1459 3577; x_wconf 76' lang='grc' dir='ltr'><strong>ὄνομα</strong></span> <span class='ocrx_word' id='word_1_294' title='bbox 1483 3521 1498 3572; x_wconf 87' lang='lat'>;</span> <span class='ocrx_word' id='word_1_295' title='bbox 1523 3501 1656 3562; x_wconf 76' lang='grc' dir='ltr'><strong>Εἶτα</strong></span> <span class='ocrx_word' id='word_1_296' title='bbox 1697 3508 1752 3561; x_wconf 87' lang='grc' dir='ltr'><strong>τί</strong></span> <span class='ocrx_word' id='word_1_297' title='bbox 1795 3509 1857 3564; x_wconf 85' lang='grc' dir='ltr'><strong>τὸ</strong></span> 
     </span>
     <span class='ocr_line' id='line_1_39' title="bbox 278 3590 1855 3736; baseline 0.006 -91"><span class='ocrx_word' id='word_1_298' title='bbox 278 3591 425 3736; x_wconf 48' lang='lat' dir='ltr'>pega</span> <span class='ocrx_word' id='word_1_299' title='bbox 451 3590 546 3647; x_wconf 69' lang='grc' dir='ltr'><strong>καὶ</strong></span> <span class='ocrx_word' id='word_1_300' title='bbox 588 3591 917 3662; x_wconf 74' lang='grc' dir='ltr'><strong>άξιάγαστον</strong></span> <span class='ocrx_word' id='word_1_301' title='bbox 947 3595 1006 3648; x_wconf 77' lang='grc' dir='ltr'><strong>ὲν</strong></span> <span class='ocrx_word' id='word_1_302' title='bbox 1047 3595 1114 3666; x_wconf 75' lang='grc' dir='ltr'><strong>τῇ</strong></span> <span class='ocrx_word' id='word_1_303' title='bbox 1161 3593 1254 3649; x_wconf 85' lang='grc' dir='ltr'><strong>τοῦ</strong></span> <span class='ocrx_word' id='word_1_304' title='bbox 1287 3594 1502 3667; x_wconf 83' lang='grc' dir='ltr'><strong>Πατρὸς</strong></span> <span class='ocrx_word' id='word_1_305' title='bbox 1530 3599 1719 3672; x_wconf 72' lang='grc' dir='ltr'><strong>ἀγάπῃ</strong></span> <span class='ocrx_word' id='word_1_306' title='bbox 1751 3617 1855 3668; x_wconf 84' lang='grc' dir='ltr'><strong>φα-</strong></span> 
     </span>
     <span class='ocr_line' id='line_1_40' title="bbox 277 3682 1852 3764; baseline 0.006 -27"><span class='ocrx_word' id='word_1_307' title='bbox 277 3699 336 3738; x_wconf 83' lang='grc' dir='ltr'><strong>νε</strong></span> <span class='ocrx_word' id='word_1_308' title='bbox 363 3700 451 3737; x_wconf 89' lang='grc' dir='ltr'><strong>ται</strong></span> <span class='ocrx_word' id='word_1_309' title='bbox 483 3682 687 3750; x_wconf 78' lang='grc' dir='ltr'><strong>λοιπὸν,</strong></span> <span class='ocrx_word' id='word_1_310' title='bbox 723 3686 772 3740; x_wconf 86' lang='grc' dir='ltr'><strong>εί</strong></span> <span class='ocrx_word' id='word_1_311' title='bbox 805 3685 970 3759; x_wconf 81' lang='grc' dir='ltr'><strong>μέρος</strong></span> <span class='ocrx_word' id='word_1_312' title='bbox 998 3684 1050 3739; x_wconf 92' lang='grc' dir='ltr'><strong>τί</strong></span> <span class='ocrx_word' id='word_1_313' title='bbox 1081 3685 1310 3758; x_wconf 88' lang='grc' dir='ltr'><strong>κόσμου,</strong></span> <span class='ocrx_word' id='word_1_314' title='bbox 1337 3688 1430 3742; x_wconf 77' lang='grc' dir='ltr'><strong>καὶ</strong></span> <span class='ocrx_word' id='word_1_315' title='bbox 1461 3688 1622 3743; x_wconf 84' lang='grc' dir='ltr'><strong>τοῦτο</strong></span> <span class='ocrx_word' id='word_1_316' title='bbox 1656 3689 1852 3764; x_wconf 78' lang='grc' dir='ltr'><strong>βραχὺ,</strong></span> 
     </span>
     <span class='ocr_line' id='line_1_41' title="bbox 277 3773 1857 3854; baseline 0.006 -27"><span class='ocrx_word' id='word_1_317' title='bbox 277 3773 506 3829; x_wconf 83' lang='grc' dir='ltr'><strong>δέδωκεν</strong></span> <span class='ocrx_word' id='word_1_318' title='bbox 526 3776 665 3847; x_wconf 78' lang='grc' dir='ltr'><strong>ὑπὲρ</strong></span> <span class='ocrx_word' id='word_1_319' title='bbox 690 3777 888 3846; x_wconf 73' lang='grc' dir='ltr'><strong>αὐτοῦς</strong></span> <span class='ocrx_word' id='word_1_320' title='bbox 930 3779 1000 3833; x_wconf 84' lang='grc' dir='ltr'><strong>Ἢ</strong></span> <span class='ocrx_word' id='word_1_321' title='bbox 1028 3778 1171 3850; x_wconf 83' lang='grc' dir='ltr'><strong>τάχα</strong></span> <span class='ocrx_word' id='word_1_322' title='bbox 1203 3796 1305 3833; x_wconf 89' lang='grc' dir='ltr'><strong>που</strong></span> <span class='ocrx_word' id='word_1_323' title='bbox 1331 3778 1424 3834; x_wconf 75' lang='grc' dir='ltr'><strong>καὶ</strong></span> <span class='ocrx_word' id='word_1_324' title='bbox 1451 3781 1857 3854; x_wconf 82' lang='grc' dir='ltr'><strong>ἀνεπίπληκτον</strong></span> 
     </span>
     <span class='ocr_line' id='line_1_42' title="bbox 278 3866 1854 3946; baseline 0.004 -26"><span class='ocrx_word' id='word_1_325' title='bbox 278 3867 475 3933; x_wconf 72' lang='grc' dir='ltr'><strong>εἰπεῖν,</strong></span> <span class='ocrx_word' id='word_1_326' title='bbox 498 3866 575 3932; x_wconf 81' lang='grc' dir='ltr'><strong>ὡς</strong></span> <span class='ocrx_word' id='word_1_327' title='bbox 598 3867 929 3939; x_wconf 83' lang='grc' dir='ltr'><strong>λελύτρωται</strong></span> <span class='ocrx_word' id='word_1_328' title='bbox 958 3870 1162 3942; x_wconf 86' lang='grc' dir='ltr'><strong>κόσμος</strong></span> <span class='ocrx_word' id='word_1_329' title='bbox 1186 3870 1338 3925; x_wconf 81' lang='grc' dir='ltr'><strong>οὐδὲν</strong></span> <span class='ocrx_word' id='word_1_330' title='bbox 1355 3871 1495 3944; x_wconf 70' lang='grc' dir='ltr'><strong>ἔχων</strong></span> <span class='ocrx_word' id='word_1_331' title='bbox 1522 3874 1674 3946; x_wconf 77' lang='grc' dir='ltr'><strong>παρὰ</strong></span> <span class='ocrx_word' id='word_1_332' title='bbox 1696 3873 1854 3943; x_wconf 85' lang='grc' dir='ltr'><strong>Θεοῦ,</strong></span> 
     </span>
     <span class='ocr_line' id='line_1_43' title="bbox 279 3954 1853 4036; baseline 0.005 -24"><span class='ocrx_word' id='word_1_333' title='bbox 279 3954 416 4012; x_wconf 73' lang='grc' dir='ltr'><strong>ἀλλὰ</strong></span> <span class='ocrx_word' id='word_1_334' title='bbox 447 3959 561 4022; x_wconf 79' lang='grc' dir='ltr'><strong>τοῖς</strong></span> <span class='ocrx_word' id='word_1_335' title='bbox 605 3957 770 4012; x_wconf 81' lang='grc' dir='ltr'><strong>αὑτοῦ</strong></span> <span class='ocrx_word' id='word_1_336' title='bbox 807 3959 1000 4032; x_wconf 83' lang='grc' dir='ltr'><strong>μέρεσι</strong></span> <span class='ocrx_word' id='word_1_337' title='bbox 1030 3959 1168 4033; x_wconf 85' lang='grc' dir='ltr'><strong>πρὸς</strong></span> <span class='ocrx_word' id='word_1_338' title='bbox 1196 3959 1355 4016; x_wconf 87' lang='grc' dir='ltr'><strong>τοῦτο</strong></span> <span class='ocrx_word' id='word_1_339' title='bbox 1390 3963 1853 4036; x_wconf 86' lang='grc' dir='ltr'><strong>ύπηρετούμενος.</strong></span> 
     </span>
    </p>
   </div>
   <div class='ocr_carea' id='block_1_8' title="bbox 281 4225 1858 4390">
    <p class='ocr_par' dir='ltr' id='par_1_10' title="bbox 281 4225 1858 4390">
     <span class='ocr_line' id='line_1_44' title="bbox 351 4225 1855 4302; baseline 0.003 -24"><span class='ocrx_word' id='word_1_340' title='bbox 351 4225 414 4279; x_wconf 87' lang='lat' dir='ltr'><strong>B.</strong></span> <span class='ocrx_word' id='word_1_341' title='bbox 453 4225 708 4279; x_wconf 87' lang='grc' dir='ltr'><strong>Δεδόσθαι</strong></span> <span class='ocrx_word' id='word_1_342' title='bbox 739 4226 873 4294; x_wconf 78' lang='grc' dir='ltr'><strong>φασὶ</strong></span> <span class='ocrx_word' id='word_1_343' title='bbox 900 4225 989 4280; x_wconf 87' lang='grc' dir='ltr'><strong>τὸν</strong></span> <span class='ocrx_word' id='word_1_344' title='bbox 1019 4227 1302 4298; x_wconf 80' lang='grc' dir='ltr'><strong>Μονογενῆ</strong></span> <span class='ocrx_word' id='word_1_345' title='bbox 1334 4227 1486 4302; x_wconf 85' lang='grc' dir='ltr'><strong>παρὰ</strong></span> <span class='ocrx_word' id='word_1_346' title='bbox 1505 4227 1600 4282; x_wconf 89' lang='grc' dir='ltr'><strong>τοῦ</strong></span> <span class='ocrx_word' id='word_1_347' title='bbox 1622 4229 1855 4302; x_wconf 85' lang='grc' dir='ltr'><strong>Πατρὸς,</strong></span> 
     </span>
     <span class='ocr_line' id='line_1_45' title="bbox 281 4311 1858 4390; baseline 0.004 -23"><span class='ocrx_word' id='word_1_348' title='bbox 281 4311 350 4368; x_wconf 67' lang='grc' dir='ltr'><strong>ἶν’</strong></span> <span class='ocrx_word' id='word_1_349' title='bbox 380 4312 713 4385; x_wconf 78' lang='grc' dir='ltr'><strong>οίκονομήσῃ</strong></span> <span class='ocrx_word' id='word_1_350' title='bbox 757 4312 826 4366; x_wconf 85' lang='grc' dir='ltr'><strong>τὰ</strong></span> <span class='ocrx_word' id='word_1_351' title='bbox 874 4314 994 4367; x_wconf 89' lang='grc' dir='ltr'><strong>καθ’</strong></span> <span class='ocrx_word' id='word_1_352' title='bbox 1024 4314 1190 4385; x_wconf 77' lang='grc' dir='ltr'><strong>ἡμᾶς,</strong></span> <span class='ocrx_word' id='word_1_353' title='bbox 1222 4317 1322 4386; x_wconf 86' lang='grc' dir='ltr'><strong>οὐχ</strong></span> <span class='ocrx_word' id='word_1_354' title='bbox 1362 4317 1450 4371; x_wconf 81' lang='grc' dir='ltr'><strong>ἵνα</strong></span> <span class='ocrx_word' id='word_1_355' title='bbox 1478 4334 1531 4371; x_wconf 92' lang='grc' dir='ltr'><strong>τι</strong></span> <span class='ocrx_word' id='word_1_356' title='bbox 1568 4317 1716 4390; x_wconf 80' lang='grc' dir='ltr'><strong>πάθῃ</strong></span> <span class='ocrx_word' id='word_1_357' title='bbox 1747 4318 1858 4374; x_wconf 87' lang='grc' dir='ltr'><strong>τῶν</strong></span> 
     </span>
    </p>
   </div>
   <div class='ocr_carea' id='block_1_9' title="bbox 1876 1738 1926 1793">
    <p class='ocr_par' dir='ltr' id='par_1_11' title="bbox 1876 1738 1926 1793">
     <span class='ocr_line' id='line_1_46' title="bbox 1876 1738 1926 1793; baseline 0 0"><span class='ocrx_word' id='word_1_358' title='bbox 1876 1738 1926 1793; x_wconf 80' lang='grc' dir='ltr'><strong><em>Β</em></strong></span> 
     </span>
    </p>
   </div>
   <div class='ocr_carea' id='block_1_10' title="bbox 1943 480 3533 3302">
    <p class='ocr_par' dir='ltr' id='par_1_12' title="bbox 1955 480 3531 647">
     <span class='ocr_line' id='line_1_47' title="bbox 1955 480 3531 556; baseline -0.003 -16"><span class='ocrx_word' id='word_1_359' title='bbox 1955 493 2117 540; x_wconf 77' lang='lat' dir='ltr'>ceant</span> <span class='ocrx_word' id='word_1_360' title='bbox 2152 485 2256 556; x_wconf 79' lang='lat' dir='ltr'>ipsi</span> <span class='ocrx_word' id='word_1_361' title='bbox 2305 486 2555 555; x_wconf 85' lang='lat' dir='ltr'>quisnam</span> <span class='ocrx_word' id='word_1_362' title='bbox 2582 484 2635 540; x_wconf 87' lang='lat' dir='ltr'>in</span> <span class='ocrx_word' id='word_1_363' title='bbox 2670 497 2981 552; x_wconf 81' lang='lat' dir='ltr'>supremum</span> <span class='ocrx_word' id='word_1_364' title='bbox 3020 480 3148 536; x_wconf 81' lang='lat' dir='ltr'>iliud</span> <span class='ocrx_word' id='word_1_365' title='bbox 3168 480 3360 537; x_wconf 84' lang='lat' dir='ltr'>solium</span> <span class='ocrx_word' id='word_1_366' title='bbox 3393 481 3531 536; x_wconf 84' lang='lat' dir='ltr'>asci-</span> 
     </span>
     <span class='ocr_line' id='line_1_48' title="bbox 1956 573 3527 647; baseline -0.005 -15"><span class='ocrx_word' id='word_1_367' title='bbox 1956 587 2040 633; x_wconf 85' lang='lat' dir='ltr'><strong>tus</strong></span> <span class='ocrx_word' id='word_1_368' title='bbox 2071 579 2162 634; x_wconf 91' lang='lat' dir='ltr'>sit.</span> <span class='ocrx_word' id='word_1_369' title='bbox 2189 576 2445 647; x_wconf 79' lang='lat' dir='ltr'>Patrique</span> <span class='ocrx_word' id='word_1_370' title='bbox 2479 577 2730 633; x_wconf 75' lang='lat' dir='ltr'><strong>assideat.</strong></span> <span class='ocrx_word' id='word_1_371' title='bbox 2762 574 3039 643; x_wconf 74' lang='lat' dir='ltr'>Siquidem</span> <span class='ocrx_word' id='word_1_372' title='bbox 3086 573 3378 627; x_wconf 82' lang='lat' dir='ltr'>absurdum</span> <span class='ocrx_word' id='word_1_373' title='bbox 3422 573 3527 628; x_wconf 87' lang='lat' dir='ltr'><strong>im-</strong></span> 
     </span>
    </p>

    <p class='ocr_par' dir='ltr' id='par_1_13' title="bbox 1943 666 3533 825">
     <span class='ocr_line' id='line_1_49' title="bbox 1943 666 3530 739; baseline -0.002 -17"><span class='ocrx_word' id='word_1_374' title='bbox 1943 668 2143 739; x_wconf 78' lang='lat' dir='ltr'>primis</span> <span class='ocrx_word' id='word_1_375' title='bbox 2184 666 2347 724; x_wconf 75' lang='lat' dir='ltr'>inerit</span> <span class='ocrx_word' id='word_1_376' title='bbox 2386 669 2748 738; x_wconf 82' lang='lat' dir='ltr'>aeqnaiitatem</span> <span class='ocrx_word' id='word_1_377' title='bbox 2804 667 3028 722; x_wconf 82' lang='lat' dir='ltr'>honoris</span> <span class='ocrx_word' id='word_1_378' title='bbox 3082 667 3320 721; x_wconf 86' lang='lat' dir='ltr'>tribuere</span> <span class='ocrx_word' id='word_1_379' title='bbox 3372 681 3530 721; x_wconf 78' lang='lat' dir='ltr'>servo</span> 
     </span>
     <span class='ocr_line' id='line_1_50' title="bbox 1946 757 3533 825; baseline -0.004 -12"><span class='ocrx_word' id='word_1_380' title='bbox 1946 775 2074 813; x_wconf 77' lang='lat' dir='ltr'>cnm</span> <span class='ocrx_word' id='word_1_381' title='bbox 2141 760 2379 825; x_wconf 87' lang='lat' dir='ltr'>domino,</span> <span class='ocrx_word' id='word_1_382' title='bbox 2422 768 2686 814; x_wconf 58' lang='lat' dir='ltr'>creaturas</span> <span class='ocrx_word' id='word_1_383' title='bbox 2720 772 2845 813; x_wconf 86' lang='lat' dir='ltr'><strong>eum</strong></span> <span class='ocrx_word' id='word_1_384' title='bbox 2891 764 3163 820; x_wconf 81' lang='lat' dir='ltr'>creatore.</span> <span class='ocrx_word' id='word_1_385' title='bbox 3203 757 3252 810; x_wconf 93' lang='lat' dir='ltr'><strong>ei</strong></span> <span class='ocrx_word' id='word_1_386' title='bbox 3298 757 3388 825; x_wconf 89' lang='lat' dir='ltr'>qni</span> <span class='ocrx_word' id='word_1_387' title='bbox 3430 758 3533 809; x_wconf 73' lang='lat' dir='ltr'>sni»</span> 
     </span>
    </p>

    <p class='ocr_par' dir='ltr' id='par_1_14' title="bbox 1946 846 3525 920">
     <span class='ocr_line' id='line_1_51' title="bbox 1946 846 3525 920; baseline -0.004 -15"><span class='ocrx_word' id='word_1_388' title='bbox 1946 850 2077 920; x_wconf 81' lang='lat' dir='ltr'>jugo</span> <span class='ocrx_word' id='word_1_389' title='bbox 2105 858 2189 906; x_wconf 87' lang='lat' dir='ltr'><strong>est</strong></span> <span class='ocrx_word' id='word_1_390' title='bbox 2214 866 2344 906; x_wconf 72' lang='lat' dir='ltr'><strong>vcum</strong></span> <span class='ocrx_word' id='word_1_391' title='bbox 2394 850 2560 905; x_wconf 85' lang='lat' dir='ltr'>totius</span> <span class='ocrx_word' id='word_1_392' title='bbox 2608 849 2845 905; x_wconf 85' lang='lat' dir='ltr'>universi</span> <span class='ocrx_word' id='word_1_393' title='bbox 2896 847 3162 914; x_wconf 67' lang='grc' dir='ltr'><strong>Ιὶοιιιὶιιος</strong></span> <span class='ocrx_word' id='word_1_394' title='bbox 3214 854 3268 899; x_wconf 90' lang='lat' dir='ltr'><strong>et</strong></span> <span class='ocrx_word' id='word_1_395' title='bbox 3305 847 3445 915; x_wconf 76' lang='lat' dir='ltr'>qnod</span> <span class='ocrx_word' id='word_1_396' title='bbox 3474 846 3525 899; x_wconf 91' lang='lat' dir='ltr'>in</span> 
     </span>
    </p>

    <p class='ocr_par' dir='ltr' id='par_1_15' title="bbox 1943 937 3524 1103">
     <span class='ocr_line' id='line_1_52' title="bbox 1943 937 3524 1013; baseline -0.005 -14"><span class='ocrx_word' id='word_1_397' title='bbox 1943 943 2205 999; x_wconf 76' lang='lat' dir='ltr'>omnibus</span> <span class='ocrx_word' id='word_1_398' title='bbox 2226 951 2380 1013; x_wconf 90' lang='lat' dir='ltr'>paret</span> <span class='ocrx_word' id='word_1_399' title='bbox 2406 940 2657 1011; x_wconf 82' lang='lat' dir='ltr'>imperio,</span> <span class='ocrx_word' id='word_1_400' title='bbox 2682 956 2804 997; x_wconf 86' lang='lat' dir='ltr'><strong>enm</strong></span> <span class='ocrx_word' id='word_1_401' title='bbox 2822 953 2888 995; x_wconf 91' lang='lat' dir='ltr'><strong>eo</strong></span> <span class='ocrx_word' id='word_1_402' title='bbox 2912 938 3003 1009; x_wconf 93' lang='lat' dir='ltr'><strong>qui</strong></span> <span class='ocrx_word' id='word_1_403' title='bbox 3031 951 3194 1007; x_wconf 86' lang='lat' dir='ltr'>supra</span> <span class='ocrx_word' id='word_1_404' title='bbox 3221 937 3400 992; x_wconf 91' lang='lat' dir='ltr'>omnia</span> <span class='ocrx_word' id='word_1_405' title='bbox 3420 947 3524 992; x_wconf 86' lang='lat' dir='ltr'>est.</span> 
     </span>
     <span class='ocr_line' id='line_1_53' title="bbox 1982 1029 2943 1103; baseline -0.002 -15"><span class='ocrx_word' id='word_1_406' title='bbox 1982 1072 1987 1079; x_wconf 86' lang='lat'>.</span> <span class='ocrx_word' id='word_1_407' title='bbox 2022 1032 2085 1089; x_wconf 87' lang='lat' dir='ltr'><strong>B.</strong></span> <span class='ocrx_word' id='word_1_408' title='bbox 2124 1032 2346 1103; x_wconf 79' lang='lat' dir='ltr'>Explica</span> <span class='ocrx_word' id='word_1_409' title='bbox 2378 1032 2482 1088; x_wconf 80' lang='lat' dir='ltr'><strong>hoe</strong></span> <span class='ocrx_word' id='word_1_410' title='bbox 2511 1032 2668 1089; x_wconf 82' lang='lat' dir='ltr'>nobis</span> <span class='ocrx_word' id='word_1_411' title='bbox 2692 1029 2943 1086; x_wconf 82' lang='lat' dir='ltr'>ulterius.</span> 
     </span>
    </p>

    <p class='ocr_par' dir='ltr' id='par_1_16' title="bbox 1947 1116 3533 3302">
     <span class='ocr_line' id='line_1_54' title="bbox 2020 1116 3530 1196; baseline -0.005 -16"><span class='ocrx_word' id='word_1_412' title='bbox 2020 1124 2087 1180; x_wconf 85' lang='grc' dir='ltr'><strong>Α.</strong></span> <span class='ocrx_word' id='word_1_413' title='bbox 2127 1124 2315 1196; x_wconf 75' lang='lat' dir='ltr'>Atqui,</span> <span class='ocrx_word' id='word_1_414' title='bbox 2340 1132 2400 1179; x_wconf 93' lang='lat' dir='ltr'>ut</span> <span class='ocrx_word' id='word_1_415' title='bbox 2438 1123 2698 1190; x_wconf 82' lang='lat' dir='ltr'>arbitror,</span> <span class='ocrx_word' id='word_1_416' title='bbox 2738 1120 3026 1177; x_wconf 77' lang='lat' dir='ltr'>manifeste</span> <span class='ocrx_word' id='word_1_417' title='bbox 3058 1119 3191 1175; x_wconf 87' lang='lat' dir='ltr'>satis</span> <span class='ocrx_word' id='word_1_418' title='bbox 3224 1128 3278 1175; x_wconf 88' lang='lat' dir='ltr'><strong>et</strong></span> <span class='ocrx_word' id='word_1_419' title='bbox 3322 1116 3530 1188; x_wconf 79' lang='lat' dir='ltr'>prolixe</span> 
     </span>
     <span class='ocr_line' id='line_1_55' title="bbox 1950 1216 3529 1285; baseline -0.004 -14"><span class='ocrx_word' id='word_1_420' title='bbox 1950 1217 2110 1273; x_wconf 87' lang='lat' dir='ltr'>nobis</span> <span class='ocrx_word' id='word_1_421' title='bbox 2132 1217 2238 1272; x_wconf 83' lang='lat' dir='ltr'><strong>hae</strong></span> <span class='ocrx_word' id='word_1_422' title='bbox 2273 1216 2341 1271; x_wconf 90' lang='lat' dir='ltr'><strong>de</strong></span> <span class='ocrx_word' id='word_1_423' title='bbox 2371 1230 2431 1274; x_wconf 86' lang='lat' dir='ltr'><strong>re</strong></span> <span class='ocrx_word' id='word_1_424' title='bbox 2470 1223 2856 1285; x_wconf 81' lang='lat' dir='ltr'>pertractatum</span> <span class='ocrx_word' id='word_1_425' title='bbox 2901 1222 3018 1280; x_wconf 79' lang='lat' dir='ltr'>est3</span> <span class='ocrx_word' id='word_1_426' title='bbox 3062 1228 3238 1283; x_wconf 88' lang='lat' dir='ltr'>neque</span> <span class='ocrx_word' id='word_1_427' title='bbox 3280 1225 3408 1266; x_wconf 82' lang='lat' dir='ltr'>vero</span> <span class='ocrx_word' id='word_1_428' title='bbox 3442 1224 3529 1264; x_wconf 87' lang='lat' dir='ltr'><strong>me</strong></span> 
     </span>
     <span class='ocr_line' id='line_1_56' title="bbox 1953 1303 3530 1379; baseline -0.006 -17"><span class='ocrx_word' id='word_1_429' title='bbox 1953 1308 2158 1379; x_wconf 77' lang='lat' dir='ltr'>pigebit</span> <span class='ocrx_word' id='word_1_430' title='bbox 2180 1308 2246 1364; x_wconf 89' lang='lat' dir='ltr'>iis</span> <span class='ocrx_word' id='word_1_431' title='bbox 2266 1322 2387 1377; x_wconf 82' lang='lat' dir='ltr'><strong>quae</strong></span> <span class='ocrx_word' id='word_1_432' title='bbox 2414 1307 2527 1363; x_wconf 79' lang='lat' dir='ltr'>dixi</span> <span class='ocrx_word' id='word_1_433' title='bbox 2551 1308 2720 1362; x_wconf 89' lang='lat' dir='ltr'>etiam</span> <span class='ocrx_word' id='word_1_434' title='bbox 2756 1306 2859 1360; x_wconf 82' lang='lat' dir='ltr'>alia</span> <span class='ocrx_word' id='word_1_435' title='bbox 2895 1305 3140 1375; x_wconf 83' lang='lat' dir='ltr'>quaedam</span> <span class='ocrx_word' id='word_1_436' title='bbox 3170 1303 3405 1372; x_wconf 82' lang='lat' dir='ltr'>adjicere</span> <span class='ocrx_word' id='word_1_437' title='bbox 3431 1318 3447 1367; x_wconf 92' lang='grc'><strong>;</strong></span> <span class='ocrx_word' id='word_1_438' title='bbox 3475 1309 3530 1354; x_wconf 88' lang='lat' dir='ltr'><strong>et</strong></span> 
     </span>
     <span class='ocr_line' id='line_1_57' title="bbox 1952 1392 3525 1472; baseline -0.007 -16"><span class='ocrx_word' id='word_1_439' title='bbox 1952 1416 2059 1456; x_wconf 90' lang='lat' dir='ltr'><strong>non</strong></span> <span class='ocrx_word' id='word_1_440' title='bbox 2091 1400 2309 1472; x_wconf 74' lang='lat' dir='ltr'>ignobiii</span> <span class='ocrx_word' id='word_1_441' title='bbox 2337 1399 2639 1471; x_wconf 85' lang='lat' dir='ltr'>patrocinio</span> <span class='ocrx_word' id='word_1_442' title='bbox 2665 1412 2763 1468; x_wconf 89' lang='lat' dir='ltr'><strong>pro</strong></span> <span class='ocrx_word' id='word_1_443' title='bbox 2788 1397 2961 1453; x_wconf 83' lang='lat' dir='ltr'>sacris</span> <span class='ocrx_word' id='word_1_444' title='bbox 2990 1394 3331 1466; x_wconf 75' lang='lat' dir='ltr'><strong>dogmatibus</strong></span> <span class='ocrx_word' id='word_1_445' title='bbox 3362 1392 3525 1448; x_wconf 79' lang='lat' dir='ltr'>vetuti</span> 
     </span>
     <span class='ocr_line' id='line_1_58' title="bbox 1951 1486 3530 1565; baseline -0.008 -16"><span class='ocrx_word' id='word_1_446' title='bbox 1951 1496 2184 1565; x_wconf 85' lang='lat' dir='ltr'>quadam</span> <span class='ocrx_word' id='word_1_447' title='bbox 2218 1494 2397 1550; x_wconf 86' lang='lat' dir='ltr'>omnis</span> <span class='ocrx_word' id='word_1_448' title='bbox 2441 1492 2657 1565; x_wconf 76' lang='lat' dir='ltr'>generis</span> <span class='ocrx_word' id='word_1_449' title='bbox 2703 1499 2977 1545; x_wconf 81' lang='lat' dir='ltr'>armatura</span> <span class='ocrx_word' id='word_1_450' title='bbox 3024 1489 3292 1551; x_wconf 81' lang='lat' dir='ltr'>indutum,</span> <span class='ocrx_word' id='word_1_451' title='bbox 3330 1486 3530 1541; x_wconf 77' lang='lat' dir='ltr'>verita-</span> 
     </span>
     <span class='ocr_line' id='line_1_59' title="bbox 1955 1575 3527 1657; baseline -0.008 -15"><span class='ocrx_word' id='word_1_452' title='bbox 1955 1595 2061 1643; x_wconf 90' lang='lat' dir='ltr'><strong>tem</strong></span> <span class='ocrx_word' id='word_1_453' title='bbox 2086 1600 2363 1657; x_wconf 88' lang='lat' dir='ltr'>opponere</span> <span class='ocrx_word' id='word_1_454' title='bbox 2398 1585 2466 1640; x_wconf 88' lang='lat' dir='ltr'>iis</span> <span class='ocrx_word' id='word_1_455' title='bbox 2485 1584 2576 1655; x_wconf 88' lang='lat' dir='ltr'><strong>qui</strong></span> <span class='ocrx_word' id='word_1_456' title='bbox 2607 1581 2879 1639; x_wconf 85' lang='lat' dir='ltr'>contraria</span> <span class='ocrx_word' id='word_1_457' title='bbox 2907 1578 3169 1635; x_wconf 88' lang='lat' dir='ltr'>sentiunt.</span> <span class='ocrx_word' id='word_1_458' title='bbox 3200 1576 3350 1644; x_wconf 85' lang='lat' dir='ltr'>Quod</span> <span class='ocrx_word' id='word_1_459' title='bbox 3379 1575 3527 1629; x_wconf 87' lang='lat' dir='ltr'>enim</span> 
     </span>
     <span class='ocr_line' id='line_1_60' title="bbox 1947 1668 3528 1749; baseline -0.009 -17"><span class='ocrx_word' id='word_1_460' title='bbox 1947 1678 2288 1749; x_wconf 74' lang='lat' dir='ltr'>unigenitum</span> <span class='ocrx_word' id='word_1_461' title='bbox 2323 1674 2420 1731; x_wconf 82' lang='lat' dir='ltr'><strong>Dei</strong></span> <span class='ocrx_word' id='word_1_462' title='bbox 2455 1674 2695 1730; x_wconf 79' lang='lat' dir='ltr'>Verbum</span> <span class='ocrx_word' id='word_1_463' title='bbox 2718 1715 2735 1741; x_wconf 88' lang='lat'>,</span> <span class='ocrx_word' id='word_1_464' title='bbox 2766 1689 2871 1729; x_wconf 88' lang='lat' dir='ltr'><strong>non</strong></span> <span class='ocrx_word' id='word_1_465' title='bbox 2909 1670 3307 1727; x_wconf 80' lang='lat' dir='ltr'>interveniente</span> <span class='ocrx_word' id='word_1_466' title='bbox 3341 1669 3408 1722; x_wconf 88' lang='lat' dir='ltr'><strong>ad</strong></span> <span class='ocrx_word' id='word_1_467' title='bbox 3443 1668 3528 1719; x_wconf 90' lang='lat' dir='ltr'>in-</span> 
     </span>
     <span class='ocr_line' id='line_1_61' title="bbox 1954 1756 3528 1836; baseline -0.008 -11"><span class='ocrx_word' id='word_1_468' title='bbox 1954 1768 2324 1825; x_wconf 81' lang='lat' dir='ltr'>carnationem</span> <span class='ocrx_word' id='word_1_469' title='bbox 2366 1766 2476 1821; x_wconf 80' lang='lat' dir='ltr'><strong>mio</strong></span> <span class='ocrx_word' id='word_1_470' title='bbox 2532 1766 2624 1836; x_wconf 84' lang='lat' dir='ltr'><strong>qui</strong></span> <span class='ocrx_word' id='word_1_471' title='bbox 2656 1781 2686 1821; x_wconf 86' lang='lat' dir='ltr'><strong>a</strong></span> <span class='ocrx_word' id='word_1_472' title='bbox 2732 1780 2792 1821; x_wconf 91' lang='lat' dir='ltr'><strong>se</strong></span> <span class='ocrx_word' id='word_1_473' title='bbox 2832 1763 3076 1819; x_wconf 81' lang='lat' dir='ltr'>diversus</span> <span class='ocrx_word' id='word_1_474' title='bbox 3111 1769 3274 1826; x_wconf 82' lang='lat' dir='ltr'>esset,</span> <span class='ocrx_word' id='word_1_475' title='bbox 3315 1768 3369 1814; x_wconf 89' lang='lat' dir='ltr'><strong>et</strong></span> <span class='ocrx_word' id='word_1_476' title='bbox 3399 1756 3528 1813; x_wconf 87' lang='lat' dir='ltr'>stri·</span> 
     </span>
     <span class='ocr_line' id='line_1_62' title="bbox 1949 1851 3527 1931; baseline -0.007 -14"><span class='ocrx_word' id='word_1_477' title='bbox 1949 1871 2042 1917; x_wconf 72' lang='lat' dir='ltr'><strong>ete</strong></span> <span class='ocrx_word' id='word_1_478' title='bbox 2053 1861 2102 1916; x_wconf 91' lang='lat' dir='ltr'><strong>ei</strong></span> <span class='ocrx_word' id='word_1_479' title='bbox 2125 1860 2561 1931; x_wconf 74' lang='lat' dir='ltr'>conjungeretur,</span> <span class='ocrx_word' id='word_1_480' title='bbox 2578 1858 2770 1913; x_wconf 84' lang='lat' dir='ltr'>mortis</span> <span class='ocrx_word' id='word_1_481' title='bbox 2788 1856 3067 1926; x_wconf 85' lang='lat' dir='ltr'>imperium</span> <span class='ocrx_word' id='word_1_482' title='bbox 3088 1853 3414 1917; x_wconf 82' lang='lat' dir='ltr'>dissolverit,</span> <span class='ocrx_word' id='word_1_483' title='bbox 3433 1851 3527 1907; x_wconf 86' lang='lat' dir='ltr'><strong>sed</strong></span> 
     </span>
     <span class='ocr_line' id='line_1_63' title="bbox 1953 1944 3525 2025; baseline -0.006 -17"><span class='ocrx_word' id='word_1_484' title='bbox 1953 1954 2129 2025; x_wconf 72' lang='lat' dir='ltr'>ipsum</span> <span class='ocrx_word' id='word_1_485' title='bbox 2159 1952 2337 2022; x_wconf 85' lang='lat' dir='ltr'>potius</span> <span class='ocrx_word' id='word_1_486' title='bbox 2359 1950 2595 2007; x_wconf 79' lang='lat' dir='ltr'>Verbum</span> <span class='ocrx_word' id='word_1_487' title='bbox 2621 1949 2715 2004; x_wconf 82' lang='lat' dir='ltr'><strong>Dei</strong></span> <span class='ocrx_word' id='word_1_488' title='bbox 2748 1962 2841 2016; x_wconf 87' lang='lat' dir='ltr'><strong>per</strong></span> <span class='ocrx_word' id='word_1_489' title='bbox 2870 1960 2949 2012; x_wconf 87' lang='lat' dir='ltr'><strong>se,</strong></span> <span class='ocrx_word' id='word_1_490' title='bbox 2987 1945 3257 2015; x_wconf 76' lang='lat' dir='ltr'>probabit,</span> <span class='ocrx_word' id='word_1_491' title='bbox 3291 1944 3479 1999; x_wconf 87' lang='lat' dir='ltr'>dicens</span> <span class='ocrx_word' id='word_1_492' title='bbox 3508 1961 3525 1999; x_wconf 74' lang='grc' dir='ltr'><strong>ε</strong></span> 
     </span>
     <span class='ocr_line' id='line_1_64' title="bbox 1959 2037 3525 2106; baseline -0.008 -5"><span class='ocrx_word' id='word_1_493' title='bbox 1959 2067 1979 2101; x_wconf 82' lang='lat' dir='ltr'>t</span> <span class='ocrx_word' id='word_1_494' title='bbox 2015 2048 2091 2103; x_wconf 86' lang='lat' dir='ltr'><strong>lta</strong></span> <span class='ocrx_word' id='word_1_495' title='bbox 2121 2046 2265 2103; x_wconf 82' lang='lat' dir='ltr'>enirn</span> <span class='ocrx_word' id='word_1_496' title='bbox 2316 2044 2505 2101; x_wconf 90' lang='lat' dir='ltr'>dilexit</span> <span class='ocrx_word' id='word_1_497' title='bbox 2543 2042 2687 2098; x_wconf 80' lang='lat' dir='ltr'>Deus</span> <span class='ocrx_word' id='word_1_498' title='bbox 2723 2042 3003 2106; x_wconf 82' lang='lat' dir='ltr'>mundum,</span> <span class='ocrx_word' id='word_1_499' title='bbox 3038 2046 3098 2094; x_wconf 87' lang='grc' dir='ltr'><strong>ιιι</strong></span> <span class='ocrx_word' id='word_1_500' title='bbox 3138 2037 3331 2094; x_wconf 80' lang='lat' dir='ltr'>Filium</span> <span class='ocrx_word' id='word_1_501' title='bbox 3371 2050 3525 2091; x_wconf 85' lang='lat' dir='ltr'>suum</span> 
     </span>
     <span class='ocr_line' id='line_1_65' title="bbox 1955 2129 3527 2210; baseline -0.008 -16"><span class='ocrx_word' id='word_1_502' title='bbox 1955 2140 2290 2210; x_wconf 79' lang='lat' dir='ltr'>unigenitum</span> <span class='ocrx_word' id='word_1_503' title='bbox 2327 2136 2567 2200; x_wconf 82' lang='lat' dir='ltr'>dederit,</span> <span class='ocrx_word' id='word_1_504' title='bbox 2599 2145 2664 2189; x_wconf 88' lang='lat' dir='ltr'>ut</span> <span class='ocrx_word' id='word_1_505' title='bbox 2698 2133 2898 2189; x_wconf 53' lang='lat' dir='ltr'><strong>omnis⁴</strong></span> <span class='ocrx_word' id='word_1_506' title='bbox 2924 2131 3015 2203; x_wconf 90' lang='lat' dir='ltr'><strong>qui</strong></span> <span class='ocrx_word' id='word_1_507' title='bbox 3046 2131 3218 2186; x_wconf 78' lang='lat' dir='ltr'>eredit</span> <span class='ocrx_word' id='word_1_508' title='bbox 3249 2130 3319 2185; x_wconf 84' lang='lat' dir='ltr'>in</span> <span class='ocrx_word' id='word_1_509' title='bbox 3352 2129 3527 2200; x_wconf 84' lang='lat' dir='ltr'>ipsum</span> 
     </span>
     <span class='ocr_line' id='line_1_66' title="bbox 1954 2221 3527 2303; baseline -0.01 -15"><span class='ocrx_word' id='word_1_510' title='bbox 1954 2247 2060 2288; x_wconf 87' lang='lat' dir='ltr'><strong>non</strong></span> <span class='ocrx_word' id='word_1_511' title='bbox 2100 2240 2304 2303; x_wconf 82' lang='lat' dir='ltr'>pereat,</span> <span class='ocrx_word' id='word_1_512' title='bbox 2341 2231 2434 2285; x_wconf 87' lang='lat' dir='ltr'><strong>sed</strong></span> <span class='ocrx_word' id='word_1_513' title='bbox 2475 2228 2671 2283; x_wconf 79' lang='lat' dir='ltr'>habeat</span> <span class='ocrx_word' id='word_1_514' title='bbox 2719 2227 2883 2281; x_wconf 83' lang='lat' dir='ltr'>vitam</span> <span class='ocrx_word' id='word_1_515' title='bbox 2921 2232 3179 2279; x_wconf 77' lang='lat' dir='ltr'>:eternam</span> <span class='ocrx_word' id='word_1_516' title='bbox 3201 2221 3271 2277; x_wconf 80' lang='lat'><strong>⁸⁸.</strong></span> <span class='ocrx_word' id='word_1_517' title='bbox 3311 2240 3333 2276; x_wconf 78' lang='grc' dir='ltr'><strong>ι</strong></span> <span class='ocrx_word' id='word_1_518' title='bbox 3389 2222 3527 2277; x_wconf 87' lang='lat' dir='ltr'><strong>Cum</strong></span> 
     </span>
     <span class='ocr_line' id='line_1_67' title="bbox 1954 2304 3528 2385; baseline -0.01 -6"><span class='ocrx_word' id='word_1_519' title='bbox 1954 2304 2086 2381; x_wconf 75' lang='lat' dir='ltr'>vero</span> <span class='ocrx_word' id='word_1_520' title='bbox 2118 2324 2212 2377; x_wconf 76' lang='lat' dir='ltr'><strong>bei</strong></span> <span class='ocrx_word' id='word_1_521' title='bbox 2258 2336 2323 2377; x_wconf 83' lang='lat' dir='ltr'><strong>ae</strong></span> <span class='ocrx_word' id='word_1_522' title='bbox 2367 2318 2548 2375; x_wconf 86' lang='lat' dir='ltr'>Patris</span> <span class='ocrx_word' id='word_1_523' title='bbox 2590 2315 2934 2373; x_wconf 81' lang='lat' dir='ltr'>diiectionem</span> <span class='ocrx_word' id='word_1_524' title='bbox 2978 2328 3106 2385; x_wconf 78' lang='lat' dir='ltr'>erga</span> <span class='ocrx_word' id='word_1_525' title='bbox 3154 2310 3410 2367; x_wconf 88' lang='lat' dir='ltr'>mundum</span> <span class='ocrx_word' id='word_1_526' title='bbox 3452 2309 3528 2365; x_wconf 81' lang='lat' dir='ltr'><strong>ita</strong></span> 
     </span>
     <span class='ocr_line' id='line_1_68' title="bbox 1953 2400 3531 2480; baseline -0.011 -7"><span class='ocrx_word' id='word_1_527' title='bbox 1953 2415 2209 2480; x_wconf 80' lang='lat' dir='ltr'>extollat,</span> <span class='ocrx_word' id='word_1_528' title='bbox 2260 2422 2315 2469; x_wconf 87' lang='lat' dir='ltr'><strong>et</strong></span> <span class='ocrx_word' id='word_1_529' title='bbox 2362 2412 2676 2466; x_wconf 79' lang='lat' dir='ltr'>immensam</span> <span class='ocrx_word' id='word_1_530' title='bbox 2723 2418 2885 2477; x_wconf 90' lang='lat' dir='ltr'>atque</span> <span class='ocrx_word' id='word_1_531' title='bbox 2938 2404 3316 2461; x_wconf 75' lang='lat' dir='ltr'>inexhaustam</span> <span class='ocrx_word' id='word_1_532' title='bbox 3365 2400 3531 2456; x_wconf 75' lang='lat' dir='ltr'>fnisse</span> 
     </span>
     <span class='ocr_line' id='line_1_69' title="bbox 1957 2480 3527 2573; baseline -0.01 -12"><span class='ocrx_word' id='word_1_533' title='bbox 1957 2480 2123 2573; x_wconf 70' lang='lat' dir='ltr'>di&#39;cat,</span> <span class='ocrx_word' id='word_1_534' title='bbox 2154 2520 2253 2561; x_wconf 85' lang='lat' dir='ltr'><strong>cur</strong></span> <span class='ocrx_word' id='word_1_535' title='bbox 2280 2502 2523 2559; x_wconf 67' lang='lat' dir='ltr'>haeretici</span> <span class='ocrx_word' id='word_1_536' title='bbox 2558 2500 2700 2556; x_wconf 83' lang='lat' dir='ltr'>hane</span> <span class='ocrx_word' id='word_1_537' title='bbox 2727 2498 2943 2555; x_wconf 82' lang='lat' dir='ltr'>eievant</span> <span class='ocrx_word' id='word_1_538' title='bbox 2968 2506 3133 2565; x_wconf 84' lang='lat' dir='ltr'>atque</span> <span class='ocrx_word' id='word_1_539' title='bbox 3180 2494 3527 2558; x_wconf 82' lang='lat' dir='ltr'>imminuunt,</span> 
     </span>
     <span class='ocr_line' id='line_1_70' title="bbox 1956 2586 3525 2661; baseline -0.01 -6"><span class='ocrx_word' id='word_1_540' title='bbox 1956 2599 2197 2655; x_wconf 84' lang='lat' dir='ltr'>dieentes</span> <span class='ocrx_word' id='word_1_541' title='bbox 2233 2611 2340 2651; x_wconf 89' lang='lat' dir='ltr'><strong>non</strong></span> <span class='ocrx_word' id='word_1_542' title='bbox 2385 2607 2575 2649; x_wconf 80' lang='lat' dir='ltr'>verum</span> <span class='ocrx_word' id='word_1_543' title='bbox 2607 2590 2776 2646; x_wconf 79' lang='lat' dir='ltr'>tilium</span> <span class='ocrx_word' id='word_1_544' title='bbox 2816 2604 2916 2661; x_wconf 90' lang='lat' dir='ltr'><strong>pro</strong></span> <span class='ocrx_word' id='word_1_545' title='bbox 2950 2587 3106 2644; x_wconf 84' lang='lat' dir='ltr'>nobis</span> <span class='ocrx_word' id='word_1_546' title='bbox 3138 2586 3322 2642; x_wconf 85' lang='lat' dir='ltr'>datum</span> <span class='ocrx_word' id='word_1_547' title='bbox 3371 2599 3525 2649; x_wconf 87' lang='lat' dir='ltr'>esse,</span> 
     </span>
     <span class='ocr_line' id='line_1_71' title="bbox 1956 2676 3530 2760; baseline -0.01 -13"><span class='ocrx_word' id='word_1_548' title='bbox 1956 2690 2053 2747; x_wconf 87' lang='lat' dir='ltr'><strong>sed</strong></span> <span class='ocrx_word' id='word_1_549' title='bbox 2093 2689 2380 2760; x_wconf 77' lang='lat' dir='ltr'>quemdam</span> <span class='ocrx_word' id='word_1_550' title='bbox 2435 2699 2505 2740; x_wconf 81' lang='lat' dir='ltr'><strong>ex</strong></span> <span class='ocrx_word' id='word_1_551' title='bbox 2540 2682 2692 2739; x_wconf 85' lang='lat' dir='ltr'>nobis</span> <span class='ocrx_word' id='word_1_552' title='bbox 2730 2696 2826 2752; x_wconf 89' lang='lat' dir='ltr'><strong>per</strong></span> <span class='ocrx_word' id='word_1_553' title='bbox 2864 2679 3092 2751; x_wconf 75' lang='lat' dir='ltr'>gratiam</span> <span class='ocrx_word' id='word_1_554' title='bbox 3125 2680 3178 2733; x_wconf 92' lang='lat' dir='ltr'>in</span> <span class='ocrx_word' id='word_1_555' title='bbox 3224 2678 3391 2733; x_wconf 78' lang='lat' dir='ltr'>fliium</span> <span class='ocrx_word' id='word_1_556' title='bbox 3432 2676 3530 2731; x_wconf 85' lang='lat' dir='ltr'>ad·</span> 
     </span>
     <span class='ocr_line' id='line_1_72' title="bbox 1957 2768 3527 2852; baseline -0.01 -14"><span class='ocrx_word' id='word_1_557' title='bbox 1957 2789 2225 2852; x_wconf 83' lang='lat' dir='ltr'>optatum,</span> <span class='ocrx_word' id='word_1_558' title='bbox 2244 2791 2477 2848; x_wconf 89' lang='lat' dir='ltr'>eumque</span> <span class='ocrx_word' id='word_1_559' title='bbox 2502 2775 2557 2831; x_wconf 76' lang='lat' dir='ltr'>in</span> <span class='ocrx_word' id='word_1_560' title='bbox 2576 2773 2835 2830; x_wconf 78' lang='lat' dir='ltr'>naturalis</span> <span class='ocrx_word' id='word_1_561' title='bbox 2869 2771 2961 2828; x_wconf 80' lang='lat' dir='ltr'>titii</span> <span class='ocrx_word' id='word_1_562' title='bbox 2984 2771 3158 2827; x_wconf 79' lang='lat' dir='ltr'>iocum</span> <span class='ocrx_word' id='word_1_563' title='bbox 3185 2768 3490 2825; x_wconf 81' lang='lat' dir='ltr'>attollentes</span> <span class='ocrx_word' id='word_1_564' title='bbox 3509 2805 3527 2832; x_wconf 86' lang='lat'>,</span> 
     </span>
     <span class='ocr_line' id='line_1_73' title="bbox 1957 2860 3533 2941; baseline -0.007 -13"><span class='ocrx_word' id='word_1_565' title='bbox 1957 2888 2078 2930; x_wconf 86' lang='lat' dir='ltr'>cnm</span> <span class='ocrx_word' id='word_1_566' title='bbox 2112 2870 2525 2941; x_wconf 74' lang='lat' dir='ltr'>sitUnigenitus</span> <span class='ocrx_word' id='word_1_567' title='bbox 2554 2867 2646 2938; x_wconf 90' lang='lat' dir='ltr'>qni</span> <span class='ocrx_word' id='word_1_568' title='bbox 2688 2880 2786 2936; x_wconf 86' lang='lat' dir='ltr'><strong>pro</strong></span> <span class='ocrx_word' id='word_1_569' title='bbox 2819 2865 2975 2920; x_wconf 81' lang='lat' dir='ltr'>nobis</span> <span class='ocrx_word' id='word_1_570' title='bbox 3020 2861 3182 2920; x_wconf 87' lang='lat' dir='ltr'>datus</span> <span class='ocrx_word' id='word_1_571' title='bbox 3225 2873 3308 2917; x_wconf 85' lang='lat' dir='ltr'><strong>est</strong></span> <span class='ocrx_word' id='word_1_572' title='bbox 3330 2862 3357 2917; x_wconf 72' lang='lat'><strong>7</strong></span> <span class='ocrx_word' id='word_1_573' title='bbox 3387 2860 3533 2917; x_wconf 70' lang='lat' dir='ltr'>Prte-</span> 
     </span>
     <span class='ocr_line' id='line_1_74' title="bbox 1959 2953 3533 3028; baseline -0.006 -9"><span class='ocrx_word' id='word_1_574' title='bbox 1959 2974 2105 3021; x_wconf 83' lang='lat' dir='ltr'>terea</span> <span class='ocrx_word' id='word_1_575' title='bbox 2156 2977 2277 3018; x_wconf 87' lang='lat' dir='ltr'><strong>cum</strong></span> <span class='ocrx_word' id='word_1_576' title='bbox 2326 2960 2564 3018; x_wconf 74' lang='lat' dir='ltr'>loannes</span> <span class='ocrx_word' id='word_1_577' title='bbox 2607 2965 2795 3028; x_wconf 83' lang='lat' dir='ltr'>aperte</span> <span class='ocrx_word' id='word_1_578' title='bbox 2839 2957 3079 3011; x_wconf 84' lang='lat' dir='ltr'>scribat:</span> <span class='ocrx_word' id='word_1_579' title='bbox 3139 2974 3159 3007; x_wconf 78' lang='lat' dir='ltr'>t</span> <span class='ocrx_word' id='word_1_580' title='bbox 3214 2953 3533 3024; x_wconf 75' lang='lat' dir='ltr'>unigenitus</span> 
     </span>
     <span class='ocr_line' id='line_1_75' title="bbox 1958 3043 3533 3125; baseline -0.008 -15"><span class='ocrx_word' id='word_1_581' title='bbox 1958 3054 2101 3111; x_wconf 79' lang='lat' dir='ltr'>Dens</span> <span class='ocrx_word' id='word_1_582' title='bbox 2125 3057 2218 3125; x_wconf 84' lang='lat' dir='ltr'><strong>qui</strong></span> <span class='ocrx_word' id='word_1_583' title='bbox 2244 3061 2326 3110; x_wconf 89' lang='lat' dir='ltr'><strong>est</strong></span> <span class='ocrx_word' id='word_1_584' title='bbox 2364 3052 2417 3108; x_wconf 90' lang='lat' dir='ltr'>in</span> <span class='ocrx_word' id='word_1_585' title='bbox 2446 3051 2567 3106; x_wconf 89' lang='lat' dir='ltr'>sinn</span> <span class='ocrx_word' id='word_1_586' title='bbox 2604 3046 2779 3103; x_wconf 83' lang='lat' dir='ltr'>Patris</span> <span class='ocrx_word' id='word_1_587' title='bbox 2808 3046 2850 3080; x_wconf 84' lang='lat'><strong>⁸¹</strong></span> <span class='ocrx_word' id='word_1_588' title='bbox 2882 3065 2897 3101; x_wconf 74' lang='grc' dir='ltr'><strong>ι</strong></span> <span class='ocrx_word' id='word_1_589' title='bbox 2937 3066 2957 3099; x_wconf 79' lang='grc' dir='ltr'><strong>ι</strong></span> <span class='ocrx_word' id='word_1_590' title='bbox 2993 3045 3263 3116; x_wconf 84' lang='lat' dir='ltr'>quomodo</span> <span class='ocrx_word' id='word_1_591' title='bbox 3301 3058 3405 3099; x_wconf 88' lang='lat' dir='ltr'><strong>non</strong></span> <span class='ocrx_word' id='word_1_592' title='bbox 3444 3043 3533 3099; x_wconf 85' lang='lat' dir='ltr'>ad·</span> 
     </span>
     <span class='ocr_line' id='line_1_76' title="bbox 1962 3137 3532 3214; baseline -0.009 -10"><span class='ocrx_word' id='word_1_593' title='bbox 1962 3148 2188 3204; x_wconf 85' lang='lat' dir='ltr'>miretur</span> <span class='ocrx_word' id='word_1_594' title='bbox 2221 3143 2488 3214; x_wconf 74' lang='lat' dir='ltr'>quispiam</span> <span class='ocrx_word' id='word_1_595' title='bbox 2521 3141 2739 3196; x_wconf 80' lang='lat' dir='ltr'>iliorum</span> <span class='ocrx_word' id='word_1_596' title='bbox 2774 3137 3124 3208; x_wconf 83' lang='lat' dir='ltr'>imperitiam,</span> <span class='ocrx_word' id='word_1_597' title='bbox 3151 3137 3242 3207; x_wconf 88' lang='lat' dir='ltr'><strong>qui</strong></span> <span class='ocrx_word' id='word_1_598' title='bbox 3271 3139 3340 3192; x_wconf 81' lang='lat' dir='ltr'>ai»</span> <span class='ocrx_word' id='word_1_599' title='bbox 3360 3137 3532 3192; x_wconf 88' lang='lat' dir='ltr'>admi·</span> 
     </span>
     <span class='ocr_line' id='line_1_77' title="bbox 1962 3227 3533 3302; baseline -0.006 -8"><span class='ocrx_word' id='word_1_600' title='bbox 1962 3238 2283 3295; x_wconf 84' lang='lat' dir='ltr'>nistratione</span> <span class='ocrx_word' id='word_1_601' title='bbox 2314 3237 2563 3296; x_wconf 59' lang='lat' dir='ltr'>infime</span> <span class='ocrx_word' id='word_1_602' title='bbox 2593 3231 2940 3302; x_wconf 74' lang='lat' dir='ltr'>Unigenitum</span> <span class='ocrx_word' id='word_1_603' title='bbox 2969 3229 3063 3287; x_wconf 87' lang='lat' dir='ltr'><strong>Dei</strong></span> <span class='ocrx_word' id='word_1_604' title='bbox 3093 3227 3331 3286; x_wconf 82' lang='lat' dir='ltr'>Verbum</span> <span class='ocrx_word' id='word_1_605' title='bbox 3354 3230 3533 3285; x_wconf 84' lang='lat' dir='ltr'>exciu-</span> 
     </span>
    </p>
   </div>
   <div class='ocr_carea' id='block_1_11' title="bbox 1927 3315 3578 3401">
    <p class='ocr_par' dir='ltr' id='par_1_17' title="bbox 1927 3315 3578 3401">
     <span class='ocr_line' id='line_1_78' title="bbox 1927 3315 3578 3401; baseline -0.007 -15"><span class='ocrx_word' id='word_1_606' title='bbox 1927 3315 2110 3396; x_wconf 50' lang='lat' dir='ltr'>’dant,</span> <span class='ocrx_word' id='word_1_607' title='bbox 2145 3327 2310 3401; x_wconf 73' lang='grc'><strong>769</strong></span> <span class='ocrx_word' id='word_1_608' title='bbox 2331 3341 2394 3383; x_wconf 86' lang='lat' dir='ltr'><strong>ac</strong></span> <span class='ocrx_word' id='word_1_609' title='bbox 2428 3325 2605 3398; x_wconf 91' lang='lat' dir='ltr'>potius</span> <span class='ocrx_word' id='word_1_610' title='bbox 2642 3324 2806 3379; x_wconf 85' lang='lat' dir='ltr'>alium</span> <span class='ocrx_word' id='word_1_611' title='bbox 2852 3322 3161 3393; x_wconf 85' lang='lat' dir='ltr'>quemdam,</span> <span class='ocrx_word' id='word_1_612' title='bbox 3192 3329 3249 3376; x_wconf 89' lang='lat' dir='ltr'>ut</span> <span class='ocrx_word' id='word_1_613' title='bbox 3287 3321 3418 3388; x_wconf 81' lang='lat' dir='ltr'>dixi,</span> <span class='ocrx_word' id='word_1_614' title='bbox 3452 3321 3532 3375; x_wconf 88' lang='lat' dir='ltr'>in-</span> <span class='ocrx_word' id='word_1_615' title='bbox 3572 3342 3578 3349; x_wconf 92' lang='lat'><em>·</em></span> 
     </span>
    </p>
   </div>
   <div class='ocr_carea' id='block_1_12' title="bbox 1959 3411 3534 3668">
    <p class='ocr_par' dir='ltr' id='par_1_18' title="bbox 1959 3411 3534 3668">
     <span class='ocr_line' id='line_1_79' title="bbox 1961 3411 3531 3488; baseline -0.01 -9"><span class='ocrx_word' id='word_1_616' title='bbox 1961 3423 2266 3488; x_wconf 76' lang='lat' dir='ltr'>troducant,</span> <span class='ocrx_word' id='word_1_617' title='bbox 2295 3419 2601 3475; x_wconf 84' lang='lat' dir='ltr'>extrinseca</span> <span class='ocrx_word' id='word_1_618' title='bbox 2635 3427 2798 3486; x_wconf 87' lang='lat' dir='ltr'>atque</span> <span class='ocrx_word' id='word_1_619' title='bbox 2826 3413 3059 3471; x_wconf 77' lang='lat' dir='ltr'>ascititia</span> <span class='ocrx_word' id='word_1_620' title='bbox 3098 3411 3266 3484; x_wconf 81' lang='lat' dir='ltr'>gloria</span> <span class='ocrx_word' id='word_1_621' title='bbox 3293 3411 3531 3483; x_wconf 80' lang='lat' dir='ltr'>splendi-</span> 
     </span>
     <span class='ocr_line' id='line_1_80' title="bbox 1959 3500 3534 3579; baseline -0.008 -11"><span class='ocrx_word' id='word_1_622' title='bbox 1959 3512 2086 3568; x_wconf 87' lang='lat' dir='ltr'><strong>dum</strong></span> <span class='ocrx_word' id='word_1_623' title='bbox 2111 3552 2127 3577; x_wconf 86' lang='lat'>‚</span> <span class='ocrx_word' id='word_1_624' title='bbox 2176 3508 2583 3579; x_wconf 79' lang='lat' dir='ltr'>adventitioque</span> <span class='ocrx_word' id='word_1_625' title='bbox 2635 3505 2865 3562; x_wconf 80' lang='lat' dir='ltr'>Deitatis</span> <span class='ocrx_word' id='word_1_626' title='bbox 2928 3503 3147 3559; x_wconf 90' lang='lat' dir='ltr'>nomine</span> <span class='ocrx_word' id='word_1_627' title='bbox 3197 3503 3479 3571; x_wconf 81' lang='lat' dir='ltr'>proeditnm</span> <span class='ocrx_word' id='word_1_628' title='bbox 3510 3500 3534 3556; x_wconf 72' lang='grc'><em>2</em></span> 
     </span>
     <span class='ocr_line' id='line_1_81' title="bbox 1960 3592 3532 3668; baseline -0.004 -15"><span class='ocrx_word' id='word_1_629' title='bbox 1960 3598 2163 3654; x_wconf 80' lang='lat' dir='ltr'>Deinde</span> <span class='ocrx_word' id='word_1_630' title='bbox 2191 3597 2447 3668; x_wconf 82' lang='lat' dir='ltr'>quidnam</span> <span class='ocrx_word' id='word_1_631' title='bbox 2477 3594 2736 3651; x_wconf 88' lang='lat' dir='ltr'>eximium</span> <span class='ocrx_word' id='word_1_632' title='bbox 2767 3601 2860 3648; x_wconf 89' lang='lat' dir='ltr'><strong>aut</strong></span> <span class='ocrx_word' id='word_1_633' title='bbox 2892 3606 3220 3665; x_wconf 75' lang='lat' dir='ltr'>magnopere</span> <span class='ocrx_word' id='word_1_634' title='bbox 3258 3592 3532 3646; x_wconf 86' lang='lat' dir='ltr'>admiran-</span> 
     </span>
    </p>
   </div>
   <div class='ocr_carea' id='block_1_13' title="bbox 1959 3684 3534 4392">
    <p class='ocr_par' dir='ltr' id='par_1_19' title="bbox 1959 3684 3534 4204">
     <span class='ocr_line' id='line_1_82' title="bbox 1960 3684 3530 3755; baseline -0.006 -9"><span class='ocrx_word' id='word_1_635' title='bbox 1960 3691 2087 3746; x_wconf 84' lang='lat' dir='ltr'><strong>dum</strong></span> <span class='ocrx_word' id='word_1_636' title='bbox 2119 3690 2174 3744; x_wconf 93' lang='lat' dir='ltr'>in</span> <span class='ocrx_word' id='word_1_637' title='bbox 2206 3688 2493 3744; x_wconf 85' lang='lat' dir='ltr'>dilectione</span> <span class='ocrx_word' id='word_1_638' title='bbox 2530 3684 2709 3742; x_wconf 83' lang='lat' dir='ltr'>Patris</span> <span class='ocrx_word' id='word_1_639' title='bbox 2739 3699 2862 3740; x_wconf 86' lang='lat' dir='ltr'>esse</span> <span class='ocrx_word' id='word_1_640' title='bbox 2894 3694 3181 3740; x_wconf 84' lang='lat' dir='ltr'>censeatur</span> <span class='ocrx_word' id='word_1_641' title='bbox 3201 3722 3217 3750; x_wconf 87' lang='lat'><em>,</em></span> <span class='ocrx_word' id='word_1_642' title='bbox 3245 3684 3289 3738; x_wconf 91' lang='lat' dir='ltr'>si</span> <span class='ocrx_word' id='word_1_643' title='bbox 3321 3692 3530 3755; x_wconf 82' lang='lat' dir='ltr'>partem</span> 
     </span>
     <span class='ocr_line' id='line_1_83' title="bbox 1960 3775 3534 3853; baseline -0.004 -18"><span class='ocrx_word' id='word_1_644' title='bbox 1960 3783 2245 3853; x_wconf 85' lang='lat' dir='ltr'>quamdam</span> <span class='ocrx_word' id='word_1_645' title='bbox 2275 3779 2479 3848; x_wconf 85' lang='lat' dir='ltr'>mnndi,</span> <span class='ocrx_word' id='word_1_646' title='bbox 2516 3786 2678 3849; x_wconf 88' lang='lat' dir='ltr'>atque</span> <span class='ocrx_word' id='word_1_647' title='bbox 2711 3775 2857 3831; x_wconf 87' lang='lat' dir='ltr'>iliam</span> <span class='ocrx_word' id='word_1_648' title='bbox 2881 3775 3097 3846; x_wconf 86' lang='lat' dir='ltr'>quidem</span> <span class='ocrx_word' id='word_1_649' title='bbox 3129 3775 3400 3844; x_wconf 75' lang='lat' dir='ltr'>exiguam,</span> <span class='ocrx_word' id='word_1_650' title='bbox 3434 3788 3534 3844; x_wconf 87' lang='lat' dir='ltr'><strong>pro</strong></span> 
     </span>
     <span class='ocr_line' id='line_1_84' title="bbox 1959 3866 3533 3944; baseline -0.004 -18"><span class='ocrx_word' id='word_1_651' title='bbox 1959 3872 2077 3944; x_wconf 90' lang='lat' dir='ltr'>ipso</span> <span class='ocrx_word' id='word_1_652' title='bbox 2133 3870 2317 3927; x_wconf 76' lang='lat' dir='ltr'>dedit?</span> <span class='ocrx_word' id='word_1_653' title='bbox 2346 3869 2649 3937; x_wconf 82' lang='lat' dir='ltr'>Quinetiam</span> <span class='ocrx_word' id='word_1_654' title='bbox 2688 3869 2792 3924; x_wconf 82' lang='lat' dir='ltr'><strong>hoc</strong></span> <span class='ocrx_word' id='word_1_655' title='bbox 2826 3866 3059 3923; x_wconf 74' lang='lat' dir='ltr'>tortasse</span> <span class='ocrx_word' id='word_1_656' title='bbox 3103 3877 3247 3923; x_wconf 88' lang='lat' dir='ltr'>recte</span> <span class='ocrx_word' id='word_1_657' title='bbox 3293 3866 3396 3923; x_wconf 86' lang='lat' dir='ltr'>dici</span> <span class='ocrx_word' id='word_1_658' title='bbox 3438 3882 3533 3937; x_wconf 89' lang='lat' dir='ltr'><strong>po-</strong></span> 
     </span>
     <span class='ocr_line' id='line_1_85' title="bbox 1962 3956 3532 4030; baseline -0.003 -12"><span class='ocrx_word' id='word_1_659' title='bbox 1962 3963 2110 4030; x_wconf 89' lang='lat' dir='ltr'>terit,</span> <span class='ocrx_word' id='word_1_660' title='bbox 2154 3964 2489 4029; x_wconf 85' lang='lat' dir='ltr'>redemptum</span> <span class='ocrx_word' id='word_1_661' title='bbox 2533 3974 2657 4016; x_wconf 87' lang='lat' dir='ltr'>esse</span> <span class='ocrx_word' id='word_1_662' title='bbox 2694 3956 2955 4014; x_wconf 87' lang='lat' dir='ltr'>mundum</span> <span class='ocrx_word' id='word_1_663' title='bbox 2997 3957 3131 4013; x_wconf 80' lang='lat' dir='ltr'>nihii</span> <span class='ocrx_word' id='word_1_664' title='bbox 3176 3959 3465 4015; x_wconf 80' lang='lat' dir='ltr'>habentem</span> <span class='ocrx_word' id='word_1_665' title='bbox 3500 3973 3532 4014; x_wconf 82' lang='lat' dir='ltr'><strong>a</strong></span> 
     </span>
     <span class='ocr_line' id='line_1_86' title="bbox 1961 4051 3532 4124; baseline -0.001 -14"><span class='ocrx_word' id='word_1_666' title='bbox 1961 4056 2071 4111; x_wconf 83' lang='lat' dir='ltr'><strong>Deo</strong></span> <span class='ocrx_word' id='word_1_667' title='bbox 2093 4094 2108 4121; x_wconf 83' lang='lat'><strong>,</strong></span> <span class='ocrx_word' id='word_1_668' title='bbox 2165 4052 2261 4110; x_wconf 86' lang='lat' dir='ltr'><strong>sed</strong></span> <span class='ocrx_word' id='word_1_669' title='bbox 2324 4067 2450 4109; x_wconf 86' lang='lat' dir='ltr'>suas</span> <span class='ocrx_word' id='word_1_670' title='bbox 2513 4051 2682 4124; x_wconf 87' lang='lat' dir='ltr'>ipsius</span> <span class='ocrx_word' id='word_1_671' title='bbox 2733 4061 2920 4123; x_wconf 88' lang='lat' dir='ltr'>partes</span> <span class='ocrx_word' id='word_1_672' title='bbox 2966 4051 3327 4120; x_wconf 72' lang='lat' dir='ltr'>redemptioni</span> <span class='ocrx_word' id='word_1_673' title='bbox 3388 4051 3532 4108; x_wconf 82' lang='lat' dir='ltr'>inse·</span> 
     </span>
     <span class='ocr_line' id='line_1_87' title="bbox 1960 4148 2152 4204; baseline -0.005 -1"><span class='ocrx_word' id='word_1_674' title='bbox 1960 4148 2152 4204; x_wconf 88' lang='lat' dir='ltr'>ruisse.</span> 
     </span>
    </p>

    <p class='ocr_par' dir='ltr' id='par_1_20' title="bbox 1962 4232 3532 4392">
     <span class='ocr_line' id='line_1_88' title="bbox 2029 4232 3531 4309; baseline -0.005 -15"><span class='ocrx_word' id='word_1_675' title='bbox 2029 4236 2090 4294; x_wconf 83' lang='lat' dir='ltr'><strong>B.</strong></span> <span class='ocrx_word' id='word_1_676' title='bbox 2125 4238 2292 4294; x_wconf 77' lang='lat' dir='ltr'>Aiunt</span> <span class='ocrx_word' id='word_1_677' title='bbox 2324 4237 2539 4309; x_wconf 90' lang='lat' dir='ltr'>quidem</span> <span class='ocrx_word' id='word_1_678' title='bbox 2565 4234 2749 4290; x_wconf 90' lang='lat' dir='ltr'>datum</span> <span class='ocrx_word' id='word_1_679' title='bbox 2775 4249 2897 4291; x_wconf 79' lang='lat' dir='ltr'>esse</span> <span class='ocrx_word' id='word_1_680' title='bbox 2926 4250 2955 4288; x_wconf 88' lang='lat' dir='ltr'><strong>a</strong></span> <span class='ocrx_word' id='word_1_681' title='bbox 2981 4233 3143 4290; x_wconf 81' lang='lat' dir='ltr'>Patre</span> <span class='ocrx_word' id='word_1_682' title='bbox 3188 4232 3531 4305; x_wconf 82' lang='lat' dir='ltr'>Unigenitum</span> 
     </span>
     <span class='ocr_line' id='line_1_89' title="bbox 1962 4325 3532 4392; baseline -0.007 -4"><span class='ocrx_word' id='word_1_683' title='bbox 1962 4343 2023 4388; x_wconf 88' lang='lat' dir='ltr'>ut</span> <span class='ocrx_word' id='word_1_684' title='bbox 2059 4346 2146 4388; x_wconf 87' lang='lat' dir='ltr'><strong>res</strong></span> <span class='ocrx_word' id='word_1_685' title='bbox 2178 4338 2393 4386; x_wconf 87' lang='lat' dir='ltr'>nostras</span> <span class='ocrx_word' id='word_1_686' title='bbox 2422 4327 2783 4392; x_wconf 85' lang='lat' dir='ltr'>administret,</span> <span class='ocrx_word' id='word_1_687' title='bbox 2819 4341 2924 4382; x_wconf 89' lang='lat' dir='ltr'><strong>non</strong></span> <span class='ocrx_word' id='word_1_688' title='bbox 2961 4336 3139 4381; x_wconf 88' lang='lat' dir='ltr'>autem</span> <span class='ocrx_word' id='word_1_689' title='bbox 3190 4325 3244 4380; x_wconf 91' lang='lat' dir='ltr'>in</span> <span class='ocrx_word' id='word_1_690' title='bbox 3291 4341 3385 4380; x_wconf 89' lang='lat' dir='ltr'><strong>sua</strong></span> <span class='ocrx_word' id='word_1_691' title='bbox 3437 4339 3532 4378; x_wconf 83' lang='lat' dir='ltr'><strong>na-</strong></span> 
     </span>
    </p>
   </div>
   <div class='ocr_carea' id='block_1_14' title="bbox 281 4403 3530 4506">
    <p class='ocr_par' dir='ltr' id='par_1_21' title="bbox 281 4403 3530 4506">
     <span class='ocr_line' id='line_1_90' title="bbox 281 4403 3530 4506; baseline 0.001 -38"><span class='ocrx_word' id='word_1_692' title='bbox 281 4403 638 4478; x_wconf 70' lang='grc' dir='ltr'><strong>ᾰνθρωπῑνων</strong></span> <span class='ocrx_word' id='word_1_693' title='bbox 672 4405 834 4469; x_wconf 76' lang='grc' dir='ltr'><strong>αὐτὸς</strong></span> <span class='ocrx_word' id='word_1_694' title='bbox 878 4406 958 4468; x_wconf 72' lang='grc' dir='ltr'><strong>εἰς</strong></span> <span class='ocrx_word' id='word_1_695' title='bbox 990 4405 1125 4459; x_wconf 67' lang='grc' dir='ltr'><strong>ἰδίαν</strong></span> <span class='ocrx_word' id='word_1_696' title='bbox 1161 4405 1361 4475; x_wconf 62' lang='grc' dir='ltr'><strong>φύσιν·</strong></span> <span class='ocrx_word' id='word_1_697' title='bbox 1391 4408 1671 4480; x_wconf 67' lang='grc' dir='ltr'><strong>ἀμήχανον</strong></span> <span class='ocrx_word' id='word_1_698' title='bbox 1720 4410 1852 4482; x_wconf 68' lang='grc' dir='ltr'>γάρ·</span> <span class='ocrx_word' id='word_1_699' title='bbox 1888 4449 1932 4506; x_wconf 73' lang='lat' dir='ltr'>n</span> <span class='ocrx_word' id='word_1_700' title='bbox 1962 4431 2080 4479; x_wconf 87' lang='lat' dir='ltr'>tura</span> <span class='ocrx_word' id='word_1_701' title='bbox 2110 4423 2402 4477; x_wconf 80' lang='lat' dir='ltr'>humanum</span> <span class='ocrx_word' id='word_1_702' title='bbox 2432 4420 2635 4490; x_wconf 87' lang='lat' dir='ltr'>aliquid</span> <span class='ocrx_word' id='word_1_703' title='bbox 2665 4419 2934 4489; x_wconf 85' lang='lat' dir='ltr'>patiatur;</span> <span class='ocrx_word' id='word_1_704' title='bbox 2964 4431 3085 4473; x_wconf 86' lang='lat' dir='ltr'><strong>nam</strong></span> <span class='ocrx_word' id='word_1_705' title='bbox 3129 4417 3232 4474; x_wconf 83' lang='lat' dir='ltr'><strong>hoe</strong></span> <span class='ocrx_word' id='word_1_706' title='bbox 3266 4415 3381 4473; x_wconf 77' lang='lat' dir='ltr'>fleri</span> <span class='ocrx_word' id='word_1_707' title='bbox 3425 4431 3530 4472; x_wconf 87' lang='lat' dir='ltr'><strong>non</strong></span> 
     </span>
    </p>
   </div>
   <div class='ocr_carea' id='block_1_15' title="bbox 279 4582 1858 5578">
    <p class='ocr_par' dir='ltr' id='par_1_22' title="bbox 279 4582 1858 5578">
     <span class='ocr_line' id='line_1_91' title="bbox 351 4582 1858 4660; baseline 0.002 -22"><span class='ocrx_word' id='word_1_708' title='bbox 351 4585 417 4639; x_wconf 75' lang='lat' dir='ltr'><strong>A.</strong></span> <span class='ocrx_word' id='word_1_709' title='bbox 457 4582 628 4638; x_wconf 79' lang='grc' dir='ltr'><strong>Πάθοι</strong></span> <span class='ocrx_word' id='word_1_710' title='bbox 660 4582 761 4654; x_wconf 74' lang='grc' dir='ltr'><strong>μὲν</strong></span> <span class='ocrx_word' id='word_1_711' title='bbox 795 4583 1051 4649; x_wconf 76' lang='grc' dir='ltr'><strong>ἂν.αὐτὸς</strong></span> <span class='ocrx_word' id='word_1_712' title='bbox 1077 4585 1158 4648; x_wconf 82' lang='grc' dir='ltr'><strong>είς</strong></span> <span class='ocrx_word' id='word_1_713' title='bbox 1187 4584 1324 4639; x_wconf 86' lang='grc' dir='ltr'><strong>ίδίαν</strong></span> <span class='ocrx_word' id='word_1_714' title='bbox 1353 4585 1515 4655; x_wconf 87' lang='grc' dir='ltr'><strong>φύσιν</strong></span> <span class='ocrx_word' id='word_1_715' title='bbox 1543 4586 1607 4641; x_wconf 87' lang='grc' dir='ltr'><strong>τὸ</strong></span> <span class='ocrx_word' id='word_1_716' title='bbox 1634 4589 1858 4660; x_wconf 90' lang='grc' dir='ltr'><strong>σύμπαν</strong></span> 
     </span>
     <span class='ocr_line' id='line_1_92' title="bbox 282 4675 1857 4748; baseline 0.001 -16"><span class='ocrx_word' id='word_1_717' title='bbox 282 4676 450 4733; x_wconf 71' lang='grc' dir='ltr'><strong>οὐδὲν.</strong></span> <span class='ocrx_word' id='word_1_718' title='bbox 499 4675 814 4747; x_wconf 84' lang='grc' dir='ltr'><strong>Ἀσώματος</strong></span> <span class='ocrx_word' id='word_1_719' title='bbox 857 4675 966 4748; x_wconf 82' lang='grc' dir='ltr'><strong>γὰρ</strong></span> <span class='ocrx_word' id='word_1_720' title='bbox 1013 4677 1276 4748; x_wconf 79' lang='grc' dir='ltr'><strong>ὑπάρχων</strong></span> <span class='ocrx_word' id='word_1_721' title='bbox 1306 4676 1382 4741; x_wconf 83' lang='grc' dir='ltr'><strong>ὡς</strong></span> <span class='ocrx_word' id='word_1_722' title='bbox 1427 4677 1581 4744; x_wconf 81' lang='grc' dir='ltr'><strong>Θεὸς,</strong></span> <span class='ocrx_word' id='word_1_723' title='bbox 1619 4679 1725 4747; x_wconf 75' lang='grc' dir='ltr'><strong>ἔξω</strong></span> <span class='ocrx_word' id='word_1_724' title='bbox 1752 4697 1857 4735; x_wconf 85' lang='grc' dir='ltr'><strong>που</strong></span> 
     </span>
     <span class='ocr_line' id='line_1_93' title="bbox 281 4767 1855 4843; baseline 0.002 -19"><span class='ocrx_word' id='word_1_725' title='bbox 281 4769 500 4833; x_wconf 79' lang='grc' dir='ltr'><strong>πάντως</strong></span> <span class='ocrx_word' id='word_1_726' title='bbox 527 4767 768 4822; x_wconf 86' lang='grc' dir='ltr'><strong>κείσεται</strong></span> <span class='ocrx_word' id='word_1_727' title='bbox 795 4767 890 4822; x_wconf 90' lang='grc' dir='ltr'><strong>τοῦ</strong></span> <span class='ocrx_word' id='word_1_728' title='bbox 918 4767 1110 4826; x_wconf 76' lang='grc' dir='ltr'><strong>παθεῖν</strong></span> <span class='ocrx_word' id='word_1_729' title='bbox 1128 4782 1143 4799; x_wconf 89' lang='grc'><em>·</em></span> <span class='ocrx_word' id='word_1_730' title='bbox 1168 4768 1293 4824; x_wconf 72' lang='grc' dir='ltr'><strong>επεὶ</strong></span> <span class='ocrx_word' id='word_1_731' title='bbox 1317 4769 1375 4824; x_wconf 79' lang='grc' dir='ltr'><strong>δὲ</strong></span> <span class='ocrx_word' id='word_1_732' title='bbox 1400 4769 1539 4825; x_wconf 82' lang='grc' dir='ltr'><strong>κατὰ</strong></span> <span class='ocrx_word' id='word_1_733' title='bbox 1570 4772 1670 4843; x_wconf 76' lang='grc' dir='ltr'><strong>τὴν</strong></span> <span class='ocrx_word' id='word_1_734' title='bbox 1690 4771 1855 4827; x_wconf 81' lang='grc' dir='ltr'><strong>αὐτοῦ</strong></span> 
     </span>
     <span class='ocr_line' id='line_1_94' title="bbox 281 4859 1852 4938; baseline 0.003 -23"><span class='ocrx_word' id='word_1_735' title='bbox 281 4859 488 4932; x_wconf 81' lang='grc' dir='ltr'><strong>φωνὴν,</strong></span> <span class='ocrx_word' id='word_1_736' title='bbox 518 4860 618 4932; x_wconf 81' lang='grc' dir='ltr'><strong>τὴν</strong></span> <span class='ocrx_word' id='word_1_737' title='bbox 643 4860 733 4914; x_wconf 83' lang='grc' dir='ltr'><strong>διὰ</strong></span> <span class='ocrx_word' id='word_1_738' title='bbox 759 4877 846 4929; x_wconf 87' lang='grc' dir='ltr'><strong>γε,</strong></span> <span class='ocrx_word' id='word_1_739' title='bbox 888 4861 1052 4932; x_wconf 73' lang='grc' dir='ltr'><strong>φημὶ,</strong></span> <span class='ocrx_word' id='word_1_740' title='bbox 1080 4861 1182 4932; x_wconf 77' lang='grc' dir='ltr'><strong>τῆς</strong></span> <span class='ocrx_word' id='word_1_741' title='bbox 1206 4860 1301 4916; x_wconf 85' lang='grc' dir='ltr'><strong>τοῦ</strong></span> <span class='ocrx_word' id='word_1_742' title='bbox 1333 4862 1641 4928; x_wconf 74' lang='grc' dir='ltr'><strong>Ψάλλοντος</strong></span> <span class='ocrx_word' id='word_1_743' title='bbox 1662 4863 1852 4938; x_wconf 86' lang='grc' dir='ltr'><strong>λύρας,</strong></span> 
     </span>
     <span class='ocr_line' id='line_1_95' title="bbox 282 4951 1854 5026; baseline 0.002 -19"><span class='ocrx_word' id='word_1_744' title='bbox 282 4951 446 5023; x_wconf 86' lang='grc' dir='ltr'><strong>σῶμα</strong></span> <span class='ocrx_word' id='word_1_745' title='bbox 460 4951 608 5022; x_wconf 80' lang='grc' dir='ltr'><strong>αὐτῷ</strong></span> <span class='ocrx_word' id='word_1_746' title='bbox 627 4952 982 5023; x_wconf 78' lang='grc' dir='ltr'><strong>κατήρτισται</strong></span> <span class='ocrx_word' id='word_1_747' title='bbox 1012 4953 1162 5023; x_wconf 66' lang='grc' dir='ltr'><strong>παρὰ</strong></span> <span class='ocrx_word' id='word_1_748' title='bbox 1191 4952 1284 5007; x_wconf 90' lang='grc' dir='ltr'><strong>τοῦ</strong></span> <span class='ocrx_word' id='word_1_749' title='bbox 1313 4953 1544 5026; x_wconf 67' lang='grc' dir='ltr'><strong>Πατρός,</strong></span> <span class='ocrx_word' id='word_1_750' title='bbox 1575 4954 1854 5026; x_wconf 81' lang='grc' dir='ltr'><strong>παρῆλθεν</strong></span> 
     </span>
     <span class='ocr_line' id='line_1_96' title="bbox 281 5043 1855 5117; baseline 0.003 -19"><span class='ocrx_word' id='word_1_751' title='bbox 281 5043 617 5115; x_wconf 71' lang='grc' dir='ltr'><strong>ὲνσὼματος,</strong></span> <span class='ocrx_word' id='word_1_752' title='bbox 652 5043 746 5097; x_wconf 87' lang='grc' dir='ltr'><strong>τοῦ</strong></span> <span class='ocrx_word' id='word_1_753' title='bbox 782 5043 1007 5114; x_wconf 74' lang='grc' dir='ltr'><strong>ποιῆσαι</strong></span> <span class='ocrx_word' id='word_1_754' title='bbox 1039 5045 1099 5098; x_wconf 91' lang='grc' dir='ltr'><strong>τὸ</strong></span> <span class='ocrx_word' id='word_1_755' title='bbox 1130 5043 1342 5117; x_wconf 77' lang='grc' dir='ltr'><strong>θέλημα</strong></span> <span class='ocrx_word' id='word_1_756' title='bbox 1367 5045 1555 5103; x_wconf 85' lang='grc' dir='ltr'><strong>αὐτοῦ.</strong></span> <span class='ocrx_word' id='word_1_757' title='bbox 1592 5047 1762 5102; x_wconf 88' lang='grc' dir='ltr'><strong>Τοῦτο</strong></span> <span class='ocrx_word' id='word_1_758' title='bbox 1795 5047 1855 5103; x_wconf 65' lang='grc' dir='ltr'><strong>δὲ</strong></span> 
     </span>
     <span class='ocr_line' id='line_1_97' title="bbox 279 5131 1854 5209; baseline 0.003 -21"><span class='ocrx_word' id='word_1_759' title='bbox 279 5131 350 5206; x_wconf 70' lang='grc' dir='ltr'><strong>ἦν</strong></span> <span class='ocrx_word' id='word_1_760' title='bbox 386 5137 418 5207; x_wconf 78' lang='grc' dir='ltr'>ἡ</span> <span class='ocrx_word' id='word_1_761' title='bbox 451 5134 539 5189; x_wconf 71' lang='grc' dir='ltr'><strong>διὰ</strong></span> <span class='ocrx_word' id='word_1_762' title='bbox 575 5133 669 5188; x_wconf 90' lang='grc' dir='ltr'><strong>τοῦ</strong></span> <span class='ocrx_word' id='word_1_763' title='bbox 707 5136 888 5206; x_wconf 84' lang='grc' dir='ltr'><strong>τιμίου</strong></span> <span class='ocrx_word' id='word_1_764' title='bbox 938 5135 1172 5207; x_wconf 88' lang='grc' dir='ltr'><strong>σταυροῦ</strong></span> <span class='ocrx_word' id='word_1_765' title='bbox 1217 5136 1485 5209; x_wconf 86' lang='grc' dir='ltr'><strong>λύτρωσις</strong></span> <span class='ocrx_word' id='word_1_766' title='bbox 1522 5140 1618 5193; x_wconf 72' lang='grc' dir='ltr'><strong>καὶ</strong></span> <span class='ocrx_word' id='word_1_767' title='bbox 1654 5141 1854 5195; x_wconf 79' lang='grc' dir='ltr'><strong>ἀνακε·</strong></span> 
     </span>
     <span class='ocr_line' id='line_1_98' title="bbox 281 5226 1850 5297; baseline 0.003 -15"><span class='ocrx_word' id='word_1_768' title='bbox 281 5227 583 5297; x_wconf 77' lang='grc' dir='ltr'><strong>φαλαίωσις</strong></span> <span class='ocrx_word' id='word_1_769' title='bbox 614 5226 722 5279; x_wconf 84' lang='grc' dir='ltr'><strong>τῶν</strong></span> <span class='ocrx_word' id='word_1_770' title='bbox 763 5227 920 5292; x_wconf 84' lang='grc' dir='ltr'><strong>ὅλων,</strong></span> <span class='ocrx_word' id='word_1_771' title='bbox 955 5226 1022 5279; x_wconf 77' lang='grc' dir='ltr'><strong>δι’</strong></span> <span class='ocrx_word' id='word_1_772' title='bbox 1049 5227 1212 5281; x_wconf 85' lang='grc' dir='ltr'><strong>αὐτοῦ</strong></span> <span class='ocrx_word' id='word_1_773' title='bbox 1242 5244 1303 5281; x_wconf 89' lang='grc' dir='ltr'><strong>τε</strong></span> <span class='ocrx_word' id='word_1_774' title='bbox 1343 5230 1438 5282; x_wconf 74' lang='grc' dir='ltr'><strong>καὶ</strong></span> <span class='ocrx_word' id='word_1_775' title='bbox 1467 5231 1547 5293; x_wconf 84' lang='grc' dir='ltr'><strong>είς</strong></span> <span class='ocrx_word' id='word_1_776' title='bbox 1590 5229 1753 5285; x_wconf 82' lang='grc' dir='ltr'><strong>αὐτὸν</strong></span> <span class='ocrx_word' id='word_1_777' title='bbox 1788 5226 1850 5286; x_wconf 86' lang='grc' dir='ltr'><strong>εῦ</strong></span> 
     </span>
     <span class='ocr_line' id='line_1_99' title="bbox 285 5317 1856 5394; baseline 0.006 -24"><span class='ocrx_word' id='word_1_778' title='bbox 285 5319 429 5389; x_wconf 71' lang='grc' dir='ltr'><strong>μάλα</strong></span> <span class='ocrx_word' id='word_1_779' title='bbox 468 5318 897 5389; x_wconf 76' lang='grc' dir='ltr'><strong>κατορθουμένη.</strong></span> <span class='ocrx_word' id='word_1_780' title='bbox 944 5319 1280 5390; x_wconf 79' lang='grc' dir='ltr'><strong>Συλλήψεται</strong></span> <span class='ocrx_word' id='word_1_781' title='bbox 1307 5320 1365 5375; x_wconf 66' lang='grc' dir='ltr'><strong>δὲ</strong></span> <span class='ocrx_word' id='word_1_782' title='bbox 1392 5317 1474 5386; x_wconf 73' lang='grc' dir='ltr'><strong>οἷς</strong></span> <span class='ocrx_word' id='word_1_783' title='bbox 1515 5322 1652 5394; x_wconf 75' lang='grc' dir='ltr'><strong>ἔφην</strong></span> <span class='ocrx_word' id='word_1_784' title='bbox 1702 5324 1794 5378; x_wconf 77' lang='grc' dir='ltr'><strong>καὶ</strong></span> <span class='ocrx_word' id='word_1_785' title='bbox 1825 5326 1856 5380; x_wconf 86' lang='grc' dir='ltr'><strong>ό</strong></span> 
     </span>
     <span class='ocr_line' id='line_1_100' title="bbox 283 5409 1852 5498; baseline 0.004 -35"><span class='ocrx_word' id='word_1_786' title='bbox 283 5411 614 5498; x_wconf 68' lang='grc' dir='ltr'><strong>πανάριστος</strong></span> <span class='ocrx_word' id='word_1_787' title='bbox 633 5411 864 5474; x_wconf 86' lang='grc' dir='ltr'><strong>Παῦλος.</strong></span> <span class='ocrx_word' id='word_1_788' title='bbox 886 5409 984 5462; x_wconf 75' lang='grc' dir='ltr'><strong>ὡδὶ</strong></span> <span class='ocrx_word' id='word_1_789' title='bbox 999 5411 1311 5480; x_wconf 85' lang='grc' dir='ltr'><strong>γεγραφώς·</strong></span> <span class='ocrx_word' id='word_1_790' title='bbox 1353 5433 1375 5466; x_wconf 81' lang='grc' dir='ltr'><strong>ε</strong></span> <span class='ocrx_word' id='word_1_791' title='bbox 1406 5413 1577 5469; x_wconf 88' lang='grc' dir='ltr'><strong>Τοῦτο</strong></span> <span class='ocrx_word' id='word_1_792' title='bbox 1607 5419 1852 5487; x_wconf 79' lang='grc' dir='ltr'><strong>φρονεῖτε</strong></span> 
     </span>
     <span class='ocr_line' id='line_1_101' title="bbox 283 5501 1855 5578; baseline 0.004 -22"><span class='ocrx_word' id='word_1_793' title='bbox 283 5503 510 5565; x_wconf 73' lang='grc' dir='ltr'><strong>ἕκαστος</strong></span> <span class='ocrx_word' id='word_1_794' title='bbox 542 5505 598 5554; x_wconf 80' lang='grc' dir='ltr'><strong>ὲν</strong></span> <span class='ocrx_word' id='word_1_795' title='bbox 632 5503 758 5573; x_wconf 81' lang='grc' dir='ltr'><strong>ὑμῖν</strong></span> <span class='ocrx_word' id='word_1_796' title='bbox 787 5502 990 5566; x_wconf 71' lang='grc' dir='ltr'><strong>αὐτοῖς,</strong></span> <span class='ocrx_word' id='word_1_797' title='bbox 1019 5501 1048 5554; x_wconf 81' lang='grc' dir='ltr'><strong>ὃ</strong></span> <span class='ocrx_word' id='word_1_798' title='bbox 1076 5503 1168 5555; x_wconf 76' lang='grc' dir='ltr'><strong>καὶ</strong></span> <span class='ocrx_word' id='word_1_799' title='bbox 1211 5505 1269 5555; x_wconf 75' lang='grc' dir='ltr'><strong>ὲν</strong></span> <span class='ocrx_word' id='word_1_800' title='bbox 1301 5505 1517 5578; x_wconf 82' lang='grc' dir='ltr'><strong>Χριστῷ</strong></span> <span class='ocrx_word' id='word_1_801' title='bbox 1558 5506 1756 5575; x_wconf 60' lang='grc' dir='ltr'><strong>Ἰησοῦ,</strong></span> <span class='ocrx_word' id='word_1_802' title='bbox 1796 5508 1855 5575; x_wconf 76' lang='grc' dir='ltr'><strong>ὸς</strong></span> 
     </span>
    </p>
   </div>
   <div class='ocr_carea' id='block_1_16' title="bbox 355 5676 1351 5765">
    <p class='ocr_par' dir='ltr' id='par_1_23' title="bbox 355 5676 1351 5765">
     <span class='ocr_line' id='line_1_102' title="bbox 355 5676 1351 5765; baseline 0 -31"><span class='ocrx_word' id='word_1_803' title='bbox 355 5680 400 5712; x_wconf 82' lang='lat'><strong>⁸·</strong></span> <span class='ocrx_word' id='word_1_804' title='bbox 437 5677 593 5734; x_wconf 83' lang='lat' dir='ltr'>Joan.</span> <span class='ocrx_word' id='word_1_805' title='bbox 631 5692 714 5746; x_wconf 85' lang='grc' dir='ltr'><strong>ιιι,</strong></span> <span class='ocrx_word' id='word_1_806' title='bbox 753 5677 837 5734; x_wconf 79' lang='lat'><strong>16.</strong></span> <span class='ocrx_word' id='word_1_807' title='bbox 889 5679 957 5765; x_wconf 56' lang='lat' dir='ltr'><strong>j}</strong></span> <span class='ocrx_word' id='word_1_808' title='bbox 996 5676 1150 5735; x_wconf 83' lang='lat' dir='ltr'>Joan.</span> <span class='ocrx_word' id='word_1_809' title='bbox 1195 5693 1232 5744; x_wconf 89' lang='lat' dir='ltr'>t,</span> <span class='ocrx_word' id='word_1_810' title='bbox 1272 5680 1351 5734; x_wconf 74' lang='lat'><strong>18.</strong></span> 
     </span>
    </p>
   </div>
   <div class='ocr_carea' id='block_1_17' title="bbox 1955 4520 3531 5585">
    <p class='ocr_par' dir='ltr' id='par_1_24' title="bbox 1962 4520 2162 4586">
     <span class='ocr_line' id='line_1_103' title="bbox 1962 4520 2162 4586; baseline 0.005 -17"><span class='ocrx_word' id='word_1_811' title='bbox 1962 4520 2162 4586; x_wconf 85' lang='lat' dir='ltr'>potest.</span> 
     </span>
    </p>

    <p class='ocr_par' dir='ltr' id='par_1_25' title="bbox 1955 4599 3531 5585">
     <span class='ocr_line' id='line_1_104' title="bbox 2029 4599 3526 4671; baseline -0.002 -12"><span class='ocrx_word' id='word_1_812' title='bbox 2029 4603 2095 4659; x_wconf 76' lang='lat' dir='ltr'><strong>A.</strong></span> <span class='ocrx_word' id='word_1_813' title='bbox 2137 4601 2256 4671; x_wconf 85' lang='lat' dir='ltr'>ipse</span> <span class='ocrx_word' id='word_1_814' title='bbox 2290 4609 2439 4659; x_wconf 89' lang='lat' dir='ltr'>certe</span> <span class='ocrx_word' id='word_1_815' title='bbox 2467 4601 2525 4657; x_wconf 90' lang='lat' dir='ltr'>in</span> <span class='ocrx_word' id='word_1_816' title='bbox 2549 4616 2642 4658; x_wconf 86' lang='lat' dir='ltr'><strong>sua</strong></span> <span class='ocrx_word' id='word_1_817' title='bbox 2675 4608 2867 4657; x_wconf 86' lang='lat' dir='ltr'>natura</span> <span class='ocrx_word' id='word_1_818' title='bbox 2894 4599 3267 4656; x_wconf 78' lang='lat' dir='ltr'>nihilomnino</span> <span class='ocrx_word' id='word_1_819' title='bbox 3298 4601 3526 4671; x_wconf 89' lang='lat' dir='ltr'>patitur.</span> 
     </span>
     <span class='ocr_line' id='line_1_105' title="bbox 1955 4693 3531 4766; baseline -0.003 -13"><span class='ocrx_word' id='word_1_820' title='bbox 1955 4695 2092 4753; x_wconf 87' lang='lat' dir='ltr'><strong>Cum</strong></span> <span class='ocrx_word' id='word_1_821' title='bbox 2123 4696 2267 4752; x_wconf 89' lang='lat' dir='ltr'>enim</span> <span class='ocrx_word' id='word_1_822' title='bbox 2297 4695 2369 4752; x_wconf 86' lang='lat' dir='ltr'><strong>sit</strong></span> <span class='ocrx_word' id='word_1_823' title='bbox 2408 4695 2782 4766; x_wconf 86' lang='lat' dir='ltr'>incorporeus,</span> <span class='ocrx_word' id='word_1_824' title='bbox 2811 4703 2870 4750; x_wconf 91' lang='lat' dir='ltr'>ut</span> <span class='ocrx_word' id='word_1_825' title='bbox 2912 4693 3083 4760; x_wconf 84' lang='lat' dir='ltr'>Dens,</span> <span class='ocrx_word' id='word_1_826' title='bbox 3115 4694 3382 4763; x_wconf 82' lang='lat' dir='ltr'>passionis</span> <span class='ocrx_word' id='word_1_827' title='bbox 3413 4710 3531 4750; x_wconf 91' lang='lat' dir='ltr'><strong>om-</strong></span> 
     </span>
     <span class='ocr_line' id='line_1_106' title="bbox 1956 4785 3527 4858; baseline -0.003 -13"><span class='ocrx_word' id='word_1_828' title='bbox 1956 4788 2043 4846; x_wconf 84' lang='lat' dir='ltr'><strong>nis</strong></span> <span class='ocrx_word' id='word_1_829' title='bbox 2068 4802 2260 4858; x_wconf 86' lang='lat' dir='ltr'>expers</span> <span class='ocrx_word' id='word_1_830' title='bbox 2288 4794 2391 4844; x_wconf 81' lang='lat' dir='ltr'>est.</span> <span class='ocrx_word' id='word_1_831' title='bbox 2414 4787 2549 4844; x_wconf 91' lang='lat' dir='ltr'><strong>Cum</strong></span> <span class='ocrx_word' id='word_1_832' title='bbox 2580 4802 2712 4843; x_wconf 79' lang='lat' dir='ltr'>vero</span> <span class='ocrx_word' id='word_1_833' title='bbox 2748 4785 2899 4856; x_wconf 73' lang='lat' dir='ltr'><strong>quta</strong></span> <span class='ocrx_word' id='word_1_834' title='bbox 2927 4785 3094 4856; x_wconf 85' lang='lat' dir='ltr'>ipsius</span> <span class='ocrx_word' id='word_1_835' title='bbox 3131 4799 3340 4853; x_wconf 81' lang='lat' dir='ltr'>vocem,</span> <span class='ocrx_word' id='word_1_836' title='bbox 3372 4785 3527 4857; x_wconf 83' lang='lat' dir='ltr'>juxta</span> 
     </span>
     <span class='ocr_line' id='line_1_107' title="bbox 1960 4877 3527 4951; baseline -0.001 -14"><span class='ocrx_word' id='word_1_837' title='bbox 1960 4879 2201 4946; x_wconf 66' lang='lat' dir='ltr'>flavidis,</span> <span class='ocrx_word' id='word_1_838' title='bbox 2238 4879 2484 4951; x_wconf 84' lang='lat' dir='ltr'>inquam,</span> <span class='ocrx_word' id='word_1_839' title='bbox 2518 4878 2715 4950; x_wconf 80' lang='lat' dir='ltr'>lyram,</span> <span class='ocrx_word' id='word_1_840' title='bbox 2748 4892 2944 4948; x_wconf 87' lang='lat' dir='ltr'>corpus</span> <span class='ocrx_word' id='word_1_841' title='bbox 2971 4878 3020 4933; x_wconf 91' lang='lat' dir='ltr'><strong>ei</strong></span> <span class='ocrx_word' id='word_1_842' title='bbox 3052 4893 3081 4932; x_wconf 88' lang='lat' dir='ltr'><strong>a</strong></span> <span class='ocrx_word' id='word_1_843' title='bbox 3111 4877 3274 4934; x_wconf 85' lang='lat' dir='ltr'>Patre</span> <span class='ocrx_word' id='word_1_844' title='bbox 3304 4890 3527 4950; x_wconf 83' lang='lat' dir='ltr'>coapta-</span> 
     </span>
     <span class='ocr_line' id='line_1_108' title="bbox 1958 4970 3529 5040; baseline 0 -12"><span class='ocrx_word' id='word_1_845' title='bbox 1958 4980 2070 5028; x_wconf 88' lang='lat' dir='ltr'>tum</span> <span class='ocrx_word' id='word_1_846' title='bbox 2103 4980 2207 5038; x_wconf 83' lang='lat' dir='ltr'>est,</span> <span class='ocrx_word' id='word_1_847' title='bbox 2230 4984 2521 5040; x_wconf 85' lang='lat' dir='ltr'>corporeus</span> <span class='ocrx_word' id='word_1_848' title='bbox 2543 4970 2763 5026; x_wconf 75' lang='lat' dir='ltr'>advenit</span> <span class='ocrx_word' id='word_1_849' title='bbox 2790 4980 2847 5025; x_wconf 88' lang='lat' dir='ltr'>ut</span> <span class='ocrx_word' id='word_1_850' title='bbox 2870 4980 3261 5040; x_wconf 82' lang='lat' dir='ltr'>exsequeretur</span> <span class='ocrx_word' id='word_1_851' title='bbox 3282 4971 3529 5029; x_wconf 83' lang='lat' dir='ltr'>voiunta-</span> 
     </span>
     <span class='ocr_line' id='line_1_109' title="bbox 1962 5059 3523 5132; baseline 0.001 -14"><span class='ocrx_word' id='word_1_852' title='bbox 1962 5073 2071 5118; x_wconf 86' lang='lat' dir='ltr'><strong>tem</strong></span> <span class='ocrx_word' id='word_1_853' title='bbox 2101 5062 2295 5118; x_wconf 77' lang='lat' dir='ltr'>Patris.</span> <span class='ocrx_word' id='word_1_854' title='bbox 2326 5059 2449 5118; x_wconf 75' lang='lat' dir='ltr'>iiaec</span> <span class='ocrx_word' id='word_1_855' title='bbox 2475 5075 2636 5130; x_wconf 82' lang='lat' dir='ltr'>porro</span> <span class='ocrx_word' id='word_1_856' title='bbox 2660 5068 2780 5117; x_wconf 87' lang='lat' dir='ltr'>erat</span> <span class='ocrx_word' id='word_1_857' title='bbox 2808 5059 3106 5131; x_wconf 85' lang='lat' dir='ltr'>redemptio</span> <span class='ocrx_word' id='word_1_858' title='bbox 3136 5077 3232 5132; x_wconf 90' lang='lat' dir='ltr'><strong>per</strong></span> <span class='ocrx_word' id='word_1_859' title='bbox 3258 5078 3523 5120; x_wconf 82' lang='lat' dir='ltr'>veneran-</span> 
     </span>
     <span class='ocr_line' id='line_1_110' title="bbox 1960 5153 3526 5226; baseline 0.001 -16"><span class='ocrx_word' id='word_1_860' title='bbox 1960 5154 2082 5210; x_wconf 82' lang='lat' dir='ltr'><strong>dam</strong></span> <span class='ocrx_word' id='word_1_861' title='bbox 2114 5169 2178 5211; x_wconf 85' lang='lat' dir='ltr'><strong>ac</strong></span> <span class='ocrx_word' id='word_1_862' title='bbox 2219 5153 2510 5226; x_wconf 85' lang='lat' dir='ltr'>pretiosam</span> <span class='ocrx_word' id='word_1_863' title='bbox 2556 5167 2795 5220; x_wconf 83' lang='lat' dir='ltr'>crucem,</span> <span class='ocrx_word' id='word_1_864' title='bbox 2837 5163 3000 5225; x_wconf 78' lang='lat' dir='ltr'>atque</span> <span class='ocrx_word' id='word_1_865' title='bbox 3044 5153 3367 5211; x_wconf 82' lang='lat' dir='ltr'>instauratio</span> <span class='ocrx_word' id='word_1_866' title='bbox 3406 5157 3526 5211; x_wconf 89' lang='lat' dir='ltr'>nni·</span> 
     </span>
     <span class='ocr_line' id='line_1_111' title="bbox 1960 5245 3523 5322; baseline 0.003 -23"><span class='ocrx_word' id='word_1_867' title='bbox 1960 5259 2238 5300; x_wconf 80' lang='lat' dir='ltr'>versorum</span> <span class='ocrx_word' id='word_1_868' title='bbox 2281 5260 2377 5317; x_wconf 85' lang='lat' dir='ltr'><strong>per</strong></span> <span class='ocrx_word' id='word_1_869' title='bbox 2433 5245 2607 5315; x_wconf 83' lang='lat' dir='ltr'>ipsum</span> <span class='ocrx_word' id='word_1_870' title='bbox 2652 5252 2708 5303; x_wconf 87' lang='lat' dir='ltr'><strong>et</strong></span> <span class='ocrx_word' id='word_1_871' title='bbox 2758 5245 2810 5301; x_wconf 87' lang='lat' dir='ltr'>in</span> <span class='ocrx_word' id='word_1_872' title='bbox 2860 5245 2975 5322; x_wconf 83' lang='lat' dir='ltr'>ipso</span> <span class='ocrx_word' id='word_1_873' title='bbox 3028 5246 3233 5315; x_wconf 87' lang='lat' dir='ltr'>optime</span> <span class='ocrx_word' id='word_1_874' title='bbox 3283 5257 3523 5318; x_wconf 86' lang='lat' dir='ltr'>peracta.</span> 
     </span>
     <span class='ocr_line' id='line_1_112' title="bbox 1958 5332 3523 5408; baseline 0.002 -19"><span class='ocrx_word' id='word_1_875' title='bbox 1958 5332 2238 5389; x_wconf 86' lang='lat' dir='ltr'>Consentit</span> <span class='ocrx_word' id='word_1_876' title='bbox 2266 5350 2394 5390; x_wconf 83' lang='lat' dir='ltr'>vero</span> <span class='ocrx_word' id='word_1_877' title='bbox 2421 5335 2492 5391; x_wconf 87' lang='lat' dir='ltr'>iis</span> <span class='ocrx_word' id='word_1_878' title='bbox 2516 5350 2636 5408; x_wconf 69' lang='lat' dir='ltr'>qnae</span> <span class='ocrx_word' id='word_1_879' title='bbox 2674 5335 2811 5392; x_wconf 86' lang='lat' dir='ltr'>dixit</span> <span class='ocrx_word' id='word_1_880' title='bbox 2838 5335 3001 5392; x_wconf 87' lang='lat' dir='ltr'>etiam</span> <span class='ocrx_word' id='word_1_881' title='bbox 3033 5337 3268 5406; x_wconf 86' lang='lat' dir='ltr'>optimus</span> <span class='ocrx_word' id='word_1_882' title='bbox 3299 5333 3523 5402; x_wconf 66' lang='lat' dir='ltr'>Penius.</span> 
     </span>
     <span class='ocr_line' id='line_1_113' title="bbox 1960 5418 3529 5497; baseline 0.008 -27"><span class='ocrx_word' id='word_1_883' title='bbox 1960 5418 2033 5472; x_wconf 74' lang='lat' dir='ltr'><strong>ita</strong></span> <span class='ocrx_word' id='word_1_884' title='bbox 2067 5419 2310 5476; x_wconf 82' lang='lat' dir='ltr'>scribens</span> <span class='ocrx_word' id='word_1_885' title='bbox 2344 5438 2360 5476; x_wconf 73' lang='lat' dir='ltr'>t</span> <span class='ocrx_word' id='word_1_886' title='bbox 2389 5439 2409 5473; x_wconf 79' lang='lat' dir='ltr'>t</span> <span class='ocrx_word' id='word_1_887' title='bbox 2443 5421 2554 5478; x_wconf 84' lang='lat' dir='ltr'>iioc</span> <span class='ocrx_word' id='word_1_888' title='bbox 2574 5422 2718 5480; x_wconf 89' lang='lat' dir='ltr'>enim</span> <span class='ocrx_word' id='word_1_889' title='bbox 2765 5424 2961 5481; x_wconf 85' lang='lat' dir='ltr'>sentite</span> <span class='ocrx_word' id='word_1_890' title='bbox 3001 5425 3053 5480; x_wconf 91' lang='lat' dir='ltr'>in</span> <span class='ocrx_word' id='word_1_891' title='bbox 3099 5425 3271 5491; x_wconf 79' lang='lat' dir='ltr'>vobis.</span> <span class='ocrx_word' id='word_1_892' title='bbox 3304 5426 3444 5497; x_wconf 87' lang='lat' dir='ltr'>qnod</span> <span class='ocrx_word' id='word_1_893' title='bbox 3473 5435 3529 5483; x_wconf 84' lang='lat' dir='ltr'><strong>et</strong></span> 
     </span>
     <span class='ocr_line' id='line_1_114' title="bbox 1960 5509 3520 5585; baseline 0.006 -19"><span class='ocrx_word' id='word_1_894' title='bbox 1960 5510 2014 5566; x_wconf 91' lang='lat' dir='ltr'>in</span> <span class='ocrx_word' id='word_1_895' title='bbox 2040 5509 2259 5583; x_wconf 78' lang='lat' dir='ltr'>Christo</span> <span class='ocrx_word' id='word_1_896' title='bbox 2290 5510 2440 5581; x_wconf 77' lang='lat' dir='ltr'>Jesn,</span> <span class='ocrx_word' id='word_1_897' title='bbox 2468 5516 2706 5585; x_wconf 80' lang='lat' dir='ltr'>quicum</span> <span class='ocrx_word' id='word_1_898' title='bbox 2749 5518 2804 5573; x_wconf 91' lang='lat' dir='ltr'>in</span> <span class='ocrx_word' id='word_1_899' title='bbox 2838 5517 3010 5576; x_wconf 75' lang='lat' dir='ltr'>forma</span> <span class='ocrx_word' id='word_1_900' title='bbox 3060 5515 3151 5573; x_wconf 85' lang='lat' dir='ltr'><strong>Dei</strong></span> <span class='ocrx_word' id='word_1_901' title='bbox 3201 5525 3363 5575; x_wconf 84' lang='lat' dir='ltr'>esset.</span> <span class='ocrx_word' id='word_1_902' title='bbox 3411 5531 3520 5574; x_wconf 85' lang='lat' dir='ltr'><strong>non</strong></span> 
     </span>
    </p>
   </div>
  </div>
 </body>
</html>
