3809 6125
1503 297 1943 357 'rut-:sanans

3269 314 3373 369 52⁶

113 413 504 489 πνευματικὴν
557 410 651 466 καὶ
696 409 795 483 τὴν
840 410 900 465 ἐν
952 411 1132 485 νοήσει
1177 416 1245 485 τῇ
1295 414 1415 485 θεία
1464 418 1705 488 τρεχέτω
1733 427 1777 483 Α
1808 422 1938 487 lem,
1968 422 2168 493 quique
2211 424 2262 479 in
2303 424 2485 481 divino
2524 426 2795 484 intellectu
2837 429 3104 498 consistit,
3151 447 3370 490 sensnm

109 505 449 579 κατάληψιν.

394 616 722 682 ’.ἀντίθεσις
745 613 830 682 ὡς
865 614 935 670 ὲκ
964 613 1088 672 τῶν
1107 618 1427 688 Εὑνομίου.

192 753 343 809 Ἀλλ’
384 752 488 807 οὐκ
535 750 779 825 ἐξαρκεῖ,
827 750 1014 821 φησιν,
1060 753 1142 816 είς
1190 754 1321 807 Υίοῦ
1362 756 1592 829 δήλωσιν
1641 762 1702 814 τὸ

110 848 287 918 Λόγος
312 844 511 917 ὄνομα,
556 841 670 897 οὐδ’
701 840 770 896 ἂν
798 829 1011 911 γένοιτο
1059 843 1238 914 σαφὴς
1272 847 1304 916 ἡ
1334 847 1490 902 οὐσία
1532 850 1699 905 αὐτοῦ

112 940 199 994 διὰ
246 938 355 1011 τῆς
396 935 616 991 τοιᾶσδε
671 932 1084 1005 προσηγορίας·
1141 933 1369 1007 φέρεται
1433 940 1540 1011 γὰρ
1604 943 1699 996 καὶ

116 1030 258 1086 κατὰ
286 1027 507 1084 πολλῶν
530 1025 736 1098 ἐτέρων
765 1024 1030 1098 ῥημάτων
1067 1025 1255 1097 ἀργῶν
1279 1045 1339 1084 τε
1368 1032 1465 1086 καὶ
1497 1034 1700 1089 ἀνυπο-

108 1121 349 1177 στάτων.

597 1230 757 1302 Πρὸς
783 1227 970 1285 ταῦτα
994 1228 1200 1295 λύσις.

178 1366 396 1423 oeno-zv
441 1365 697 1437 ἁτονήσει
753 1362 891 1436 πρὸς
928 1364 989 1417 τὸ
1032 1363 1386 1436 παραστῆσαι
1429 1366 1524 1420 τοῦ
1560 1369 1695 1424 Θεοῦ

102 1459 213 1532 τὴν
240 1458 435 1513 οὐσίαν
480 1455 544 1510 τὸ
587 1455 721 1518 Θεὸς
746 1453 940 1524 ὄνομα.
990 1454 1369 1527 Φέρεται,γάρ
1415 1459 1509 1511 καὶ
1556 1458 1700 1513 κατὰ

106 1550 223 1604 τῶν
251 1549 333 1622 μὴ
355 1548 517 1618 φύσει
537 1545 696 1610 θεῶν,
720 1546 864 1600 κατα
885 1544 969 1610 τὸ,
990 1562 1009 1595 ι
1033 1544 1175 1613 Ἐγὼ
1199 1540 1346 1599 εἶπα·
1365 1547 1489 1602 Θεοί
1512 1550 1656 1604 ὲστε.
1673 1569 1691 1601 ι

110 1643 156 1694 Τ
160 1641 180 1694 ί
210 1640 273 1694 δὲ
300 1638 540 1694 κωλύσει
568 1638 795 1692 κάκεῖνο
820 1635 1024 1705 λέγειν,
1046 1635 1121 1699 ὡς
1147 1636 1379 1709 ἐπείπερ
1402 1638 1467 1691 τὸ
1490 1638 1697 1705 δίκαιος

108 1732 309 1803 ἄνομα,
345 1729 441 1785 καὶ
469 1728 531 1783 τὸ
559 1728 786 1798 ἀγαθὸς,
816 1725 1001 1781 καὶτὸ
1033 1725 1206 1795 ἅγιος,
1235 1726 1332 1780 καὶ
1370 1729 1456 1782 ἐπ’
1488 1729 1699 1801 ἀνθρώ-

1809 514 2160 571 conscendat.

2226 625 2311 681 Es-
2348 629 2636 699 objectione
2680 628 2948 687 Euneomir.

1872 758 2036 829 Atqui
2075 775 2180 816 non
2216 762 2432 831 sufficit,
2461 767 2657 838 inquit,
2691 769 2848 825 Verbi
2883 785 3075 827 nomen
3105 771 3172 826 ad
3201 773 3371 840 signi-

1805 847 2117 908 ficationem
2175 856 2320 923 Filii,
2363 871 2537 926 neque
2567 874 2631 915 ex
2663 860 2965 927 hujusmodi
3019 862 3373 933 appellatione

1800 944 2037 999 essentia
2094 944 2213 1013 ejus
2258 948 2600 1016 explicatur:
2637 948 2871 1005 refertur
2900 954 3044 1008 enim
3096 956 3255 1010 etiam
3302 957 3371 1010 ad
3481 1014 3489 1021 ,

1800 1032 1904 1087 alia
1935 1034 2100 1089 multa
2129 1036 2293 1093 verba
2317 1053 2437 1109 quae
2474 1038 2814 1110 hypostatice
2836 1057 2944 1097 non
2974 1045 3265 1101 exsistunt.

2285 1235 2494 1292 Salutio
2528 1236 2859 1308 objectionis.

1866 1364 2009 1437 Ergo
2044 1381 2112 1422 ne
2132 1367 2228 1424 Dei
2253 1370 2469 1439 quidem
2519 1386 2713 1425 nomeu
2752 1371 2947 1426 suffieit
2981 1371 3048 1425 ad
3077 1372 3370 1427 essentiam

1810 1451 1903 1508 Dei
1953 1456 2355 1525 explicandam.
2389 1459 2647 1516 Refertur
2679 1462 2823 1516 enim
2861 1463 3023 1516 etiam
3062 1460 3128 1514 ad
3156 1476 3249 1516 eos
3279 1462 3370 1531 qui

1799 1555 1993 1598 natura
2026 1545 2101 1599 dii
2154 1562 2258 1602 uon
2294 1558 2442 1615 sunt,
2472 1546 2630 1616 juxta
2667 1549 2798 1605 illud
2830 1568 2844 1605 ε
2886 1570 2905 1603 ι
2952 1551 3065 1620 Ego
3100 1553 3252 1607 dixi:
3286 1552 3370 1606 Dii

1798 1633 1933 1689 ostis
1963 1633 2031 1686 ⁴⁸.
2067 1652 2087 1686 ι
2117 1633 2259 1701 Quid
2294 1651 2424 1691 vero
2460 1637 2734 1692 obstiterit
2763 1639 3052 1708 quominus
3095 1641 3259 1695 etiam
3306 1640 3374 1695 it-

1798 1723 1890 1778 lud
1925 1724 2168 1781 dicamus
2189 1744 2206 1793 ς
2242 1742 2365 1782 cum
2393 1742 2590 1782 nomen
2613 1726 2819 1796 justus,
2854 1737 2908 1783 ct
2935 1732 3124 1795 bonus,
3161 1737 3217 1784 et
3244 1743 3375 1783 san-

109 1839 235 1877 πων
277 1821 534 1876 τάττεται
580 1818 811 1892 (πολλοὶ
854 1816 966 1889 γὰρ
995 1817 1228 1871 τοιοῦτοι
1275 1819 1415 1872 κατὰ
1461 1821 1696 1894 μετοχὴν
1729 1837 1771 1893 13
1800 1827 1922 1872 ctus
1955 1817 2119 1872 etiam
2164 1819 2232 1874 de
2267 1818 2581 1874 horninibus
2608 1820 2821 1875 dicatur
2847 1819 3019 1892 (multi
3065 1820 3208 1875 enim
3241 1831 3374 1875 suut

109 1914 210 1969 τοῦ
254 1912 383 1969 κατ’
410 1912 669 1985 ἀλήθειαν
713 1912 812 1965 καὶ
848 1910 1020 1973 ὅντως
1065 1908 1272 1978 ἀγαθοῦ
1343 1911 1439 1964 καὶ
1481 1909 1694 1967 δικαίου

111 2005 499 2077 τυγχάνοντος)
519 2043 536 2069 ,
584 2005 647 2058 οὐ
686 2002 893 2074 κυρίως
932 2002 1026 2055 ἐπὶ
1076 1999 1212 2054 Θεοῦ
1253 1999 1538 2066 τετάξεται
1584 2001 1696 2056 τῶν

118 2095 432 2168 εἰρημένων
455 2095 710 2162 ἓκαστονς
741 2094 804 2147 1-:t
823 2093 880 2147 δὲ
913 2091 1070 2147 κοινὰ
1097 2092 1197 2164 μὲν
1220 2094 1352 2163 ἡμῖν
1379 2092 1516 2165 πρὸς
1533 2092 1696 2147 αὐτὸν

122 2187 192 2241 τὰ
213 2164 484 2258 όνόματα,
515 2185 662 2257 αὑτῷ
699 2185 757 2239 δὲ
798 2185 942 2257 μόνῳ
984 2185 1127 2239 κατὰ
1159 2183 1321 2253 φύσιν
1365 2184 1426 2238 τὸ
1460 2186 1694 2257 πρᾶγμα

127 2276 554 2348 ἐπαληθεύεται,
588 2275 737 2329 οῦδὲν
761 2275 988 2330 κωλύσει
1021 2274 1116 2330 καὶ
1146 2276 1319 2346 Λόγον
1352 2275 1558 2347 κυρίως
1595 2294 1691 2331 κε-

123 2364 373 2435 κλῆσθαι
396 2364 491 2418 τόν
510 2363 658 2430 Υίὸν,
687 2364 1085 2436 παραστατικήν
1104 2380 1164 2417 τε
1189 2364 1290 2433 τῆς
1315 2364 1503 2428 οὐσίας
1526 2363 1691 2419 αὑτοῦ

113 2455 337 2527 ταύτην
362 2457 512 2527 ἔχειν
546 2456 649 2527 τὴν
689 2454 1027 2526 ἐπωνυμίαν,
1082 2457 1132 2508 εί
1183 2453 1278 2508 καὶ
1320 2454 1499 2527 ἕτεροι
1542 2454 1692 2525 λόγοι

109 2547 308 2602 πολλοί
350 2564 500 2611 τινες
525 2543 636 2601 εἶεν
664 2547 1111 2618 καταχρηστικῶς
1142 2547 1237 2599 καὶ
1274 2545 1411 2618 πρὸς
1456 2546 1692 2618 μίμησιν

103 2639 205 2691 τοῦ
237 2638 364 2693 κατ’
410 2637 670 2708 ἀλήθειαν
702 2637 1063 2709 κεκλημένου.
1095 2638 1196 2691 Διὰ
1223 2637 1332 2709 γὰρ
1358 2639 1563 2709 ταύτην
1591 2640 1691 2707 τὴν

103 2730 291 2783 αἰτίαν
318 2729 448 2800 περὶ
467 2726 662 2783 ἑαυτοῦ
692 2745 860 2800 φησιν
882 2730 912 2782 ό
951 2728 1081 2792 Υἱός
1099 2746 1112 2759 ·
1139 2747 1158 2780 ι
1182 2729 1328 2797 Ἐγώ
1358 2730 1473 2799 είμι
1500 2731 1534 2801 ὴ
1559 2730 1691 2802 ἀλή-

104 2821 248 2874 Ostra.
276 2818 476 2872 »Ὥστε
504 2819 644 2889 ὅπερ,
660 2818 727 2872 ἄν
745 2834 831 2882 τις
857 2816 1005 2871 εἴποι
1031 2818 1160 2891 περὶ
1182 2816 1349 2871 αὐτοῦ
1382 2817 1691 2891 θεοπρεπὲς

105 2929 168 2967 τε
196 2912 297 2967 καὶ
320 2910 473 2975 ἄξιον
494 2910 593 2981 τῆς
621 2908 774 2973 θείας
795 2909 1126 2981 γεννήσεως,
1145 2910 1264 2981 ἐρεῖ
1292 2909 1390 2980 μὲν
1414 2908 1503 2961 ἐπ’
1522 2907 1689 2961 αὑτοῦ

111 2999 336 3075 κυρίως,
357 3000 453 3053 ἐπὶ
471 2998 530 3052 δὲ
555 2996 665 3050 τῶν
694 2996 901 3070 ἐτέρων
917 2996 1125 3057 οὐκέτι,
1152 2995 1611 3070 καταχρηστικῶς
1632 2996 1689 3049 δὲ

111 3091 336 3166 μᾶλλον,
370 3089 629 3162 καθάπερ
652 3089 890 3161 εἴρηται.

392 3225 715 3292 Ἀντὶθεσις
737 3224 820 3293 ὠς
845 3223 918 3279 ἐκ
949 3222 1070 3280 τῶν
1093 3226 1414 3295 Εὐνομίου.

180 3362 357 3433 Λόγος
384 3363 605 3435 εἴρηται
624 3402 641 3429 ,
676 3360 849 3433 φησι,
877 3360 1030 3431 παρὰ
1061 3362 1184 3423 ταῖς
1214 3356 1387 3421 θείαις
1416 3359 1690 3429 Γραφαῖς,

110 3456 217 3528 οὐχ
238 3456 325 3522 ὣς
342 3456 409 3509 ἐκ
437 3455 659 3528 Πατρός
689 3454 843 3511 κατὰ
858 3452 1029 3526 φῦσιν
1055 3454 1337 3524 ὑπάρχων,
1369 3452 1402 3522 ἢ
1426 3451 1589 3513 αὐτὸς
1616 3451 1695 3504 ὢν

109 3552 142 3606 ό
186 3548 497 3614 ἐνδιάθετος
541 3532 743 3618 λόγος,
798 3546 915 3602 ἀλλ’
988 3548 1069 3601 ὅτι
1126 3547 1219 3601 τὸν
1272 3545 1486 3616 Πατρός
1538 3543 1694 3612 λόγον

108 3639 355 3705 ἀκούσας
411 3641 511 3694 καὶ
575 3641 708 3710 ἡμῖν
781 3638 1132 3707 ἐξαγγέλλει·
1194 3636 1382 3706 ὥσπερ
1443 3629 1536 3688 οὖν
1600 3633 1695 3688 καὶ

111 3732 389 3804 ἁγιασμὸς
418 3733 637 3805 εἴρηται
660 3773 674 3797 ,
703 3732 787 3786 ὅτι
811 3729 1030 3800 ἁγιάζει
1049 3770 1066 3797 ,
1099 3729 1195 3783 καὶ
1225 3725 1539 3796 δικαιοσύνη
1557 3765 1573 3791 ,
1611 3724 1694 3780 ὅτι

630 3933 788 4003 Πρὸς
817 3932 994 3988 τοῦτο
1017 3933 1220 4000 λύσις.

184 4073 251 4128 nt
282 4071 460 4141 Λόγος
484 4069 688 4142 ὶκλήθη
714 4109 729 4134 ,
757 4069 900 4123 κατὰ
930 4069 1030 4140 τὴν
1057 4068 1176 4139 σὴν,
1203 4061 1247 4120 ὧ
1274 4034 1538 4137 βελτιστε,
1568 4065 1693 4119 δυσ-

1804 1906 1942 1963 tales
1986 1923 2085 1979 per
2134 1910 2607 1981 participationem
2652 1910 2767 1979 ejus
2791 1911 2889 1981 qui
2920 1925 3048 1967 vere
3079 1921 3244 1981 atque
3278 1926 3372 1966 re-

1801 1997 1917 2068 ipsa
1939 1998 2115 2056 bonus
2153 2000 2404 2069 etjustus
2428 2003 2555 2072 est),
2592 2017 2700 2057 nou
2740 2003 2959 2074 proprie
3000 2003 3212 2075 singula
3255 2004 3372 2061 haec

1799 2104 1921 2159 quae
1967 2091 2206 2147 diximus
2245 2093 2313 2148 de
2363 2092 2474 2149 Deo
2517 2093 2839 2164 praedicari?
2865 2096 2935 2149 Αι
2976 2096 3025 2151 si
3065 2098 3370 2152 communia

1799 2176 2018 2245 quidem
2070 2177 2228 2234 nobis
2272 2188 2400 2235 sunt
2428 2195 2549 2239 cum
2599 2180 2692 2237 illo
2718 2172 2958 2250 noinina,
3005 2185 3099 2241 sed
3142 2187 3210 2242 de
3254 2186 3374 2257 ipso

1802 2274 2009 2323 tantum
2045 2282 2174 2324 vere
2198 2271 2493 2325 secundum
2521 2281 2773 2327 naturam
2805 2273 3077 2341 dicuntur,
3109 2275 3243 2330 nihil
3270 2278 3371 2332 im-

1800 2355 1951 2424 pedit
1977 2357 2272 2425 quominus
2305 2357 2474 2413 Filius
2505 2361 2723 2429 proprie
2750 2361 2964 2416 dicatur
2994 2363 3252 2428 Verbum,
3280 2377 3373 2418 ea·

1800 2459 1908 2514 que
1931 2447 2219 2518 appellatio
2248 2451 2543 2506 essentiam
2583 2452 2703 2522 ejus
2732 2452 2987 2521 explicet,
3018 2453 3239 2509 tametsi
3265 2455 3370 2509 alia

1797 2552 2014 2608 quoque
2041 2541 2207 2594 multa
2230 2541 2339 2596 sint
2369 2541 2529 2598 verba
2557 2544 2783 2600 abusive
2835 2555 2889 2601 et
2919 2545 2986 2619 ad
3013 2547 3371 2604 imitationem

1799 2629 1945 2685 illius
1978 2633 2124 2700 quod
2158 2648 2284 2689 vere
2319 2634 2393 2690 ita
2429 2644 2675 2691 vocatur.
2700 2636 2835 2691 Earn
2863 2638 3007 2693 enim
3049 2639 3119 2694 ob
3148 2656 3369 2696 causam

1796 2718 1970 2777 Filius
1986 2723 2053 2776 de
2069 2724 2250 2794 seipso
2282 2724 2457 2793 inquit
2481 2744 2495 2780 :
2520 2744 2539 2777 ι
2567 2725 2677 2796 Ego
2704 2741 2824 2783 sum
2850 2729 3053 2785 veritas
3083 2730 3153 2785 ⁸⁸.
3189 2751 3209 2785 ι
3229 2735 3374 2799 Quo-

1796 2811 1942 2868 circa
1977 2813 2238 2884 quidquid
2284 2816 2353 2873 de
2407 2833 2473 2873 eo
2505 2819 2711 2874 dixeris
2755 2820 3024 2876 divinitati
3067 2823 3372 2896 divinasque

1796 2901 1915 2972 ejus
1946 2904 2284 2974 generationi
2318 2907 2648 2963 conveniens
2672 2916 2729 2963 et
2752 2924 2873 2979 par,
2899 2911 3120 2981 proprie
3150 2914 3369 2983 quidem

1795 2993 1862 3049 de
1893 2995 2013 3066 ipso
2044 2996 2228 3065 dices;
2263 2998 2491 3055 de-aliis
2517 3013 2649 3055 vero
2707 3015 2814 3056 non
2854 3000 3009 3074 item,
3053 3004 3148 3060 sed
3194 3006 3372 3076 potius

1796 3085 2042 3154 abusive,
2080 3098 2141 3144 ut
2162 3094 2367 3146 dictum
2398 3101 2501 3147 est.

2189 3222 2347 3296 103
2382 3224 2623 3294 ObJ‘ectio
2674 3223 2950 3286 Eunomii.

1866 3355 2133 3418 Verbum.
2150 3356 2345 3426 inquit,
2364 3357 2568 3412 dictum
2585 3365 2668 3414 est
2691 3359 2744 3412 in
2765 3374 2917 3416 sacra
2942 3359 3244 3431 Scriptura,
3262 3379 3372 3421 noc

1795 3447 1925 3517 quia
1959 3462 2023 3503 ex
2056 3447 2220 3502 Patre
2248 3450 2543 3502 secundum
2566 3459 2813 3504 naturam
2834 3453 3084 3517 exsistat,
3113 3464 3206 3509 aut
3232 3457 3373 3525 quod

1794 3540 1865 3594 sit
1895 3540 2250 3596 intrinsecum
2281 3541 2396 3596 sive
2427 3540 2647 3595 insitum
2673 3540 2817 3595 Patri
2852 3545 3097 3612 verbum,
3123 3547 3214 3601 sed
3244 3547 3376 3615 quia

1794 3629 1972 3686 Patris
1997 3632 2223 3687 verbum
2261 3632 2509 3697 audiens,
2540 3633 2591 3687 id
2621 3632 2777 3688 nobis
2807 3636 3089 3691 annuuntiat
3115 3655 3129 3690 ι
3155 3640 3295 3693 sicut
3320 3648 3380 3695 ct

1795 3721 2158 3778 sanctificatio
2186 3724 2364 3778 dictus
2395 3730 2500 3789 est,
2525 3723 2654 3792 quia
2698 3723 3025 3792 sanctificat,
3060 3734 3116 3780 et
3140 3712 3374 3795 justitia,

1791 3812 1921 3886 quia
1937 3812 2225 3882 justillcat.

2310 3926 2517 3983 Salutio
2547 3928 2873 3998 objectionis.

1867 4061 2123 4135 Si,juxta
2160 4071 2306 4118 tuam
2336 4061 3007 4133 blasplrcmiam,Verl›um
3039 4062 3241 4119 dictum
3268 4074 3373 4130 est,

116 4161 355 4234 φημίαν,
385 4159 485 4230 οὐχ
508 4159 592 4212 ὅτι
636 4160 780 4212 κατὰ
816 4157 976 4227 φύσιν
1009 4157 1170 4212 τοῦτό
1209 4158 1358 4211 ἐστιν
1387 4157 1453 4210 ὲκ
1483 4155 1697 4226 Πατρὸς
1797 4169 1902 4210 non
1935 4156 2078 4225 quod
2110 4154 2433 4210 naturaliter
2463 4155 2566 4210 hoc
2587 4155 2660 4211 sit
2686 4170 2751 4211 ex
2786 4153 2948 4210 Patre
2976 4155 3293 4224 procedens,
3319 4164 3374 4211 et

114 4251 403 4325 προελθὼν
424 4290 443 4315 ,
468 4251 565 4304 καὶ
594 4249 695 4321 τῆς
720 4247 814 4303 τοῦ
852 4247 1104 4312 τεκόντος
1135 4247 1322 4311 οὐσίας
1349 4247 1695 4315 ὲκφαντικὸς,

1799 4246 2064 4315 genitoris
2091 4247 2174 4301 sui
2211 4246 2503 4302 essentiam
2530 4245 2840 4312 declarans,
2875 4247 2970 4302 sed
3001 4248 3145 4317 quod
3191 4247 3374 4303 Patris

114 4340 233 4395 m·
255 4340 343 4394 ὅτι
369 4337 464 4393 τὸν
483 4337 634 4410 παρὰ
658 4336 873 4408 Πατρός
895 4335 1132 4401 ἀκούσας
1179 4336 1356 4404 λόγον,
1384 4335 1697 4405 ἐξαγγέλλει
1799 4338 2021 4392 verbum
2054 4338 2302 4402 audiens,
2337 4337 2494 4393 nobis
2523 4338 2576 4392 id
2608 4338 2914 4404 annuntiet,
2943 4338 3169 4394 observa
3210 4339 3372 4394 etiam

114 4429 313 4484 τοῦτον
346 4428 430 4492 εἰς
464 4428 644 4498 ἡμᾶς·
677 4428 837 4498 τήρει
876 4425 970 4481 καὶ
1002 4427 1061 4480 ὲν
1090 4427 1203 4490 τοῖς
1241 4425 1421 4489 ἄλλοις
1447 4427 1547 4496 τὴν
1574 4426 1696 4496 ίσην
1802 4427 1855 4482 in
1885 4428 2009 4483 aliis
2041 4429 2285 4484 eamdem
2320 4430 2580 4484 rationein
2604 4439 2659 4484 et
2674 4429 3137 4500 consequentiam,
3163 4439 3221 4484 ut
3251 4446 3375 4500 gra-

113 4517 469 4581 ἁκολουθίαν,
510 4517 598 4570 ἵνα
622 4516 717 4570 καὶ
751 4516 1013 4587 μειζόνως
1046 4516 1451 4588 ἀσχημονήσῃς.
1487 4516 1550 4569 El
1586 4516 1696 4587 γὰρ
1728 4533 1771 4588 0
1801 4516 1923 4572 vius
1982 4521 2326 4588 apertiusque
2369 4519 2672 4588 delinquas.
2718 4517 2854 4573 Natu
2908 4519 2955 4576 si
3007 4519 3239 4574 Verbum
3287 4528 3375 4575 est

110 4611 295 4680 Λόγος
327 4610 517 4675 ἐστὶν,
561 4608 645 4662 ὅτι
688 4607 847 4678 λόγον
896 4608 1152 4678 ἀκήκοεν,
1201 4610 1493 4677 ἀναγκαῖον
1531 4609 1705 4660 εἰπεῖν
1805 4611 1932 4682 quia
1963 4611 2187 4667 verbum
2229 4609 2454 4672 audivit,
2495 4610 2859 4664 necessarium
2894 4620 2975 4666 est
2998 4612 3159 4666 etiarn
3199 4611 3374 4682 ipsum

111 4701 200 4758 ὅτι
231 4702 334 4755 καὶ
359 4697 674 4770 δικαιοσύνη
717 4700 815 4755 καὶ
849 4698 1124 4769 ἀγιασμός
1165 4700 1335 4763 ἐστιν,
1383 4699 1458 4762 ὼς
1491 4699 1700 4752 δικαιο-
1803 4718 1930 4761 esse
1964 4703 2229 4773 justitiam
2269 4710 2325 4758 et
2380 4700 2865 4757 sanctificationem
2901 4702 3025 4772 quia
3057 4703 3281 4773 iustitiae
3317 4714 3377 4759 et

116 4790 293 4864 σύνης
338 4791 439 4845 καὶ
486 4790 758 4862 ἀγιασμοῦ
806 4791 1059 4862 μέτοχος,
1106 4792 1202 4845 καὶ
1242 4791 1305 4845 οὐ
1352 4790 1496 4846 κατὰ
1539 4789 1703 4861 φύσιν
1802 4794 2252 4853 sanctificationis
2274 4800 2359 4849 est
2388 4793 2682 4863 particeps,
2711 4807 2816 4847 non
2843 4802 3023 4846 autern
3058 4793 3377 4849 naturaliter

114 4880 294 4937 ταῦτα
318 4880 601 4952 ὑπάρχων.
631 4880 713 4934 Τὰ
753 4880 810 4934 δὲ
838 4881 916 4952 μὴ
949 4881 1092 4935 κατὰ
1130 4880 1292 4951 φύσιν
1325 4880 1600 4953 προσόντα
1628 4898 1701 4934 τι·
1801 4887 1854 4943 id
1880 4901 2025 4943 esse.
2059 4885 2191 4952 Quae
2216 4900 2345 4941 vero
2374 4898 2480 4940 non
2512 4883 2829 4939 naturaliter
2852 4881 3012 4937 alicui
3048 4882 3254 4948 insunt,
3278 4883 3375 4940 sed

122 4974 237 5041 οὶν,
262 4974 379 5029 ἀλλ’
408 4973 609 5042 ῑξωθεν
631 4975 1000 5045 ·ὲπιγεγονότα
1019 5015 1035 5039 ,
1088 4976 1285 5047 ῥᾳδίως
1315 4974 1702 5046 ἀποσυμόήσε-
1797 4975 2135 5032 extrinsecus
2157 4975 2437 5040 accidunt,
2461 4973 2622 5030 facile
2644 4975 2807 5029 etlam
2833 4981 3058 5042 possunt
3090 4988 3198 5027 non
3229 4975 3374 5028 acci-

118 5082 237 5122 ται.
276 5066 386 5122 Καί
431 5083 565 5120 ποτε
608 5066 958 5138 δικαιοσύνης
996 5067 1091 5122 καὶ
1148 5067 1423 5135 ἀγιασμοῦ
1464 5068 1701 5140 ἔρημος,
1796 5066 1946 5121 dere.
1970 5064 2233 5135 Atqueita
2267 5065 2577 5135 aliquando,
2597 5063 2755 5135 juxta
2780 5073 3015 5120 vestram
3037 5064 3371 5133 opinionem,

113 5154 247 5211 καθ’
280 5156 449 5227 ὑμᾶς,
472 5158 502 5211 ό
531 5155 627 5210 τοῦ
651 5155 789 5210 Θεοῦ
822 5156 996 5224 Λόγος
1032 5158 1301 5225 φανεῖται,
1331 5158 1360 5210 ό
1386 5154 1580 5224 λέγων·
1600 5174 1618 5207 ι
1642 5155 1698 5208 ⁰0
1793 5156 2005 5227 justitia
2025 5164 2081 5210 et
2103 5154 2530 5211 sanctificatione
2577 5170 2810 5211 vacuum
2844 5155 2950 5210 erit
2976 5153 3068 5208 Dei
3101 5151 3365 5221 Verbum,

116 5244 387 5318 ῑωρακὼς
429 5246 532 5318 ἐμὲ
556 5287 572 5312 ,
615 5245 831 5320 ἑώρακε
890 5245 984 5301 τὸν
1035 5246 1276 5318 Πατέρα.
1313 5264 1333 5298 ι
1382 5246 1697 5316 Φθανούσης
1801 5246 1944 5317 quod
1968 5247 2034 5302 de
2056 5260 2115 5301 se
2136 5244 2297 5301 dicit:
2324 5262 2343 5296 ι
2371 5244 2471 5310 Qui
2497 5246 2628 5300 vidit
2654 5260 2762 5310 me,
2785 5246 2987 5301 vlditet
3013 5244 3229 5299 Patrem
3253 5243 3317 5301 ⁸¹.
3348 5265 3368 5299 ι

113 5335 415 5409 τοιγαροῦν
479 5339 576 5393 καὶ
629 5340 710 5405 εις
765 5338 930 5393 αὐτὸν
992 5337 1093 5410 ἥδη
1148 5336 1243 5391 τὸν
1310 5337 1533 5410 Πατέρα
1597 5341 1697 5409 τῆς
1799 5336 1935 5392 Cum
1971 5335 2133 5406 igitur
2155 5333 2224 5389 ad
2252 5333 2472 5391 Patrem
2502 5334 2676 5405 ipsum
2703 5336 2818 5392 haec
2845 5336 3174 5406 blasphemia
3200 5337 3376 5407 perti-

116 5429 472 5502 δυσφημίας,
508 5430 875 5503 παραιτητέον
909 5426 1020 5482 τῶν
1062 5427 1449 5500 χριστομάχων
1476 5428 1575 5499 τὴν
1600 5447 1696 5483 κα·
1800 5436 1948 5492 neat,
1982 5425 2293 5482 detestanda
2333 5424 2527 5484 merito
2555 5433 2641 5483 est
2683 5425 2801 5482 hacc
2854 5426 3105 5483 immanis
3138 5427 3375 5484 hostium

124 5518 358 5575 κόνοιαν.
1688 5595 1696 5603 ·
1798 5518 1998 5576 Christi
2020 5520 2364 5591 perversitas.

163 5696 206 5730 ⁸⁸
234 5696 379 5755 eut.
421 5712 607 5767 um,
641 5697 705 5765 ὓς
735 5696 890 5754 Joan.
926 5713 977 5764 s,
1010 5697 1098 5752 5⁴.
1177 5695 1222 5728 ⁴⁸
1251 5694 1406 5751 Joan.
1437 5713 1544 5765 xiv,
1576 5698 1629 5756 6.
1708 5697 1749 5730 ⁸⁷
1778 5696 1933 5752 Juan.
1966 5712 2073 5763 xiv,
2103 5699 2158 5754 9.
