3809 6125
325 322 394 379 03
1322 314 1382 371 S.
1421 314 1702 371 climat
1736 313 2207 371 ALt-:xtmnssmt
2238 312 2558 371 Ancntsst’.
3518 300 3592 357 st

1001 432 1227 489 Saturio.

399 548 558 618 Αιιμιί
606 550 705 603 Ιιοο
747 546 1169 618 nugacissimum
1216 555 1332 610 est.
1368 555 1424 600 et
1469 545 1910 615 incomparabilis
1938 541 1985 597 A

326 638 604 709 cujusdam
639 636 921 691 dementiae
956 635 1300 691 manifestum
1335 645 1733 706 argumentum.
1770 635 1902 703 Quis

326 730 470 784 etnim
495 729 706 799 ignorat
726 728 791 782 de
812 727 1035 797 singulis
1053 728 1217 783 etiam
1243 729 1508 784 creaturis
1536 728 1902 799 producendis

328 820 658 875 voluntatem
689 820 742 873 in
772 818 908 875 Filio
935 818 1136 875 luisse?
1159 818 1357 875 Voleus
1386 819 1530 874 enim
1569 820 1749 874 onmia
1779 819 1903 875 fecit

327 910 583 979 Creator,
625 926 800 979 neque
860 914 1066 982 absque
1126 911 1245 982 ejus
1309 912 1585 967 voluntate
1643 922 1910 967 creatnrae

329 1002 498 1073 ipsius
529 1005 817 1058 exsistunt.
847 1002 1107 1071 Quaenam
1142 1004 1306 1074 igitur
1329 993 1749 1059 est'dtll'erentia
1784 1004 1907 1058 Filii

329 1104 385 1149 et
417 1092 668 1160 facturae,
695 1103 960 1150 creaturae
995 1104 1049 1150 et
1083 1094 1406 1165 geniminis,
1437 1094 1544 1165 37
1579 1095 1622 1149 si
1660 1094 1911 1150 voluntas

328 1183 396 1239 de
434 1184 677 1253 utrisque
710 1183 765 1237 in
803 1184 913 1239 Deo
944 1185 1046 1241 sita
1082 1184 1200 1239 est?
1233 1183 1495 1251 Quisnam
1529 1200 1678 1240 sanae
1715 1178 1910 1242 me'ntis

330 1274 399 1331 lis
421 1275 514 1346 qni
546 1278 619 1330 itu
651 1276 894 1331 sentiunt
920 1291 1025 1331 non
1057 1276 1351 1343 acclamet,
1376 1277 1518 1345 quod
1543 1293 1604 1331 ea
1637 1293 1758 1348 qnae
1788 1288 1909 1332 tan-

330 1374 516 1437 topere
545 1368 686 1422 inter
717 1382 776 1423 se
806 1368 1013 1422 ratione
1039 1377 1246 1423 naturae
1271 1368 1503 1432 distant,
1530 1370 1718 1423 eodem
1751 1372 1910 1425 inodo

330 1458 631 1522 aestituent,
664 1458 716 1513 in
768 1458 880 1513 sula
929 1458 1022 1514 Dei
1073 1460 1409 1529 praenotione
1459 1470 1689 1530 utraque
1736 1462 1912 1531 posita

330 1562 452 1605 esse
490 1558 818 1615 statuentes,
851 1560 907 1605 et
941 1548 1117 1606 Verbo
1155 1549 1301 1620 qnod
1341 1566 1406 1605 cx
1454 1551 1688 1605 essentia
1734 1552 1914 1609 Patris

331 1647 595 1716 processit
623 1644 753 1700 nillil
787 1644 1016 1715 amplius
1043 1658 1202 1713 quam
1230 1645 1496 1700 creaturis
1524 1644 1796 1700 tribuant?

1038 1848 1079 1901 A
1089 1845 1266 1903 LlUD.

406 1962 464 2017 Si
489 1960 654 2016 Filius
677 1975 780 2015 non
816 1969 935 2013 erat
963 1973 1178 2028 semper
1206 1973 1327 2013 cum
1359 1958 1518 2013 Patre
1544 1974 1608 2014 ex
1659 1974 1775 2030 ipso
1824 1974 1913 2015 se·

334 2054 567 2110 cundum
596 2063 843 2107 naturam
874 2052 1144 2105 exsistens
1171 2059 1228 2106 et
1249 2060 1577 2116 coaeternus,
1594 2052 1690 2105 sed
1727 2059 1914 2121 postca

334 2148 384 2200 ei
411 2146 611 2202 accidit
649 2153 706 2198 ιιι
731 2152 896 2207 esset,
934 2141 1132 2197 accidit
1162 2141 1540 2212 proculdubio
1565 2140 1727 2196 etium
1771 2141 1915 2197 Patri

336 2246 396 2289 nt
428 2234 579 2289 fleret
610 2233 789 2289 Pater.
826 2234 1007 2301 Atque
1039 2230 1111 2286 ita
1164 2230 1392 2286 mutatio
1443 2232 1695 2301 quaedam
1755 2242 1919 2302 atque

335 2324 584 2381 alteratio
615 2325 667 2379 in
705 2325 818 2394 ipso
859 2322 1000 2379 facta
1039 2324 1275 2378 videtur.
1310 2321 1464 2388 Nam,
1479 2337 1544 2376 ex
1583 2331 1762 2376 vestra
1791 2335 1920 2376 sen·

339 2418 552 2483 tentia,
584 2418 725 2488 qnod
754 2417 904 2486 prius
945 2431 1048 2471 non
1078 2424 1217 2478 erat,
1246 2415 1297 2469 id
1332 2426 1515 2485 postea
1579 2415 1755 2469 factus
1810 2424 1914 2469 est.

336 2511 406 2567 Αι
437 2525 566 2565 vero
595 2509 647 2563 in
686 2508 919 2562 divinam
951 2517 1202 2561 naturam
1236 2505 1379 2559 nulla
1415 2505 1645 2561 mutatio
1697 2516 1791 2559 ant
1840 2505 1921 2560 al-

340 2601 529 2657 teratio
557 2600 718 2655 cadit.
751 2599 867 2653 Non
909 2599 1074 2668 igitur
1097 2599 1295 2654 accidit
1321 2599 1429 2652 Deo
1458 2606 1517 2651 ut
1540 2595 1700 2652 Pater
1721 2596 1916 2652 fleret:

339 2692 434 2749 sed
461 2701 576 2748 erat
616 2692 664 2746 ei
696 2702 1022 2747 coaeternum
1054 2690 1200 2761 qnod
1233 2705 1298 2746 ex
1343 2690 1458 2761 ipso
1500 2686 1922 2760 processitver-

338 2785 514 2851 Ιιιιιιις
551 2782 1004 2854 quemadmodum
1042 2782 1191 2837 calor
1227 2782 1279 2836 iu
1312 2781 1455 2853 igne,
1478 2782 1569 2852 qni
1601 2782 1819 2851 quidem
1852 2795 1920 2836 ex

340 2877 464 2947 igne
478 2876 714 2948 gignitur
731 2884 784 2931 et
811 2888 1027 2944 semper
1055 2889 1178 2930 cum
1200 2874 1519 2940 coexsistit,
1549 2882 1695 2930 etex
1720 2872 1923 2930 lumine

340 2966 579 3039 gignitur
609 2967 943 3023 exteriorum
972 2965 1326 3029 illuminatio.

558 3103 803 3171 Alunt),
843 3103 926 3159 Ea:
955 3104 1245 3175 obJ‘ectione
1281 3104 1666 3159 hoereticorum.

415 3215 471 3271 Si
496 3217 787 3287 perfectus,
816 3218 1089 3286 inquiunt,
1113 3226 1195 3272 est
1220 3217 1381 3273 Pater
1409 3219 1460 3272 in
1492 3233 1589 3272 sua
1615 3217 1919 3289 majestate,

344 3322 519 3377 neque
599 3307 716 3376 ejus
784 3319 988 3364 naturae
1055 3309 1344 3379 quidquam
1415 3309 1483 3364 ad
1554 3309 1658 3365 hoc
1737 3310 1921 3376 deest,

345 3414 802 3469 supervacaneum
895 3410 979 3456 est
1046 3400 1213 3456 veluti
1288 3400 1721 3471 supplementum
1805 3403 1926 3459 sive

347 3492 735 3562 plenitudinem
817 3491 1034 3549 deitatis
1098 3492 1269 3564 ipsius
1343 3492 1538 3548 Filium
1599 3494 1650 3551 ei
1716 3493 1923 3564 adjun-

346 3596 495 3654 gere.

1026 3695 1257 3753 Solutio.

421 3825 697 3880 Perfectus
740 3824 957 3897 quidem
990 3834 1073 3882 est
1095 3823 1305 3881 Pater
1290 3842 1343 3883 ιιι
1367 3840 1466 3883 sua
1500 3826 1803 3900 majestate,
1829 3842 1928 3883 ne·-

350 3933 454 3989 qne
487 3918 767 3988 qnisquam
791 3932 936 3973 sanae
963 3918 1158 3973 mentis
1206 3919 1257 3973 ld
1290 3919 1600 3990 negaverim
1658 3917 1931 3991 perfectus

350 4017 529 4064 nutem
566 4019 648 4064 est
685 4025 790 4064 non
819 4024 883 4065 eo
918 4019 1123 4066 tantum
1164 4010 1380 4067 nomine
1421 4015 1565 4083 quod
1623 4012 1799 4077 Deus,
1835 4027 1930 4068 ve-

1943 3116 1990 3175 C

2502 428 2657 498 Πρὸς
2684 424 2858 483 τοῦτο
2892 424 3097 490 λύσις.

2094 545 2235 599 Ἀλλ’
2300 546 2419 600 ἐστι
2466 544 2627 598 τοῦτο
2680 541 2923 613 φλυαρία
2986 534 3157 607 πολλὴ
3179 578 3195 601 ,
3253 533 3349 588 καὶ
3405 530 3595 595 ἀνοίας

2009 637 2342 705 ᾰσνγιιρίτον
2376 636 2553 706 σαφὴς
2602 633 2896 697 ἀπόδειξις.
2930 630 3051 684 Τίνι
3082 628 3191 699 γὰρ
3218 626 3321 681 οὐκ
3353 625 3470 677 ἔστι
3498 623 3594 693 652·-

2007 726 2098 781 λον
2119 728 2203 781 ὅτι
2228 728 2293 800 δὴ
2316 730 2413 782 καὶ
2436 726 2566 799 περὶ
2596 725 2829 780 ἑκάστου
2854 720 2965 775 τῶν
3017 716 3404 788 πεποιημένων
3432 709 3504 786 ἦν
3537 714 3597 766 ἐν

2010 819 2091 890 τῷ
2120 818 2241 889 Θεῷ
2268 819 2329 871 τὸ
2346 818 2556 884 Θέλειν;
2585 816 2834 886 Θελήσας
2859 812 2968 883 γὰρ
2992 810 3061 864 τὰ
3083 809 3263 862 πάντα
3293 806 3599 877 πεποίηκεν

2008 913 2037 966 ό
2064 909 2417 982 δημιουργός·
2437 909 2532 964 καὶ
2562 911 2662 962 ούκ
2695 905 2936 977 ᾰθὲλητά.
2977 905 3126 956 ἐστιν
3170 900 3321 971 αύτῷ
3365 900 3435 955 τὰ
3464 900 3598 971 παρῗ

2008 1002 2177 1058 αὐτοῦ
2235 1003 2600 1074 πεποιημένα.
2631 1002 2728 1066 Τίς
2779 997 2871 1055 οὖν
2928 1002 2963 1069 ἡ
3023 998 3259 1068 διαφορὰ
3319 994 3454 1051 Υίοῦ
3501 997 3600 1051 καὶ

2011 1098 2340 1169 ποιήματος,
2364 1096 2595 1160 κτίσεως
2643 1095 2741 1149 καὶ
2792 1095 3122 1163 γενήματος,
3146 1092 3197 1144 εἰ
3220 1090 3282 1143 τὸ
3309 1090 3488 1144 θέλειν
3538 1091 3600 1143 έν

2012 1188 2133 1259 Θεῷ
2158 1190 2342 1243 κεῖται
2369 1188 2500 1260 περὶ
2548 1188 2752 1258 ἀμφοῖν
2776 1202 2811 1252 ;-
2841 1183 2961 1239 Ούιι
2988 1183 3055 1237 ἄν
3081 1200 3167 1247 τις
3206 1182 3447 1251 εὐλόγως
3486 1180 3601 1235 τῶν

2011 1279 2172 1335 τοῦτο
2207 1279 2549 1353 φρονούντων
2576 1277 2989 1349 καταὸοησειεν,
3011 1276 3095 1329 ὅτι
3123 1275 3192 1329 τὰ
3211 1274 3467 1328 τοσοῦτον
3499 1272 3602 1331 ἅλι-

2012 1371 2190 1443 ληλων
2218 1370 2543 1443 διεστηκότα
2571 1368 2716 1424 κατὰ
2733 1369 2828 1423 τὸν
2855 1370 2954 1439 τῆς
2977 1365 3193 1438 φύσεως
3227 1364 3387 1435 λόγον
3411 1365 3471 1418 ὲν
3499 1364 3603 1434 [etp

2018 1465 2204 1539 μέτρῳ
2228 1467 2398 1538 τιμᾷν
2422 1462 2813 1536 ἐπιχειροῦσιν,
2863 1461 2924 1515 ὲν
2961 1460 3105 1533 μόνῃ
3139 1458 3450 1531 προγνώσει
3504 1458 3604 1512 τοῦ

2012 1557 2150 1613 Θεοῦ
2181 1557 2397 1613 κεῖσθαι
2450 1556 2684 1621 διδόντες
2720 1553 3029 1627 ἀμφότερα,
3088 1552 3184 1607 καὶ
3230 1550 3393 1605 πλέον
3445 1549 3602 1604 οὐδὲν

2016 1650 2164 1723 ἔχειν
2198 1648 2309 1706 τῶν
2331 1648 2578 1721 γενητῶν
2609 1644 3070 1720 παραχωροῦντες
3117 1642 3197 1715 τῷ
3245 1644 3311 1697 ὲιι
3351 1644 3454 1714 τῆς
3502 1641 3599 1696 τοῦ

2014 1743 2229 1816 Πατρδς
2252 1742 2370 1798 ούσί
2356 1760 2440 1805 ας
2470 1740 2786 1813 προελθόντι
2809 1740 3002 1810 Λόγῳ;

2710 1853 2919 1908 ΑΛΛΟ.

2089 1972 2154 2027 Ei
2192 1970 2267 2043 μὴ
2332 1971 2500 2039 συνῆν
2530 1972 2559 2024 ὀ
2596 1969 2725 2032 Υἱὸς
2758 1967 2847 2023 ἀεὶ
2877 1965 2959 2039 τῷ
3002 1964 3178 2037 Πατρὶ
3224 1963 3285 2031 ἐξ
3327 1963 3504 2019 αὑτοῦ
3540 1979 3604 2019 τι

2017 2064 2095 2119 ὢν
2121 2064 2265 2120 κατὰ
2293 2062 2453 2135 φύσιν
2483 2063 2578 2118 καὶ
2608 2062 2891 2127 συναῒδιος,
2933 2058 3251 2131 συμδέὸηκε
3279 2057 3338 2112 δὲ
3365 2056 3517 2128 αὐτῷ
3545 2056 3611 2110 τὸ

2018 2150 2183 2223 εῖν,αι
2220 2145 2417 2225 euveni}
2452 2154 2693 2226 δηλονότι
2733 2152 2829 2207 καὶ
2871 2151 2947 2223 τῷ
2986 2150 3200 2205 τεκόντι
3238 2149 3301 2202 τὸ
3347 2166 3409 2218 γε
3388 2148 3609 2203 ενέσθαι

2020 2250 2262 2323 Πατέρα.
2293 2249 2405 2305 Καὶ
2436 2248 2709 2320 μεταδολή
2738 2264 2824 2311 τις
2853 2246 2980 2318 περὶ
3008 2245 3172 2300 αὐτὸν
3196 2244 3292 2299 καὶ
3323 2243 3609 2307 ἀλλοίωσις

2019 2340 2286 2414 γενομένη
2334 2340 2609 2409 φαίνεται.
2664 2339 2732 2392 Ὃ
2761 2337 2873 2409 γὰρ
2917 2338 3020 2391 οὒκ
3060 2332 3131 2409 ἦν
3158 2336 3447 2408 πρότερον,
3482 2335 3609 2389 καθ’

2022 2434 2188 2504 ὑμᾶς,
2213 2430 2373 2486 τοῦτο
2397 2431 2623 2500 γέγονεν
2647 2428 2896 2500 ὕστερον.
2927 2429 3149 2500 Τροπῆς
3175 2428 3235 2481 δὲ
3264 2428 3485 2498 ἁπάσης
3513 2428 3608 2481 καὶ

2021 2522 2365 2587 ἀλλοιώσεως
2416 2521 2767 2585 ἀνεπίδεκτος
2818 2521 2852 2591 ἠ
2908 2519 3030 2574 Θεία
3084 2517 3267 2589 φύσις.
3325 2520 3442 2572 Ούκ
3499 2520 3609 2591 ἄρα

2022 2614 2228 2686 συνέδη
2257 2612 2340 2686 τῷ
2363 2613 2487 2685 Θεῷ
2515 2612 2577 2667 τὸ
2611 2612 2869 2682 γενέσθαι
2910 2612 3167 2684 Πατέρα·
3211 2610 3328 2665 ἀλλ’
3360 2606 3431 2682 ἦν
3460 2610 3611 2682 oze-‹7›

2024 2707 2295 2772 συναῒδιος
2336 2706 2369 2761 ό
2413 2706 2475 2772 ἐξ
2520 2705 2688 2762 αὐτοῦ
2720 2704 3002 2779 προελθὼν
3035 2697 3229 2773 Λόγος,
3277 2704 3534 2776 καθάπερ
3575 2707 3612 2776 ἠ

2024 2799 2299 2873 θερμότης
2325 2802 2386 2855 ὲν
2420 2800 2575 2872 πυρὶ,
2606 2798 2882 2870 γεννητῶς
2921 2797 2982 2863 ἐξ
3015 2796 3182 2851 αὐτοῦ
3212 2797 3479 2867 προϊοῦσα
3518 2797 3613 2852 καὶ

2021 2892 2113 2947 ἀεὶ
2142 2892 2588 2965 συνυπάρχουσα,
2621 2891 2727 2946 καὶ
2747 2892 2812 2944 έιι
2845 2890 3028 2962 φωτὸς
3052 2891 3081 2944 ό
3114 2890 3245 2962 περὶ
3272 2890 3341 2945 τὰ
3374 2890 3480 2956 ἔξω
3508 2908 3615 2961 φω-

2022 2982 2236 3054 τισμός.

2148 3119 2353 3184 ΑΛΛΟ,
2394 3119 2475 3185 ὡς
2505 3121 2574 3185 ἐξ
2606 3120 2970 3190 ἀντιθέσεως
3005 3121 3127 3176 τῶν
3162 3121 3510 3190 αἱρετικῶν.,

2093 3233 2158 3286 Et
2185 3232 2415 3295 τέλειος.
2445 3233 2632 3301 φησὶν,
2665 3233 2813 3288 ἔστιν
2840 3238 2869 3289 ό
2900 3235 3094 3306 Πατὴρ
3121 3238 3179 3289 ὲν
3211 3238 3278 3306 τῇ
3306 3236 3498 3308 οἰκείᾳ,
3517 3254 3619 3308 με·

2025 3320 2331 3390 γαλειότητι
2377 3320 2473 3373 καὶ
2506 3322 2658 3377 οὐδὲν
2702 3324 2939 3377 ἐλλείπει
2986 3325 3124 3392 πρὸς
3152 3324 3311 3376 τοῦτο
3339 3329 3404 3394 τῇ
3443 3327 3615 3382 αὐτοῦ

2024 3410 2205 3482 φύσει,
2235 3405 2506 3482 περιττῶς
2531 3411 2608 3477 ὡς
2646 3415 2919 3484 πλήρωμα
2959 3413 3058 3478 τῆς
3097 3412 3353 3475 θεότητος
3382 3416 3617 3470 αύτοῦ,ὁ

2023 3503 2155 3568 Υίδς
2186 3503 2591 3575 ὲπεισφέρεται.

2519 3707 2676 3776 Πρὸς
2706 3707 2883 3762 τοῦτο
2912 3707 3115 3775 λύσις.

2101 3835 2318 3901 Τέλειος
2361 3836 2463 3908 μὲν
2490 3836 2519 3889 ό
2550 3837 2740 3908 Πατὴρ
2771 3837 2829 3891 ἐν
2869 3841 2938 3909 τῇ
2972 3838 3167 3892 ἑαυτοῦ
3201 3840 3613 3913 μεγαλειότητι·

2031 3924 2128 3980 καὶ
2152 3926 2253 3979 ούκ
2280 3924 2346 3980 ἄν
2374 3942 2458 3988 τις
2485 3923 2642 3979 τοῦτο
2676 3925 2786 3980 τῶν
2817 3921 2876 3979 εὖ
2912 3927 3252 3998 φρονούντων
3285 3930 3586 4000 ἀρνήσεται

2032 4015 2237 4079 τέλειος
2266 4015 2342 4079 δὲ,
2371 4015 2470 4086 ούχ
2497 4015 2579 4068 ὄτι
2611 4015 2771 4085 μόνον
2804 4015 3101 4082 ἐστὶΘεδς,
3130 4017 3355 4072 ἀλλ’ὅτι
3383 4022 3480 4074 καὶ
3509 4022 3622 4074 lla·

352 4113 471 4153 rum
505 4098 665 4153 ctiam
698 4099 840 4170 quod
870 4098 1050 4155 Pater.
1066 4095 1202 4154 Nam
1232 4100 1277 4155 εἰ
1296 4100 1402 4156 Deo
1428 4102 1697 4158 ademeris
1714 4101 1930 4158 Patrem
2033 4108 2159 4179 τὴρ.
2193 4109 2257 4161 El
2281 4106 2390 4178 γὰρ
2414 4106 2636 4176 ἀφέλοις
2663 4106 2760 4162 τοῦ
2789 4107 2927 4162 Θεοῦ
2957 4108 3018 4162 τὸ
3039 4104 3179 4163 εἶναι
3204 4110 3442 4183 Πατέρα.
3475 4112 3625 4169 ἅναι·

352 4201 492 4250 esse.
515 4188 896 4242 fecunditatem
929 4203 961 4244 e
987 4188 1164 4243 divina
1197 4197 1388 4243 natura
1418 4191 1735 4248 sustuleris:
1772 4191 1844 4247 ita
1875 4202 1934 4247 nt
2038 4201 2226 4272 ρήσεις
2252 4198 2353 4268 τῆς
2380 4197 2532 4262 Θείας
2566 4197 2783 4268 φύσεως
2814 4200 2874 4254 τὸ
2910 4201 3271 4272 καρπογόνον,
3306 4203 3394 4257 ἵνα
3425 4204 3622 4274 μηκέτι

352 4279 627 4349 perfectus
665 4294 1001 4349 nequaquam
1033 4278 1126 4343 sit,
1161 4292 1283 4335 cum
1318 4281 1609 4350 generandi
1676 4281 1934 4339 facultate
2035 4289 2098 4344 τὸ
2134 4289 2337 4343 τέλειον
2379 4289 2515 4359 ἔχοι,
2552 4289 2834 4356 λείποντος
2883 4292 3022 4365 αὐτῇ
3070 4292 3166 4348 τοῦ
3217 4296 3433 4366 γεννᾷν.
3479 4295 3624 4350 Γνώ-

354 4380 558 4427 eareat.
592 4372 978 4427 Documentum
1020 4370 1199 4441 ltaque
1226 4370 1578 4444 perfectionis
1615 4383 1698 4430 est
1744 4373 1935 4429 secun·
2042 4397 2213 4454 ρισμα
2259 4379 2436 4434 τοίνυν
2477 4380 2577 4450 τῆς
2626 4383 2985 4456 τελειότητος,
3032 4387 3066 4456 ἠ
3116 4388 3478 4458 καρπογονία,
3526 4389 3624 4441 καὶ

357 4466 531 4528 ditas.
585 4475 639 4521 et
679 4466 892 4537 sigtmm
957 4465 1102 4535 quod
1156 4465 1369 4522 Patrem
1440 4466 1739 4536 perfectum
1811 4481 1935 4523 esse
1965 4460 2011 4517 D
2039 4473 2243 4544 σφαγὶς
2266 4470 2345 4542 τῷ
2378 4471 2555 4544 nupt
2586 4474 2682 4529 τοῦ
2711 4471 2851 4533 εἶναι
2880 4478 3108 4545 τέλειον,
3137 4480 3166 4533 ὀ
3196 4478 3258 4548 ἐξ
3288 4479 3457 4534 αὐτοῦ
3490 4495 3625 4551 προ-

356 4560 613 4625 ostendit,
657 4567 739 4617 est
797 4557 988 4626 Filius,
1025 4556 1119 4629 qui
1154 4572 1220 4615 ex
1285 4558 1404 4630 ipso
1431 4558 1502 4614 ab
1548 4567 1752 4616 aeterno
1809 4573 1938 4628 pro·

359 4651 545 4708 cessit.

1040 4762 1275 4820 Auno.

431 4902 488 4958 Si
512 4901 687 4958 Patris
700 4902 949 4959 essentiae
961 4900 1265 4958 fecunditas
1292 4898 1611 4955 naturaliter
1631 4914 1737 4955 ιιοιι
1780 4898 1942 4966 inest,

363 4993 631 5065 perfectus
672 5009 799 5050 vcro
818 5004 898 5049 est
921 4994 1083 5049 etiam
1110 4994 1247 5049 citra
1280 4990 1571 5061 generandi
1606 4990 1939 5056 facultatem,

364 5084 691 5156 superfluunt
725 5087 890 5157 igitur
949 5094 1110 5154 atque
1168 5084 1529 5141 adventitium
1560 5082 1661 5137 hoc
1684 5083 1734 5137 ei
1800 5083 1946 5140 acci·

365 5176 480 5230 dit:
519 5186 610 5231 aut
643 5179 821 5247 potius
842 5190 905 5230 eo
933 5174 1176 5246 indiguit.
1201 5174 1445 5242 Quonam
1493 5187 1620 5230 vero
1653 5182 1809 5244 pacto
1829 5190 1947 5245 per-

367 5269 537 5324 fectus
564 5268 724 5324 fuerit
756 5269 845 5338 qni
872 5268 1052 5337 aliquo
1089 5266 1250 5336 eget?
1269 5265 1380 5336 38
1399 5274 1492 5321 aut
1520 5279 1631 5337 qno
1658 5275 1814 5335 pacto
1839 5282 1944 5320 non

368 5358 656 5413 absurdum
706 5359 778 5414 sit
821 5358 1021 5428 aliquid
1077 5355 1420 5412 extrinsecus
1466 5356 1700 5425 adjicere
1752 5355 1947 5410 divinae

369 5457 595 5514 naturae,
655 5451 875 5520 perinde
932 5463 995 5504 ac
1041 5449 1087 5504 si
1152 5446 1534 5517 perfectionem
1606 5459 1672 5499 ex
1731 5460 1790 5501 se
1829 5448 1944 5516 ipsa

371 5556 475 5596 ιιοιι
509 5539 754 5595 habeat?
814 5538 1084 5594 Naturalis
1145 5539 1323 5606 itaque
1367 5545 1449 5592 est
1504 5535 1656 5590 Patri
1698 5535 1945 5592 fecundi-

372 5640 455 5687 tas
486 5671 500 5696 ‚
533 5642 696 5701 atque
735 5631 852 5687 ideo
877 5629 1144 5701 perfectus
1184 5637 1297 5697 est,
1331 5628 1472 5700 qnod
1503 5626 1693 5697 genuit
1748 5629 1948 5685 nullius

372 5723 496 5780 Ιιοιιὶ
535 5722 761 5793 indigns.

2037 4560 2208 4617 ελθὼν
2235 4560 2479 4632 ἀχρόνως
2508 4562 2657 4626 Υίός.

2730 4751 2935 4804 ΑΛΛΟ.

2114 4901 2175 4954 Ei
2212 4899 2286 4971 μὴ
2320 4897 2460 4952 κατὰ
2488 4896 2649 4967 φύσιν
2682 4896 2942 4968 πρόσεστι
2974 4899 3041 4969 τῇ
3086 4897 3181 4953 τοῦ
3215 4898 3427 4970 Πατρδς
3465 4898 3625 4970 οὐσίᾳ

2040 4990 2102 5045 τὸ
2129 4989 2490 5067 ιιαρπογόνον,
2517 4987 2721 5050 τέλειος
2767 4987 2827 5042 δέ
2857 4988 2972 5042 ἐστι
3014 4990 3108 5043 καὶ
3149 4989 3273 5058 δίχα
3320 4988 3416 5043 τοῦ
3462 4990 3625 5044 δύνα-

2044 5081 2168 5135 σθαι
2199 5081 2414 5152 γεννᾷν,
2450 5077 2702 5150 περιττὸν
2725 5078 2833 5151 ἄρα
2860 5079 2956 5133 καὶ
2983 5078 3303 5132 ἐπείσακτον
3331 5079 3625 5148 ἐγγέγονεν

2043 5178 2192 5248 αὐτῷ
2214 5177 2389 5232 τοῦτο·
2425 5174 2624 5249 μᾶλλον
2646 5173 2703 5228 δὲ
2740 5171 2931 5242 ἐδεήθη
2960 5169 3174 5224 τούτου.
3217 5168 3328 5223 Καὶ
3356 5169 3474 5232 πῶς
3508 5170 3627 5223 ἐστι

2044 5268 2246 5329 τέλειος
2270 5270 2299 5322 ὀ
2317 5267 2525 5339 δεηθείς
2550 5283 2730 5332 τινος;
2766 5264 2884 5327 πῶς
2912 5263 2969 5317 δὲ
2999 5263 3101 5316 ούιι
3124 5261 3324 5317 ἄτοπον
3355 5260 3416 5316 τὸ
3441 5262 3628 5317 ἐπεισ-

2045 5358 2274 5426 άγεσθαί
2297 5375 2352 5410 τι
2378 5361 2446 5430 τῇ
2476 5359 2598 5430 Θείᾳ
2629 5358 2812 5427 φύσει,
2843 5356 2920 5420 ὡς
2948 5356 3048 5409 ούκ
3076 5355 3277 5428 ἐχούσῃ
3321 5354 3384 5408 τδ
3417 5354 3625 5410 τέλειον

2044 5449 2104 5515 ἐξ
2125 5448 2354 5518 έαυτῆςς
2379 5449 2609 5502 Φυσικὸν
2635 5445 2728 5504 οὖν
2753 5448 2831 5520 τῷ
2854 5449 3030 5518 nupt
3056 5446 3119 5500 τὸ
3143 5444 3501 5518 καρπογόνον,
3532 5449 3626 5501 καὶ

2045 5538 2134 5591 διὰ
2161 5537 2318 5593 τοῦτο
2342 5539 2573 5606 τέλειος,
2610 5540 2815 5595 δτιίιαὶ
2843 5540 3061 5595 τέτοκεν
3098 5539 3311 5604 οὐδενὸς
3337 5539 3446 5593 τῶν
3483 5540 3625 5611 ἁγα-

2048 5626 2158 5681 sitm
2193 5628 2534 5695 λειπόαενος.
