3809 6125
292 331 395 387 5¹5

1289 315 1347 370 S.
1391 310 1665 367 erma!
1704 304 2171 362 ALEXANDmM
2217 302 2535 357 anctum).

3446 298 3554 354 sto

289 461 445 503 snum
470 459 498 497 a
531 441 768 511 peccatis
803 438 916 491 suis
942 436 1010 488 ⁸⁹.
1051 454 1068 485 ι
1099 432 1257 504 303
1295 430 1352 485 Si
1401 430 1574 484 salvat
1597 425 1852 496 popuium
1883 431 1931 489 Α
1957 422 2048 474 τὸν
2090 420 2215 473 λαὸν
2257 419 2575 474 euzoii-&reb
2608 418 2712 471 τῶν
2754 415 3035 488 ἁμαρτιῶν
3063 412 3252 467 αὐτοῦ.
3280 432 3298 465 ι
3336 414 3401 467 Εἰ
3435 414 3557 469 δια-

288 555 444 594 snum
480 535 650 590 Fiiins
678 574 694 600 ,
732 541 786 587 et
810 530 1041 585 remittit
1065 535 1307 596 peccata,
1336 522 1676 577 utDominus
1726 517 1860 586 legis

288 642 342 685 et
392 631 550 692 Deus,
593 624 843 693 quisnam
879 619 1027 674 ilium
1071 615 1335 671 creaturis
1358 613 1613 676 ascribet,
1644 610 1733 679 qui
1774 622 1860 661 ra·

292 721 494 771 tionem
533 726 746 768 omnem
827 706 1131 762 divinitatis
1204 702 1371 765 subit,
1412 701 1610 769 quique
1669 708 1858 751 natura

291 810 432 862 Deus
457 805 579 862 est?
606 803 770 873 Atqui
798 802 1065 855 neminem
1100 807 1228 865 puto
1285 796 1495 849 inficias
1526 795 1728 848 iturum
1758 784 1878 845 soii'

292 900 399 952 Deo
448 896 673 960 deberi,
762 891 1042 962 possidere
1095 886 1347 956 poputum
1411 893 1467 938 ut
1527 882 1750 935 Dmnino
1799 895 1862 934 ac

288 988 425 1059 regi.

953 1087 1189 1143 Auno.

369 1227 389 1261 ι
418 1207 534 1263 11οε
573 1214 753 1261 autem
800 1212 968 1259 totum
1010 1203 1211 1257 iactum
1241 1210 1347 1265 est,
1384 1210 1442 1253 ut
1476 1195 1862 1265 adimpieretur

290 1302 432 1369 qnod
462 1299 669 1354 dictum
701 1305 784 1351 cst
818 1310 910 1365 pet·
956 1293 1148 1348 isaiam
1183 1291 1517 1363 prophetam,
1548 1287 1814 1342 dicentem
1843 1299 1858 1335 t

291 1392 434 1446 Ecce
487 1390 642 1456 virgo
688 1388 742 1441 in
790 1395 943 1440 utero
993 1382 1282 1452 concipiet,
1323 1389 1378 1435 et
1427 1378 1600 1450 pariet
1642 1375 1857 1439 Filium,

288 1491 344 1536 ει
377 1479 659 1535 vocabitur
690 1490 886 1532 nomen
914 1474 1031 1544 ejus
1063 1469 1398 1533 Emmanuel,
1425 1468 1565 1538 quod
1597 1467 1862 1535 interpre-

290 1583 458 1635 tatur,
503 1568 786 1623 Nobiscum
815 1566 951 1621 Dens
992 1564 1056 1619 ⁸⁵.
1092 1584 1110 1617 ι
1145 1563 1259 1618 Nisi
1300 1562 1471 1617 Filius
1507 1559 1696 1614 suisset
1721 1558 1860 1612 Deus

290 1662 586 1719 secundnm
625 1668 895 1721 naturam,
945 1671 1050 1711 non
1101 1662 1323 1708 vocatus
1369 1659 1535 1715 esset,
1568 1648 1857 1702 Nobiscum

294 1754 436 1807 Deus
468 1765 484 1804 t
517 1750 660 1819 quod
708 1748 925 1817 quidem
962 1745 1163 1799 sactum
1197 1751 1281 1796 est
1308 1740 1520 1809 quando
1548 1753 1643 1820 per
1669 1734 1856 1789 mulie·

289 1859 402 1897 rcm
444 1850 602 1895 natus
637 1848 742 1904 est,
785 1835 1142 1893 similitudine
1183 1843 1368 1887 nostra
1410 1836 1706 1897 assumpta.
1750 1822 1854 1879 Ne·

289 1949 394 2001 que
430 1934 574 1987 enim
620 1942 816 1982 nomen
849 1924 1188 1988 Ennnanuei,
1227 1932 1320 1976 aut
1353 1919 1550 1989 angeli,
1585 1924 1676 1971 aut
1716 1914 1853 1969 aite-

294 2027 408 2079 rius
443 2020 740 2089 cuiuspiam
780 2025 1042 2072 creatus-:e
1087 2015 1363 2068 inventum
1398 2019 1511 2065 est.
1557 2007 1651 2062 sed
1697 2004 1855 2059 Pater

291 2119 364 2172 ita
394 2113 605 2169 vocavit
635 2109 833 2164 Filium
867 2124 884 2163 ι
913 2107 1057 2177 qnod
1097 2104 1316 2174 quidem
1362 2109 1593 2156 testatur
1631 2105 1855 2152 sanctus

288 2205 557 2276 Propheta
601 2201 789 2257 dicens
828 2199 896 2254 de
941 2198 1077 2253 Filio
1114 2195 1256 2252 Dei:
1295 2212 1314 2244 ι
1345 2193 1411 2247 Ει
1447 2190 1716 2246 vocabunt
1758 2200 1856 2241 no·

291 2313 411 2352 men
441 2294 557 2364 eius
569 2306 789 2355 novum,
806 2290 949 2360 qnod
970 2288 1228 2343 Dominus
1247 2282 1543 2340 nominabit
1566 2277 1849 2350 ipsum⁸⁸n

291 2385 497 2440 Novum
536 2379 680 2434 enim
721 2391 909 2433 revera
954 2390 1148 2431 nomen
1198 2381 1284 2429 est
1325 2369 1485 2434 Filio,
1517 2366 1852 2430 Emmanuel,

288 2473 535 2528 boc-est:
575 2467 866 2524 Nobiscum
913 2465 1077 2521 Deus.
1123 2462 1260 2518 Nam
1295 2470 1420 2516 ante
1464 2460 1755 2529 adveutum
1799 2455 1853 2509 in

289 2560 551 2617 mnndum
582 2572 680 2629 per
707 2570 931 2614 caruem
955 2554 1100 2610 nude
1131 2567 1196 2608 ac
1223 2549 1543 2620 simpliciter
1567 2547 1710 2602 Deus
1734 2555 1853 2598 tan·

291 2662 402 2705 tum
432 2660 488 2705 et
514 2660 633 2704 erat
653 2656 708 2703 et
739 2647 1066 2702 vocabatur:
1092 2652 1373 2714 postquam
1398 2654 1527 2726 vero
1548 2654 1614 2695 ex
1637 2636 1857 2706 Virgine

287 2750 451 2796 natus
483 2746 585 2806 est,
632 2748 742 2792 tum
791 2752 897 2793 non
945 2734 1119 2793 solum
1170 2733 1332 2798 Deus,
1387 2725 1502 2795 se‘d,
1552 2728 1853 2791 nobiscum,

288 2833 392 2888 boc
423 2815 529 2896 est,
578 2832 895 2886 incarnatus
929 2827 1071 2883 Deus
1106 2825 1404 2897 appellatus
1446 2832 1550 2878 est.
1584 2820 1718 2876 Cum
1754 2820 1855 2890 igi·

290 2934 378 2978 tur
406 2923 565 2979 Pater
593 2921 794 2976 Filium
819 2936 976 2976 suum
1008 2920 1175 2975 Deum
1207 2925 1384 2982 vocet,
1417 2914 1742 2971 erubescant
1763 2912 1853 2981 qui

289 3014 538 3085 imperite
562 3022 725 3082 atque
756 3011 917 3083 impie
941 3018 1186 3067 creatum
1213 3022 1335 3065 esse
1367 3006 1571 3063 dicunt.
1603 3001 1736 3057 Nam
1761 3003 1853 3073 qui

288 3115 479 3160 natura
509 3105 652 3159 Deus
679 3112 786 3171 est,
818 3112 1068 3159 creatura
1097 3115 1221 3158 esse
1245 3099 1455 3169 nequit.

958 3209 1116 3267 Abte
1127 3209 1186 3264 D.

362 3329 652 3385 «Audistis
704 3327 829 3398 quia
891 3327 1095 3381 dictum
1145 3337 1230 3381 est
1287 3325 1480 3395 priscis
1529 3325 1695 3381 :Non
1754 3331 1854 3382 'oc-

287 3421 436 3476 cides
466 3438 479 3475 :
507 3421 818 3489 quicunqne
879 3427 1060 3472 autem
1121 3417 1424 3483 occiderit,
1469 3432 1595 3473 reus
1639 3419 1744 3472 erit
1767 3420 1856 3485 jn-

287 3510 450 3565 dicio.
483 3508 595 3579 Ego
630 3522 757 3563 vero
784 3508 906 3562 dico
941 3508 1114 3570 vobiS,
1141 3508 1283 3577 quod
1324 3506 1633 3577 quicunque
1661 3507 1855 3562 irasci·

288 3613 374 3654 tm·
406 3598 560 3653 fratri
610 3613 732 3663 suo,
768 3612 892 3652 reus
931 3598 1257 3664 eritiudicio
1279 3597 1346 3651 ⁸⁸.
1380 3615 1399 3649 ι
1453 3597 1531 3651 Ex
1565 3599 1647 3652 his
1677 3599 1854 3653 verbis

290 3689 554 3743 rationem
600 3689 904 3759 hujusmodi
941 3688 1132 3755 collige
1159 3704 1174 3754 ;
1201 3689 1567 3743 animadverte
1596 3704 1663 3742 an
1708 3699 1853 3746 recte

286 3781 466 3834 dicam
500 3779 678 3834 :Cum
731 3777 830 3832 soli
875 3778 984 3847 regi
1027 3777 1315 3832 conveniat
1360 3778 1506 3848 {eges
1544 3778 1709 3846 serre,
1759 3795 1853 3836 ne-

288 3872 417 3925 mini
459 3872 680 3925 omnino
719 3871 987 3939 permittit
1022 3871 1165 3926 Deus
1205 3872 1437 3942 adjicere
1461 3875 1752 3942 quidquam
1787 3876 1853 3930 iis

286 3975 406 4030 quae
433 3962 552 4030 ipse
581 3976 677 4031 per
711 3960 895 4017 Mosen
933 3963 1208 4032 praecepit.
1243 3965 1378 4020 Dicit
1405 3966 1574 4032 enim,
1605 3965 1749 4020 Nihil
1785 3968 1852 4020 iis

286 4050 519 4118 adjicere
551 4049 696 4111 licet,
727 4049 858 4103 nibil
882 4050 1044 4104 ctiam
1081 4050 1361 4104 detrahere
1382 4050 1447 4105 ⁸⁸.
1485 4053 1540 4105 Si
1572 4067 1698 4107 vero
1737 4052 1853 4105 Sai-

289 4150 441 4197 vator
464 4140 688 4196 abstulit
711 4141 911 4206 minus,
952 4151 1007 4195 et
1039 4141 1239 4210 adjecit
1270 4140 1440 4208 nnq‘us
1457 4151 1512 4195 ct
1538 4142 1847 4209 perfectiuS‚

285 4247 416 4303 ergo
445 4240 505 4286 ut
525 4233 668 4286 Deus
695 4240 751 4287 ει
777 4232 1038 4287 Dominus
1064 4232 1194 4303 legis
1223 4233 1325 4287 boc
1355 4232 1522 4299 facit3
1557 4244 1648 4288 aut
1675 4235 1719 4288 si
1750 4235 1851 4289 boc

286 4325 505 4379 omnino
535 4338 640 4378 non
667 4333 768 4392 est,
805 4332 952 4380 certe
978 4340 1083 4379 non
1118 4328 1224 4380 erit
1246 4326 1498 4381 immunis
1527 4342 1556 4381 a
1576 4337 1845 4396 peccato:

1965 511 2127 575 σώζει
2167 508 2258 561 τὸν
2298 510 2495 560 οἰκεῖον
2546 507 2674 559 λαὸν
2702 509 2729 559 ὁ
2764 506 2927 570 Υἱὸς,
2972 504 3071 559 καὶ
3107 502 3333 573 ἀφίησιν
3365 505 3557 576 ἀμαρ-

1962 602 2115 665 τίας,
2160 601 2235 663 ὡς
2265 599 2359 652 τοῦ
2392 598 2554 668 νόμου
2585 598 2785 670 Κύριος
2813 598 2906 653 καὶ
2937 597 3091 660 Θεὸς,
3135 595 3217 659 τίς
3249 598 3363 661 τοῖς
3395 600 3557 669 ποιή·

1969 710 2104 764 μασι
2137 691 2390 756 συντάξει
2428 690 2520 743 τὸν
2553 690 2683 742 εἴσω
2715 688 2983 760 βεῦηκότα
3013 688 3124 740 τῶν
3161 688 3261 757 τῆς
3294 687 3558 759 θεότητος

1963 784 2125 852 ὅρων,
2156 781 2249 834 καὶ
2276 779 2437 833 αὑτὸν
2465 779 2605 833 κατὰ
2638 777 2798 848 φύσιν
2824 778 2953 830 ὄντα
2983 777 3149 843 Θεόνς
3181 772 3352 848 Οἶμαι
3382 777 3443 831 δὲ
3473 779 3557 832 ὅτι

1965 873 2074 933 πᾶς
2131 872 2277 932 ὅστις
2311 866 2402 921 οὖν
2438 870 2553 938 ὲρεῖ
2585 868 2682 923 καὶ
2712 866 3036 937 συνθήσεται
3070 867 3216 937 μόνῳ
3252 871 3556 938 χρεωστεῖ.

1965 959 2086 1012 σθαι
2104 959 2224 1028 Θεῷ
2245 959 2303 1012 τὸ
2333 956 2793 1027 κεκτῆσθαιλαὸν,
2822 957 2897 1021 ὡς
2917 958 3163 1029 Δεσπότῃ
3192 958 3289 1012 καὶ
3317 957 3550 1028 βασιλεῖ.

2653 1070 2855 1125 ΑΛΛΟ.

2040 1202 2058 1235 ι
2092 1183 2266 1237 Τοῦτο
2291 1184 2348 1237 δὲ
2369 1182 2492 1238 ὅλον
2512 1183 2755 1251 γέγονεν,
2785 1183 2872 1236 ἴνα
2891 1181 3152 1255 πληρωθῇ
3180 1183 3243 1237 τὸ
3267 1183 3438 1255 ῥηθὲν
3464 1185 3553 1239 διὰ

1972 1276 2195 1329 Ἡσαΐου
2224 1274 2320 1328 τοῦ
2354 1276 2661 1347 προφήτου,
2707 1273 2990 1342 λέγοντος·
3045 1274 3178 1328 Ἰδοὺ
3203 1276 3237 1345 ή
3280 1275 3553 1347 παρθένος

1958 1368 2018 1421 ὲν
2063 1367 2262 1439 γαστρὶ
2289 1366 2430 1435 ἔξει,
2473 1367 2569 1420 καὶ
2608 1365 2821 1431 τέξεται
2854 1364 2991 1429 υἱὸν,
3037 1366 3131 1420 καὶ
3164 1366 3464 1420 καλέσουσι
3492 1367 3554 1419 τὸ

1958 1458 2129 1528 ὄνομα
2166 1456 2330 1511 αὐτοῦ
2368 1456 2739 1528 Ἐμμανουήλ,
2765 1458 2794 1510 ὃ
2827 1458 2946 1509 ἐστι
2977 1454 3548 1528 μεθερμηνευόμενον,

1958 1549 2097 1603 Μεθ’
2118 1548 2337 1619 ήμῶν-ὀ
2357 1550 2521 1615 Θεός.
2537 1566 2555 1599 ι
2581 1549 2645 1601 Εἰ
2679 1548 2755 1619 μὴ
2781 1548 2914 1612 Θεὸς
2945 1548 3084 1601 κατὰ
3110 1547 3276 1617 φύσιν
3302 1548 3551 1621 ὑπῆρχεν

1956 1643 1985 1695 ὀ
2017 1640 2163 1706 Υἱὸς,
2194 1640 2296 1695 οὐκ
2342 1638 2409 1693 ἂν
2440 1638 2647 1710 ἐκλήθη
2688 1637 2824 1693 Μεθ’
2843 1638 3001 1709 ήμῶν
3034 1640 3064 1692 ὁ
3089 1637 3260 1705 Θεὸς,
3298 1638 3330 1692 ὃ
3357 1638 3425 1711 δή
3454 1642 3552 1694 καὶ

1956 1732 2180 1801 γέγονεν
2223 1730 2313 1784 ὅτε
2351 1730 2437 1783 διὰ
2475 1715 2731 1798 γυναικὸς
2768 1729 3031 1801 ἐγεννήθη
3076 1729 3178 1801 τὴν
3226 1730 3370 1801 πρὸς
3400 1732 3551 1803 ημᾶς

1955 1816 2211 1887 ὁμοίωσιν
2240 1815 2545 1871 ἀναλαδὼν.
2576 1818 2690 1893 Οὐιι
2720 1816 2950 1886 ἀγγέλου
2988 1815 3045 1869 δὲ
3070 1815 3232 1883 ὅλως,
3275 1815 3396 1871 ἀλλ’
3426 1816 3549 1869 οὐδὲ

1955 1904 2141 1975 ἐτέρου
2186 1901 2331 1968 τινὸς
2370 1904 2591 1975 εὕρημα
2633 1905 2741 1956 τῶν
2782 1905 3027 1975 γενητῶν
3053 1902 3118 1957 τὸ
3166 1903 3538 1976 Ἐμμανουήλ,

1955 1995 2071 2047 ἀλλ’
2092 1998 2120 2047 ὀ
2158 1994 2347 2067 Πατὴρ
2372 1994 2545 2060 οὕτως
2586 1994 2837 2066 ὠνόμασε
2865 1995 2956 2049 τὸν
3000 1994 3151 2060 Υἱὸν,
3194 1996 3288 2049 καὶ
3321 2012 3531 2067 μαρτυ-

1957 2086 2113 2157 ρήσει
2141 2084 2317 2154 λέγων
2356 2088 2385 2139 ὁ
2416 2085 2571 2154 ἅγιος
2608 2087 2895 2159 προφήτης
2928 2086 3056 2158 περὶ
3099 2084 3193 2141 τοῦ
3226 2086 3363 2145 θείου
3403 2102 3526 2155 γιν·

1956 2176 2222 2245 νήματος·
2256 2194 2275 2227 ι
2302 2173 2413 2230 Καὶ
2444 2175 2731 2231 καλέσουσι
2756 2176 2817 2231 τὸ
2842 2177 3014 2248 ὄνομα
3039 2175 3203 2231 αὐτοῦ
3231 2175 3293 2231 τὸ
3314 2176 3521 2241 καινὸν,

1954 2266 1984 2319 ὃ
2035 2266 2243 2339 Κύριος
2270 2267 2529 2337 ὀνομάσει
2561 2268 2712 2324 αὐτό.
2738 2286 2758 2321 ι
2796 2269 2998 2322 Καινὸν
3034 2269 3145 2341 γὰρ
3165 2265 3329 2332 ὅντως
3357 2266 3535 2338 θνομα

1955 2359 2033 2429 τῷ
2062 2357 2177 2441 ruf>
2199 2358 2261 2412 τὸ
2286 2356 2654 2430 Ἐμμανουήλ,
2675 2361 2943 2425 τουτέστι,
2973 2361 3114 2416 Μεθ’
3142 2359 3303 2434 ἡμῶν
3323 2361 3354 2414 ὸ
3379 2358 3537 2423 Θεὸς.

1956 2452 2069 2523 Πρὸ
2104 2452 2203 2522 μὲν
2234 2449 2342 2524 γὰρ
2370 2452 2469 2522 τῆς
2501 2452 2638 2522 μετὰ
2682 2453 2883 2521 σαρκὸς
2902 2454 2959 2506 ὲν
2999 2453 3075 2525 τῷ
3103 2453 3296 2524 κόσμῳ
3337 2467 3541 2523 παρου·

1957 2546 2097 2608 σίας,
2120 2544 2254 2598 αὐτὸ
2279 2541 2345 2616 δὴ
2371 2543 2529 2598 τοῦτο
2560 2545 2784 2616 γυμνῶς
2804 2539 2872 2617 ἦν
2896 2561 2954 2599 τε
2982 2545 3076 2601 καὶ
3103 2544 3357 2599 ἐκαλεῖτο
3378 2542 3537 2609 026<-

1960 2635 2100 2707 μετὰ
2117 2634 2286 2707 δὲτὴν
2303 2636 2368 2688 ὲκ
2390 2634 2668 2709 Παρθένου
2690 2635 2960 2707 γ’έννησιν,
2985 2634 3171 2690 οὐκέτι
3200 2634 3366 2707 μόνον
3386 2634 3539 2702 Θεὸς,

1956 2727 2092 2782 ἀλλὰ
2139 2724 2258 2798 μεθ’
2301 2725 2477 2797 ήμῶν,
2547 2726 2843 2791 τουτέστιν,
2899 2725 3338 2798 ὲνανθρωπήσας
3388 2724 3538 2790 Θεός.

1956 2818 2090 2872 Θεὸν
2136 2817 2429 2890 τοιγαροῦν
2479 2817 2833 2889 ὀνομάζοντος
2878 2818 2974 2871 τοῦ
3018 2818 3236 2891 Πατρὸς
3278 2814 3377 2872 τὸν
3417 2816 3542 2873 ἴδιον

1957 2909 2105 2975 Υίὸν,
2151 2907 2563 2981 ὲρυθριάτωσαν
2609 2910 2659 2961 οἱ
2707 2909 3036 2982 πεποιῆσθαι
3076 2909 3339 2981 λέγοντες
3382 2909 3540 2966 αὐτὸν

1956 2998 2229 3065 δυσσεὸῶς
2255 3015 2317 3054 τε
2350 2998 2444 3052 καὶ
2489 2998 2737 3070 ἀμαθῶς.
2778 3002 2836 3054 '0
2868 3002 2978 3075 γὰρ
3021 3000 3182 3074 φύσει
3230 3002 3406 3070 Θεὸς.
3445 3002 3539 3059 οὐκ

1880 3108 1926 3167 c
1958 3090 2073 3144 ἔστι
2104 3091 2336 3162 ποίημα.

2643 3210 2845 3263 ΑΛΑΟ.

2034 3335 2053 3367 ι
2094 3319 2389 3374 Ἠκούσατε
2416 3322 2497 3375 ὅτι
2530 3322 2729 3394 ἐρρέθη
2765 3325 2873 3385 τοῖς
2927 3322 3194 3392 ἀρχαίοις,
3230 3323 3315 3376 ὅτι
3344 3323 3426 3380 Οὔ
3453 3336 3544 3397 φ

1959 3408 2203 3472 νεύσεις·
2243 3412 2302 3475 ὃς
2334 3411 2379 3464 δ’
2407 3413 2470 3465 iv
2521 3412 2791 3480 φονεύσει,
2824 3413 3007 3484 ἔνοχος
3044 3413 3197 3467 ἔσται
3235 3417 3306 3487 τῇ
3342 3415 3536 3489 xpin-

1973 3499 2183 3569 Ἐγὼδὲ
2216 3500 2357 3570 λέγω
2382 3503 2529 3567 ὑμῖν,
2547 3504 2628 3554 ὅτι
2657 3504 2765 3565 πᾶς
2783 3503 2812 3555 ὁ
2838 3503 3190 3574 ὀργιζόμενος
3214 3504 3308 3577 τῇ
3325 3502 3538 3578 Q

1959 3591 2146 3657 αὐτοῦ,
2197 3592 2376 3662 ἔνοχος
2428 3593 2579 3646 ἔσται
2619 3597 2683 3664 τῇ
2736 3596 2933 3665 κρίσει.
2964 3615 2981 3645 ι
3025 3598 3195 3666 Δέχου
3241 3603 3337 3668 μοι
3386 3599 3536 3655 πάλιν

1959 3682 2145 3736 ἐνθάδε
2185 3683 2384 3736 τοιόνδε
2425 3683 2546 3736 τινὰ
2583 3683 2859 3754 λογισμὸν,
2898 3686 2991 3737 καὶ
3034 3686 3330 3760 περιάθρει
3361 3686 3525 3761 σαφῶς

1959 3774 2008 3826 εἰ
2050 3775 2124 3845 μή
2158 3792 2241 3828 σοι
2278 3775 2553 3845 φανοῦμαι
2592 3776 2763 3844 λέγων
2792 3775 2994 3846 ὀρθῶς·
3044 3774 3268 3852 Ἐπειδὴ
3296 3781 3448 3850 μόνῳ
3477 3776 3529 3832 τὸ

1959 3865 2269 3932 νομοθετεῖν
2307 3867 2517 3936 βασιλεῖ
2544 3868 3008 3938 πρεπωδέστατον,
3032 3869 3214 3924 οὐδενὶ
3237 3868 3344 3923 τῶν
3364 3869 3532 3922 ὄντων

1958 3956 2142 4028 ἐφίησι
2182 3958 2315 4021 Θεὸς
2359 3960 2669 4030 προσθεῖναί
2697 3977 2748 4012 τι
2778 3962 2887 4022 τοῖς
2918 3963 3047 4029 παρ’
3080 3957 3359 4015 αύτοῦδιὰ
3391 3958 3521 4014 uw-

1960 4048 2094 4107 σέως
2124 4050 2545 4119 τετυπωμένοις.
2568 4053 2732 4119 Λέγει
2760 4052 2867 4122 γάρ
2890 4069 2902 4081 ·
2937 4052 3051 4104 Ἐπ’
3071 4053 3260 4114 αὐτοῖς
3289 4050 3389 4106 οὐκ
3415 4049 3525 4104 ἔστι

1958 4138 2294 4208 προσθεῖναι,
2335 4142 2428 4194 καὶ
2461 4143 2555 4194 ἀπ’
2581 4143 2760 4195 αὐτῶν
2800 4143 2897 4195 οὐκ
2926 4143 3071 4196 ἔστιν
3101 4142 3347 4212 ἀφελεῖν.
3377 4142 3442 4196 Εἰ
3477 4140 3530 4195 ak

1957 4231 2145 4298 ἀφεῖλε
2193 4232 2253 4284 τὸ
2289 4231 2508 4286 ἔλαττον
2535 4236 2563 4286 ὁ
2596 4235 2805 4304 Σωτὴρ,
2846 4235 3147 4307 προσέθηκε
3173 4235 3234 4288 δὲ
3260 4235 3324 4288 τὸ
3355 4234 3529 4307 μεῖζον

1957 4322 2052 4375 καὶ
2083 4322 2427 4394 τελεώτερον,
2456 4325 2531 4387 ὡς
2563 4325 2693 4389 Θεὸς
2725 4328 2834 4399 ἄρα
2872 4329 2964 4380 καὶ
2990 4326 3083 4380 τοῦ
3120 4327 3293 4398 νόμου
3332 4327 3530 4398 Κύριος

284 4416 486 4487 quippe
534 4414 628 4486 qui
656 4424 984 4486 praeceptum
1022 4417 1112 4471 Dei
1159 4417 1453 4488 infregerit.
1488 4418 1647 4486 Atqui
1687 4419 1852 4473 veris-
1882 4455 1926 4510 Β
1956 4412 2111 4465 τοῦτο
2142 4413 2452 4484 ἐργάζεται,
2492 4415 2525 4484 ἢ
2560 4417 2795 4481 πάντως,
2835 4418 2885 4469 εἰ
2928 4417 3002 4488 μὴ
3033 4416 3193 4470 τοῦτό
3222 4419 3399 4483 ἐστιν.
3438 4417 3532 4472 οὒκ

287 4509 484 4562 simum
516 4514 601 4561 cst
630 4509 773 4577 qnod
809 4508 874 4562 de
905 4505 1022 4576 ipso
1063 4509 1340 4572 scribitur,
1377 4528 1395 4560 ι
1424 4508 1688 4576 Quoniam
1725 4525 1846 4579 pcc·

284 4607 466 4653 catum
515 4613 621 4652 nou
673 4597 802 4653 fecit
826 4598 894 4653 ⁸⁸.
928 4617 948 4652 ι
983 4599 1123 4669 Ergo
1163 4611 1220 4654 ut
1259 4600 1398 4656 Deus
1438 4601 1587 4671 prius
1629 4601 1843 4672 quidem

285 4696 608 4756 preceptum
660 4691 957 4760 abrogavit,
1013 4699 1067 4744 et
1110 4705 1206 4759 pro
1251 4706 1347 4745 suo
1377 4690 1500 4758 jure
1550 4694 1843 4747 secundum

285 4779 499 4833 indixit.
549 4775 661 4832 liuc
709 4781 851 4833 enim
888 4781 1195 4850 significare
1230 4783 1437 4835 tidetnr
1485 4781 1634 4846 iliud,
1679 4800 1697 4833 ι
1735 4782 1845 4849 Ego

283 4879 460 4924 autem
501 4870 620 4924 dico
667 4870 839 4925 vobis·
876 4890 897 4921 ι
937 4872 1217 4937 Quomodo
1247 4870 1411 4942 304
1442 4872 1604 4941 igitur
1656 4873 1726 4926 sit
1767 4871 1843 4925 sa-

284 4972 403 5014 ctus
443 4969 536 5013 aut
561 4971 778 5014 creatus
810 4962 900 5028 qui
945 4964 1089 5031 leges
1138 4965 1316 5019 sancit
1354 4973 1409 5016 ut
1451 4973 1635 5015 natura
1670 4962 1841 5027 ὓειιε,

283 5061 443 5121 atquc
475 5050 674 5105 idcirco
706 5065 894 5105 recens
921 5068 1041 5106 csse
1076 5054 1289 5123 nequit?

944 5245 1171 5302 Amul).

355 5372 373 5405 ι
413 5356 468 5408 Si
500 5357 643 5410 enim
669 5357 955 5412 dimittatis
984 5357 1291 5415 bominibus
1312 5371 1530 5429 peccata
1569 5363 1833 5431 ipsorum,

280 5445 512 5499 dimittet
543 5447 704 5501 etiam
741 5449 888 5503 vobis
926 5447 1084 5504 Pater
1124 5460 1298 5506 vester
1329 5452 1586 5508 coelestis.
1634 5453 1689 5507 Si
1741 5470 1839 5506 au·

1955 4503 2021 4557 ἂν
2054 4505 2137 4575 εἴη
2186 4507 2529 4577 παρανομίας
2553 4507 2857 4580 ἐλεύθερος,
2893 4508 3211 4580 παραλύσας
3236 4509 3342 4581 τὴν
3386 4513 3530 4564 bno·

1953 4597 2070 4669 λήν.
2109 4598 2246 4650 Ἀλλ’
2271 4600 2416 4652 ἐστιν
2441 4601 2637 4668 ἀληθὲς
2659 4602 2718 4654 τὸ
2747 4601 3148 4674 γεγραμμένον,
3171 4603 3332 4656 ι’ὓτι
3358 4605 3535 4675 ἅμαρ-

1951 4689 2070 4741 τίαν
2114 4690 2212 4742 οὐκ
2248 4690 2557 4762 ἐποίησεν.»
2598 4694 2685 4755 Ὠς
2713 4693 2843 4756 Θεὸς
2884 4695 2989 4762 ἄρα
3025 4693 3121 4764 τὴν
3162 4695 3264 4764 μὲν
3309 4695 3534 4766 πρώτην

1952 4780 2330 4834 ἁπεσκεύασεν
2374 4784 2613 4853 ἐντολὴν,
2661 4787 3003 4856 ἀντεισφέρει
3045 4786 3102 4839 δὲ
3131 4786 3234 4857 τὴν
3266 4786 3533 4860 δευτέραν

1950 4871 2384 4937 ὲξουσιαστικῶς.
2415 4875 2582 4929 Τοῦτο
2604 4877 2712 4949 γὰρ
2745 4878 3030 4948 σημαίνειν
3053 4879 3195 4932 ἔοικε
3223 4880 3307 4945 τὸ,
3345 4899 3369 4932 ι
3391 4880 3534 4949 Ἐγὼ

1950 4961 2005 5013 δὲ
2043 4962 2183 5028 λέγω
2212 4963 2357 5032 ὑμῖν.
2387 4981 2404 5012 ι
2442 4964 2563 5026 Πῶς
2591 4962 2681 5018 οὖν
2712 4967 2861 5019 ἔσται
2905 4967 3125 5035 γενητὸς
3158 4968 3191 5037 ῆ
3227 4971 3476 5033 κτιστὸς,
3506 4972 3535 5023 ὁ
3622 5012 3642 5019 -

1950 5052 2253 5120 νομοθετῶν
2294 5054 2367 5115 ὡς
2400 5053 2556 5122 φύσει
2596 5056 2755 5119 Θεὸς,
2787 5057 2873 5109 διὰ
2913 5074 2970 5108 τε
3000 5058 3156 5110 τοῦτο
3212 5062 3534 5130 πρόσφατος

1948 5140 2083 5194 εἶναι
2120 5144 2193 5212 μὴ
2219 5143 2544 5214 δυνάμενος;

2022 5383 2039 5412 ι
2080 5365 2205 5418 Ἐὰν
2243 5366 2349 5437 γὰρ
2399 5367 2572 5436 ἀφῆτε
2606 5372 2718 5432 τοῖς
2765 5369 3071 5440 ἀνθρώποις
3116 5373 3186 5425 τὰ
3219 5374 3534 5446 παραπτώ-

1946 5474 2092 5528 ματα
2132 5458 2328 5521 αὐτῶν,
2373 5459 2572 5528 ἀφήσει
2606 5464 2699 5514 καὶ
2740 5462 2868 5531 ὑμῖν
2905 5465 2934 5516 ὁ
2965 5464 3152 5534 Πατὴρ
3184 5465 3347 5534 ὑμῶν
3374 5471 3407 5524 ὀ
3435 5469 3530 5523 οὑ-

350 5602 389 5631 '¹
426 5600 610 5658 stanti.
653 5620 691 5664 ι.
719 5607 901 5664 Ξο31.
980 5611 1023 5642 ”
1058 5611 1160 5663 isa.
1194 5627 1288 5676 νιι,
1354 5612 1439 5666 Η.
1517 5614 1564 5645 ⁸⁸
1597 5616 1694 5670 isa.
1727 5632 1856 5682 un,
1881 5617 1936 5670 2.
2015 5619 2056 5648 ³⁸
2084 5613 2266 5667 Δῑῑιιιιιι.
2300 5632 2351 5676 v,
2378 5616 2464 5675 ⁶21.
2495 5615 2583 5668 22.
2662 5620 2705 5650 ³⁵
2745 5622 2893 5678 nent.
2934 5638 3029 5688 xn,
3061 5625 3150 5678 52.
3232 5625 3278 5657 ’⁸
3312 5626 3329 5680 Ι
3367 5627 3524 5687 Pctr.

279 5688 340 5736 ιι,
371 5670 457 5725 22.
