3809 6125
173 347 309 404 1457

1340 367 1430 423 nt:
1467 366 1979 428 thARNA'rtONE
2017 369 2275 430 nomm.

3299 369 3437 426 itm

167 466 375 539 ‘'vsvs‘’
412 489 433 524 ‘
461 473 565 529 Τὸν
600 475 662 531 δὲ
701 476 877 551 βραχύ
924 497 977 535 τί
1022 482 1154 555 παρ’
1191 484 1462 556 ἀγγέλους
1505 490 1750 561 ὴλαττω-
1776 496 1830 555 Α
1858 493 1980 551 dico
2023 509 2186 567 quam
2229 493 2408 567 angeli
2450 493 2757 550 minoratus
2798 502 2913 557 est,
2942 490 3188 547 videmus
3224 489 3434 552 lesum,

170 560 333 633 μένον
372 562 642 638 βλέπομεν
677 569 908 654 Ἰησοῦν,
951 571 1040 629 διά
1076 575 1137 629 τὸ
1179 576 1413 651 πάθημα
1453 578 1551 635 τοῦ
1584 580 1750 636 θανά-

163 668 299 755 του..
336 654 466 731 δόξῃ
503 659 601 714 καὶ
648 663 781 735 τιμῇ
832 664 1308 739 ἐστεφανωμένον,
1368 670 1515 737 ὅπως
1566 673 1751 744 χάριτι

161 741 300 798 Θεου
331 745 473 819 ὑπὲρ
499 750 702 817 παντὸς
727 752 994 828 γεύσηται
1023 757 1278 817 θανάτου.
1304 780 1323 811 ι
1358 760 1531 817 Τοῦτο
1558 763 1616 817 δὲ
1652 764 1752 836 μά-

127 899 129 902 .
163 831 324 889 λιστα
375 838 565 908 σαφῶς
603 842 841 901 δείκνυσι
869 847 966 903 τοῦ
1007 840 1412 922 ἀναληφθέντος
1457 854 1748 927 ἀνθρώπου

160 925 223 982 τὸ
254 927 492 987 τέλειον·
518 935 615 989 καὶ
643 937 751 1011 γάρ
804 957 971 1013 φησι·
1008 961 1028 995 ι
1057 942 1124 997 Τί
1150 945 1300 999 ἐστιν
1327 945 1635 1018 ἄνθρωπος,
1665 949 1747 1004 ὅτι

166 1022 452 1098 μιμνήσκῃ
507 1028 708 1099 abt-oth
745 1050 765 1085 ι
804 1033 945 1089 ἀλλά
988 1036 1042 1090 τί
1085 1037 1236 1094 ἐστιν
1282 1038 1604 1112 ἄνθρωπος,
1650 1040 1746 1096 καὶ

162 1116 516 1190 uacuis-epos
545 1121 645 1196 τὴν
682 1124 847 1195 φύσιν
880 1128 1221 1203 περιλαδών·
1254 1132 1351 1188 καὶ
1396 1132 1603 1206 Κύριον
1647 1134 1747 1206 μὲν

162 1212 644 1283 προσαγορεύσας,
691 1217 784 1273 τὸν
836 1222 1194 1293 ενοικήσαντα
1238 1223 1372 1279 Θεὸν
1413 1226 1608 1295 Λόγον,
1654 1226 1746 1281 τὸν

157 1300 260 1371 τῆς
294 1302 503 1369 οἰκείας
541 1308 749 1375 εἰκόνος
796 1304 1148 1383 μνησθέντα,
1169 1314 1264 1369 τὸν
1291 1316 1519 1387 ἀρρήτῳ
1557 1316 1748 1388 φιλαν-

161 1394 399 1469 θρωπίᾳ,
435 1399 788 1472 χρησάμενον
815 1419 829 1432 ·
885 1402 1177 1477 ἄνθρωπον
1231 1407 1290 1461 δὲ
1331 1406 1423 1462 τὸν
1467 1407 1526 1476 ἐξ
1585 1408 1746 1481 ήμῶν

159 1487 714 1561 ἀναληφθέντα-ναὸν,
743 1493 805 1549 ὃν
833 1498 902 1567 τῇ
937 1496 1213 1572 παρουσία
1240 1498 1611 1569 ἐπεσκέψατο,
1645 1500 1745 1555 καὶ

158 1580 338 1651 ἑαυτῷ
367 1582 595 1655 συνῆψε,
625 1586 720 1641 καὶ
748 1589 822 1671 τῇ.
849 1585 1041 1642 ὲνώσει
1080 1588 1181 1659 τὴν
1224 1590 1500 1661 σωτηρίαν
1554 1591 1746 1662 είργά-

159 1685 292 1726 σατο
310 1688 326 1704 ·
353 1673 449 1727 καὶ
479 1672 638 1728 τοῦτο
687 1674 1008 1749 ἑρμηνεύων
1037 1676 1142 1750 ἔφη
1161 1693 1178 1711 ·
1209 1695 1231 1730 ι
1259 1679 1365 1735 Τὸν
1380 1679 1439 1734 δὲ
1474 1680 1651 1753 βραχύ
1690 1699 1742 1737 τι

158 1762 290 1833 παρ’
310 1761 576 1831 ἀγγέλους
603 1762 989 1837 ἠλαττωμένον
1017 1766 1292 1840 βλέπομεν
1325 1769 1535 1841 Ἰησοῦν
1563 1771 1654 1825 διὰ
1676 1771 1741 1827 τὸ

1854 595 2079 657 propter
2105 587 2409 657 passionem
2440 586 2655 651 mortis,
2685 584 2855 655 gloria
2888 592 2942 641 et
2972 584 3177 641 honore
3206 597 3437 639 conona-

1853 687 2000 743 tum,
2044 686 2105 733 ut
2148 676 2320 751 gratia
2369 675 2498 745 Dei,
2540 691 2639 749 pro
2679 675 2933 733 omuibus
2976 682 3206 729 mortem
3252 680 3437 743 gusta·

1850 777 1936 825 ret
1960 770 2029 825 ⁸¹.
2068 788 2088 821 ›
2119 770 2235 826 Hoc
2264 777 2445 825 autem
2476 767 2925 825 manifestissime
2955 765 3222 834 assumpti
3256 760 3434 819 homi·

1848 858 1937 915 nis
1967 859 2357 929 perfectionem
2389 859 2750 916 demonstrat.
2780 857 2870 913 Ait
2897 856 3041 913 enim
3073 874 3089 910 z
3126 872 3146 907 ι
3183 852 3322 922 Quid
3350 864 3435 909 est

1849 952 2032 1019 homo,
2068 951 2210 1023 quod
2247 966 2453 1008 mentor
2482 966 2543 1008 es
2578 950 2733 1021 ejus?
2770 967 2790 1003 ι
2831 947 2939 1005 Sed
2974 946 3102 1019 quid
3143 952 3228 1002 est
3266 946 3434 1001 homo

1812 1044 1975 1099 'dum
2016 1046 2111 1111 ait,
2151 1044 2461 1099 universam
2501 1043 2661 1099 simul
2697 1050 2951 1097 naturam
2993 1025 3428 1110 comprehendit.

1845 1134 1913 1191 Et
1950 1134 2079 1191 dum
2119 1135 2405 1190 Dominum
2447 1132 2702 1205 appellat,
2740 1130 2909 1189 Deum
2937 1128 3176 1187 Verbum
3217 1126 3435 1185 inhabi-

1846 1237 1969 1282 tans
1999 1226 2149 1294 dicit,
2174 1227 2318 1297 quod
2350 1241 2462 1282 suae
2493 1212 2748 1294 imaginis
2777 1236 2986 1278 memor
3012 1220 3138 1286 l'uit,
3166 1218 3314 1291 quod
3348 1218 3433 1273 in.-

1843 1316 2111 1374 effabiiem
2134 1317 2477 1374 clementiam
2498 1317 2852 1388 exprompsit.
2877 1312 3163 1370 Hominem
3188 1310 3428 1381 denique

1844 1412 1920 1467 ait
1969 1409 2099 1465 illud
2124 1410 2267 1481 quod
2291 1409 2360 1465 de
2386 1409 2543 1465 nobis
2569 1417 2843 1476 sumptum
2869 1414 2953 1462 est
2981 1403 3259 1476 templum,
3283 1402 3428 1471 quoti

1845 1500 2133 1571 praesentia
2160 1514 2259 1557 sua
2281 1498 2549 1566 visitavit,
2576 1498 2794 1570 sibique
2816 1495 3112 1568 copulavit,
3133 1507 3309 1564 eaque
3334 1493 3430 1547 ad-

1843 1592 2102 1648 unatione
2125 1590 2353 1647 salutem
2379 1591 2608 1664 peregit.
2629 1588 2760 1658 Quae
2783 1589 2900 1661 ipse
2924 1587 3293 1658 interpretans
3313 1583 3427 1640 ait:

1846 1702 1875 1766 ιἸ
1912 1682 2047 1740 Eum
2086 1693 2267 1741 autem
2304 1683 2399 1756 qui
2439 1683 2657 1740 modico
2697 1697 2861 1753 quam
2904 1679 3082 1751 angeli
3124 1677 3426 1733 minoratus

1841 1784 1950 1844 est,
1988 1774 2237 1832 videmus
2275 1774 2493 1845 lesum,
2532 1782 2753 1848 propter
2787 1772 2985 1830 mortis
3019 1770 3353 1844 passionem.
3401 1785 3422 1822 ι

158 1852 390 1925 πάθημα
425 1854 522 1910 τοῦ
555 1855 809 1913 Θανάτου.
834 1877 854 1910 ι
903 1859 1170 1915 ’Δπέθανε
1199 1861 1258 1915 δὲ
1289 1863 1388 1934 οὐχ
1416 1865 1445 1917 ό
1472 1863 1742 1930 ἀθάνατος
1773 1842 1814 1897 Β
1843 1866 2088 1923 Mortuus
2109 1875 2194 1924 est
2219 1868 2401 1939 itaque
2424 1882 2533 1923 nou
2563 1864 2886 1923 immortalis
2915 1864 3078 1931 Deus,
3104 1861 3201 1918 sed
3229 1867 3427 1916 natura

157 1942 288 2009 Θεὸς
316 1945 660 2015 Λόγος,μάλλ’
693 1950 726 2020 ή
761 1949 932 2024 θνητή
967 1950 1148 2021 φύσις.
1183 1952 1276 2007 Διὸ
1309 1956 1407 2008 καὶ
1441 1954 1744 2026 ἠλαττοῦτο

157 2032 330 2105 βραχύ
365 2051 420 2089 τι
481 2040 614 2110 παρ’
641 2036 911 2107 ἀγγέλους
927 2076 948 2118 ,Q
985 2038 1066 2111 τῷ
1105 2041 1233 2105 τοὺς
1298 2041 1397 2113 μὲν
1437 2042 1742 2109 ἀθανάτους

154 2122 319 2191 εἶναι,
348 2126 448 2201 τήν
486 2128 544 2183 st
575 2128 799 2203 θνητήν.
838 2132 900 2187 ’0
926 2131 985 2186 δὲ
1004 2131 1140 2197 Θεὸς
1169 2133 1343 2203 Λόγος
1364 2134 1464 2188 οὐκ
1500 2136 1740 2191 ἐλάττων

155 2216 424 2289 ἀγγέλων,
464 2220 600 2277 ἀλλά
627 2224 895 2295 δεσπότης
926 2224 1178 2295 ἀγγέλων
1197 2242 1213 2259 ·
1252 2246 1273 2280 ι
1311 2228 1402 2281 Ἐν
1431 2226 1583 2298 αὐτῷ
1629 2226 1742 2300 γάρ

155 2312 380 2385 ἐκτίσθη
419 2314 490 2369 τά
527 2314 886 2396 πάντα,ιείτε
931 2317 1138 2386 ὁρατά,
1185 2317 1296 2373 εἴτε
1340 2318 1588 2392 ἀόρατα,
1628 2318 1740 2374 εἴτε

153 2402 366 2475 Θρόνοι,
397 2406 509 2460 εἴτε
540 2407 895 2480 Κυριότητες,
918 2410 1028 2464 εἴτε
1057 2411 1268 2481 ’Δρχαὶ,
1296 2409 1406 2465 εἴτε
1444 2410 1738 2479 Ἐξουσίαι,

156 2494 268 2550 είτε
295 2497 572 2567 Ἄγγελοι,
593 2498 704 2554 εἴτε
727 2499 1026 2574 Δυνάμεις·
1057 2503 1236 2559 πάντα
1261 2503 1318 2558 δὲ
1339 2504 1408 2559 δι’
1433 2504 1623 2571 αὑτοῦ,
1646 2506 1740 2561 καὶ

154 2590 236 2654 είς
266 2588 431 2644 αὐτὸν
461 2589 725 2646 ἔκτισται.
759 2611 780 2645 ι
831 2593 943 2649 Καὶ
984 2594 1126 2666 μετά
1155 2595 1326 2651 πολλὰ
1367 2597 1532 2652 πάλιν
1552 2614 1566 2631 ·
1597 2602 1616 2652 l
1643 2600 1740 2665 Ὃς

153 2682 215 2737 δν
235 2685 359 2748 ταῖς
385 2683 642 2757 ἡμέραις,
669 2686 825 2756 φησὶ,
852 2687 954 2759 τῆς
986 2687 1190 2760 σαρκὸς
1219 2690 1383 2745 αὐτοῦ
1407 2692 1620 2763 δεήσεις
1644 2693 1742 2748 καὶ

156 2775 441 2847 ἱκετηρίας
469 2777 607 2850 πρὸς
645 2778 737 2833 τὸν
780 2777 1077 2851 δυνάμενον
1100 2781 1262 2837 αὑτὸν
1286 2783 1350 2837 ἐκ
1379 2782 1612 2837 θανάτου
1646 2784 1742 2856 ρύ-

157 2868 355 2923 σασθαι
403 2870 542 2940 μετὰ
592 2873 842 2945 κραυγῆς
881 2874 1108 2947 ἰσχυρᾶς
1151 2876 1245 2931 καὶ
1272 2875 1527 2949 δακρύων
1568 2894 1741 2952 προσ·

154 2959 425 3029 ενεγκὼν,
471 2962 567 3016 καὶ
628 2965 1006 3031 εἰσακουσθεὶς
1058 2968 1168 3023 άπὸ
1216 2969 1316 3041 τῆς
1362 2969 1672 3037 εύλαδείας.
1711 2989 1731 3025 ι

154 3052 376 3122 Καίπερ
403 3050 481 3105 ὢν
512 3053 661 3121 Υἱὸς,
698 3054 904 3127 ἔμαθεν
934 3057 994 3123 te
1041 3051 1118 3112 ὧν
1141 3058 1309 3114 ἔπαθε
1339 3060 1440 3132 τήν
1471 3065 1737 3138 ὑπακοὴν,

1828 1956 2115 2013 mortalis.
2159 1957 2282 2013 ldeo
2323 1966 2379 2014 et
2422 1957 2636 2013 modico
2678 1955 2818 2011 inira
2862 1954 3085 2025 angelos
3124 1950 3428 2007 minoratus

1840 2054 1949 2111 est,
1974 2046 2100 2115 quia
2126 2047 2181 2103 iti
2207 2056 2336 2104 sunt
2365 2044 2725 2112 immortales,
2750 2043 2843 2100 illa
2868 2057 3028 2100 secus
3057 2050 3255 2097 natura
3281 2052 3429 2095 mor·

1842 2137 1971 2194 talis
1994 2147 2098 2195 est.
2125 2136 2297 2195 Porro
2324 2137 2467 2195 Deus
2490 2137 2727 2195 Verbum
2753 2151 2859 2193 non
2887 2143 2972 2192 est
2999 2133 3141 2189 infra
3168 2130 3426 2214 angelos,

1840 2229 1937 2285 sed
1966 2228 2281 2297 angelorum
2308 2227 2527 2303 gaam
2557 2227 2838 2283 Dominus.
2882 2244 2902 2278 ι
2932 2222 3199 2292 Quoniam
3224 2222 3278 2277 in
3310 2221 3429 2290 ipso

1842 2322 2063 2377 condita
2097 2330 2224 2377 sunt
2254 2320 2543 2385 universa,
2579 2319 2695 2376 sive
2728 2317 2995 2385 visibilia,
3033 2316 3148 2373 sive
3181 2312 3431 2369 invisibi-

1842 2412 1937 2480 lia,
1968 2412 2086 2469 sive
2113 2410 2343 2480 Throui,
2374 2410 2492 2469 sive
2526 2409 2961 2476 nominationes,
2995 2408 3110 2464 sive
3143 2404 3428 2477 Principa-

1842 2513 1962 2572 tus,
1986 2502 2102 2560 sive
2127 2502 2463 2569 Potestates,
2487 2502 2604 2559 sive
2625 2500 2816 2571 Angeli
2834 2540 2852 2567 ,
2878 2499 2994 2556 sive
3008 2495 3283 2564 Virtutes3
3308 2499 3428 2551 om-

1842 2596 1935 2652 nia
1962 2604 2143 2652 autem
2174 2608 2271 2667 per
2296 2594 2496 2667 ipsum,
2521 2601 2578 2650 et
2604 2593 2660 2650 in
2693 2591 2815 2664 ipso
2844 2598 3030 2662 creata
3059 2596 3188 2645 sunt
3208 2587 3275 2642 ⁸⁸.
3312 2604 3332 2640 ι
3361 2584 3429 2640 Et

1840 2688 1969 2745 aiibi
2012 2687 2191 2744 denuo
2229 2704 2246 2743 ι
2288 2705 2309 2740 ι
2352 2684 2455 2755 Qui
2497 2684 2553 2742 in
2597 2684 2814 2749 diebus,
2856 2682 3052 2752 inquit,
3091 2680 3273 2738 carnis
3314 2691 3428 2733 suae

1840 2793 2033 2850 preces
2068 2776 2604 2849 supplicationesque
2637 2775 2705 2831 ad
2740 2789 2900 2841 eum,
2934 2772 3029 2845 qui
3066 2771 3238 2844 possit
3272 2768 3426 2826 illum

1838 2871 2048 2927 salvum
2082 2869 2265 2925 facere
2299 2883 2332 2924 a
2368 2876 2568 2937 morte,
2604 2881 2729 2925 cum
2762 2865 2999 2922 clamore
3031 2862 3211 2920 valido
3247 2870 3303 2917 et
3342 2861 3426 2917 la-

1839 2962 2043 3035 crymis
2085 2960 2350 3029 offerens,
2397 2957 2688 3017 exauditus
2738 2965 2825 3016 est
2871 2969 2973 3026 pro
3016 2968 3116 3011 sua
3163 2966 3426 3010 reveren·

1842 3058 1917 3112 tia
1940 3054 2008 3111 ⁸⁸.
2053 3073 2074 3108 ι
2111 3053 2178 3112 Et
2207 3052 2429 3125 quidem
2467 3068 2593 3110 cum
2628 3059 2776 3109 esset
2809 3048 3009 3117 Filius,
3044 3046 3232 3106 didicit
3254 3059 3324 3103 ex
3356 3046 3426 3103 ils

155 3141 251 3196 καὶ
272 3139 579 3222 τελειωθεὶς
608 3143 830 3213 γέγονεν
858 3145 1030 3201 άπασι
1055 3147 1168 3210 τοῖς
1191 3148 1558 3206 ὑπακούουσιν
1586 3155 1738 3225 αὐτῷ
1762 3200 1808 3259 c
1842 3163 1966 3219 quae
1999 3162 2195 3219 passus
2225 3156 2313 3202 est
2341 3144 2706 3203 obedientiam
2737 3161 2755 3200 s
2785 3152 2841 3200 et
2873 3149 3304 3206 consummaitn,
3335 3138 3424 3196 fa-

155 3232 327 3298 αίτιος
357 3234 631 3304 σωτηρίας
669 3236 913 3293 αἰωνίου.

225 3412 323 3478 Τίς
357 3412 535 3495 τοίνυν
561 3415 590 3469 δ
618 3416 1085 3488 προσευχόμενος,
1125 3417 1223 3472 καὶ
1252 3418 1468 3492 δεήσεις
1497 3421 1593 3476 καὶ
1627 3423 1740 3477 ixe-

153 3505 350 3577 τηρίας
368 3504 509 3577 μετὰ
536 3506 787 3578 κραυγῆς
806 3508 1036 3579 ἰσχυρᾶς
1051 3511 1149 3565 καὶ
1164 3510 1423 3584 δακρύων
1440 3507 1742 3585 προσενεγ-

155 3597 299 3666 κών;
347 3599 445 3663 Τίς
487 3601 517 3653 ό
543 3600 605 3653 ὲν
633 3599 889 3674 εύλαὸείᾳ
925 3602 1198 3675 συζήσας,
1231 3605 1329 3660 καὶ
1356 3605 1445 3661 διά
1474 3605 1634 3662 τοῦτο
1679 3608 1740 3664 δν

156 3689 402 3745 ίκέτευσε
454 3691 688 3760 πείσας;
719 3692 817 3756 Τίς
845 3694 875 3749 ό
908 3692 1099 3765 μαθὼν
1143 3697 1239 3767 ἀφ’
1287 3691 1365 3752 ὧν
1414 3698 1586 3754 ἔπαθε
1638 3701 1739 3775 τήν

155 3782 422 3856 ὑπακοὴν,
447 3785 543 3839 καὶ
566 3783 665 3855 τὴν
689 3787 890 3856 πεῖραν
914 3784 1096 3841 λαδὼν
1118 3787 1461 3856 διδάσκαλον,
1489 3791 1587 3846 καὶ
1615 3793 1742 3848 ταύ-

153 3891 255 3946 την
277 3874 491 3945 ἀγνοῶν
511 3874 617 3948 πρὸ
640 3878 740 3949 τῆς
766 3876 996 3950 πείραςς
1021 3879 1119 3945 Τίς
1143 3882 1172 3934 ό
1192 3879 1375 3937 λαδὼν
1398 3884 1543 3939 κατά
1572 3885 1741 3959 μέρος

153 3964 255 4037 τήν
290 3963 638 4038 τελειότητας
667 3968 783 4040 Οὐχ
822 3970 854 4023 ό
890 3968 1024 4034 Θεὸς
1050 3969 1249 4042 Λόγος,
1278 3973 1308 4028 ό
1339 3972 1564 4043 τέλειος,
1598 3977 1628 4030 ό
1661 3977 1739 4032 εί-

154 4056 260 4123 δὼς
295 4057 474 4113 πάντα
511 4059 643 4130 πρὶν
687 4061 957 4131 γενέσεως
986 4063 1188 4130 αὐτῶν,
1219 4062 1337 4119 ἀλλ’
1357 4067 1420 4121 ού
1457 4069 1526 4141 τῇ
1573 4068 1741 4145 πείρᾳ

161 4150 476 4223 μανθάνων·
502 4151 532 4204 ὁ
578 4152 788 4218 πάντας
819 4153 967 4226 ἔχων
1003 4155 1462 4228 εὐλαδουμένους,
1494 4159 1610 4216 ἀλλ’
1634 4162 1739 4218 οὐκ

158 4241 319 4308 αὐτὸς
346 4242 743 4314 εὐλαδούμενος
764 4262 778 4276 ·
810 4246 840 4298 ό
870 4246 1206 4318 ἀφελόμενος
1229 4249 1338 4305 πᾶν
1368 4249 1605 4323 δάκρυον
1630 4253 1738 4310 ἀπὸ

158 4334 360 4399 παντὸς
396 4333 713 4404 προσώπου,
738 4334 856 4389 ἀλλ’
880 4335 943 4390 οὐ
973 4334 1232 4409 δακρύειν
1266 4339 1360 4396 ὑπ’
1382 4340 1577 4414 ὀδύνης
1607 4344 1738 4400 άνα-

155 4426 524 4497 γκαζόμενος·
560 4428 590 4480 ό
617 4425 835 4498 ἀπαθὴς
873 4430 970 4482 καὶ
1001 4427 1287 4496 ἀθάνατος,
1315 4433 1432 4489 ἀλλ’
1455 4435 1518 4489 οὺ
1549 4435 1737 4502 δεδιὼς

1842 3248 1964 3294 ctus
1994 3246 2081 3293 est
2112 3236 2367 3294 omnibus
2393 3233 2900 3306 obtemperantibus
2928 3232 3054 3299 sibi,
3083 3245 3247 3289 causa
3278 3229 3425 3287 salu·

1842 3330 1911 3388 tis
1939 3338 2178 3388 aeternae.

1909 3419 2045 3489 Qui—s
2071 3432 2203 3491 ergo
2236 3426 2325 3475 est
2352 3432 2543 3486 orans,
2574 3425 2631 3474 et
2661 3430 2856 3489 preces
2886 3414 3424 3487 supplicationesque

1839 3522 1965 3564 cum
1993 3509 2233 3566 clamore
2257 3509 2437 3565 valido
2465 3516 2519 3564 et
2547 3507 2805 3580 lacrymis
2833 3504 3105 3563 offerens?
3132 3505 3267 3573 Quis
3296 3519 3421 3560 eutn

1840 3599 2091 3673 religiosa
2122 3593 2421 3659 reverentia
2450 3600 2658 3667 vivens,
2688 3600 2919 3669 ideoque
2946 3598 3014 3655 ab
3043 3612 3109 3654 eo
3138 3611 3299 3668 quem
3332 3611 3424 3652 ro-

1837 3693 1986 3766 gavit
2012 3693 2345 3765 impetrans?
2370 3693 2503 3759 Quis
2529 3693 2751 3769 discens
2774 3707 2842 3748 ex
2870 3691 2937 3747 iis
2965 3705 3087 3762 quae
3113 3704 3309 3760 passus
3333 3698 3425 3745 est

1835 3786 2224 3854 obedientiam,
2249 3796 2307 3843 et
2336 3784 2584 3856 magistri
2614 3783 2735 3841 loco
2761 3781 3155 3853 experientiam
3186 3781 3419 3847 babens,

1837 3881 2065 3952 ignarus,
2087 3879 2208 3951 ejus
2233 3877 2313 3934 rel
2344 3887 2643 3949 antequem
2670 3874 3049 3947 experiretur?
3085 3873 3231 3943 Quis
3256 3873 3426 3946 pede-

1839 3974 2029 4032 tentim
2065 3973 2296 4044 adeptus
2330 3979 2417 4029 est
2453 3967 2880 4042 perlectionem?
2916 3966 3071 4025 fland
3106 3981 3239 4024 sane
3276 3965 3423 4023 Deus

1835 4065 2098 4134 Verbum,
2132 4063 2432 4136 perlectum
2467 4062 2618 4128 iliud,
2644 4069 2702 4119 et
2733 4062 2877 4133 quod
2910 4060 3097 4119 omnia
3128 4068 3420 4130 antequam

1835 4160 1970 4215 liant
1996 4157 2168 4224 novit,
2197 4156 2423 4214 minime
2448 4169 2580 4213 vero
2606 4153 2944 4225 experientia
2977 4153 3193 4209 discens
3225 4169 3243 4209 ι
3275 4152 3434 4222 quod

1833 4265 2026 4309 omnes
2047 4249 2215 4308 hahet
2232 4249 2318 4307 sui
2339 4247 2600 4314 cultores,
2621 4246 2752 4303 dum
2775 4245 2846 4303 ab
2864 4244 2983 4316 ipso
3003 4244 3202 4302 colitur
3220 4256 3425 4311 nemo?

1834 4342 2090 4400 auferens
2121 4341 2192 4398 ab
2215 4341 2363 4399 omni
2397 4339 2541 4398 facie
2569 4339 2889 4410 lacrymam,
2917 4336 3092 4408 ipsum
3115 4348 3247 4392 vero
3275 4332 3423 4390 nulio

1835 4437 2028 4494 dolore
2055 4435 2346 4507 lacrymari
2379 4430 2721 4504 compulsum
2753 4447 2771 4499 ς
2805 4428 3167 4502 impassibile,
3200 4428 3424 4485 immor·

155 4518 247 4572 τὸν
274 4517 526 4584 θάνατον,
558 4516 653 4572 καὶ
703 4519 843 4588 μετὰ
890 4519 1143 4592 κραυγῆς
1187 4522 1445 4579 ἱκετεύων
1488 4525 1735 4582 άπαλλα-
1765 4553 1812 4610 D
1841 4529 1970 4596 tale,
2005 4542 2111 4584 nou
2154 4534 2335 4582 autem
2378 4532 2610 4580 mortem
2657 4523 2877 4590 timens,
2924 4535 3103 4592 neque
3141 4528 3202 4575 ut
3244 4520 3315 4577 ab
3352 4534 3417 4576 ea

156 4610 320 4680 γῆναι
352 4608 603 4665 θανάτου.
637 4609 851 4686 Οὐκοῦν
878 4610 985 4667 ἴδια
1009 4611 1184 4668 ταῦτα
1206 4616 1308 4687 τῆς
1335 4616 1740 4692 ἀναληφθείσης

155 4700 612 4774 ἀνθρωπότητος,
645 4703 680 4773 ἢ
715 4703 810 4758 καὶ
851 4703 944 4760 τὸν
975 4703 1207 4761 θάνατον
1252 4707 1467 4776 ἐδεδίει,
1518 4711 1616 4766 καὶ
1654 4711 1736 4766 δι-

155 4792 330 4848 ετέλει
367 4794 818 4868 προσευχομένη,
862 4796 963 4869 τῆς
1014 4798 1330 4872 ενοικούσης
1375 4799 1641 4874 Θεότητος
1659 4803 1739 4875 τῷ

155 4887 308 4960 φόδῳ
345 4887 816 4961 παραχωρούσης,
852 4889 942 4945 ἵνα
973 4890 1062 4946 διὰ
1092 4891 1202 4948 τῶν
1236 4892 1577 4967 παθημάτων
1624 4895 1738 4951 δει-

154 4979 260 5053 χθῇ
304 4978 400 5034 τοῦ
430 4979 730 5052 ληφθέντος
770 4984 805 5055 ή
838 4982 1022 5054 φύσις.
1069 4985 1183 5041 Καὶ
1230 4986 1424 5041 πάλιν·
1462 5007 1481 5040 ι
1511 4989 1586 5043 Οὐ
1627 4989 1739 5062 γὰρ

153 5073 328 5146 δήπου
389 5071 642 5144 ἀγγέλων
701 5073 1168 5147 ἂπιλαμδάνεται,
1227 5077 1364 5132 ἀλλὰ
1423 5078 1740 5152 σπέρματος

167 5165 417 5238 Ἀδραάμ
466 5164 935 5238 ὲπιλαμδάνεται·
969 5167 1093 5225 ὅθεν
1135 5168 1334 5240 ὤφειλε
1382 5171 1526 5228 κατὰ
1559 5172 1740 5230 πάντα

153 5260 268 5322 τοῖς
312 5258 562 5329 ἀδελφοῖς
593 5257 964 5332 ὁμοιωθῆναι,
1008 5262 1091 5326 εἰς
1133 5261 1195 5317 τὸ
1251 5262 1570 5321 ἱλάσκεσθαι
1612 5268 1733 5334 ταῖς

156 5348 457 5421 ἁμαρτίαις
495 5350 591 5406 τοῦ
633 5351 787 5408 λαοῦ.
817 5371 838 5406 ι
887 5353 976 5409 Ἐν
1017 5347 1062 5422 ᾧ
1097 5355 1209 5428 γὰρ
1254 5357 1526 5415 πέπονθεν
1576 5360 1740 5426 αὐτὸς

157 5441 505 5513 πειρασθείς,
550 5443 776 5502 δύναται
822 5448 938 5513 τοῖς
993 5449 1410 5522 πειραζομένοις
1449 5451 1736 5525 βοηθῆσαι.

158 5536 269 5591 Καὶ
302 5538 421 5607 μετ’
459 5536 652 5607 δλίγα·
685 5557 706 5592 ι
733 5539 808 5596 Ού
840 5540 952 5613 γὰρ
989 5540 1187 5613 ἔχομεν
1229 5537 1494 5617 ἀρχιερία
1535 5544 1612 5617 μὴ
1644 5545 1738 5601 δυ-

158 5626 389 5697 νάμενον
435 5626 793 5700 συμπαθῆσαι
823 5632 946 5693 ταῖς
971 5629 1279 5699 ἀσθενείαις
1322 5632 1503 5704 ήμιῖιν,
1546 5649 1740 5693 πεπει-

229 5801 274 5832 ‘¹
298 5801 463 5861 Hebr.
490 5816 553 5876 lt,
593 5804 647 5864 9.

1836 4623 2100 4680 liberetur
2129 4632 2255 4675 cum
2298 4616 2539 4672 clamore
2574 4613 2913 4685 supplicans.
2949 4604 3214 4678 Superest
3253 4609 3421 4679 igitur

1838 4723 1898 4770 ut
1930 4714 2045 4768 haec
2076 4698 2434 4767 humanitatis
2468 4715 2761 4776 assumpta
2793 4703 2906 4761 sint
2938 4701 3180 4774 propria,
3214 4714 3335 4770 qua
3363 4707 3423 4757 et

1840 4813 2072 4862 mortem
2096 4800 2395 4866 metuebat,
2417 4806 2473 4855 et
2498 4798 2554 4865 in
2581 4795 2835 4855 oratione
2860 4791 3267 4865 perseverabat,
3290 4803 3424 4861 qua·

1842 4908 2001 4954 tenus
2033 4893 2346 4952 inhabitans
2375 4891 2561 4948 Deitas
2587 4889 2769 4946 timori
2802 4888 2980 4944 locum
3012 4898 3138 4942 esse
3166 4883 3420 4950 cineum

1835 5001 1893 5048 ut
1930 5005 1999 5047 ex
2036 4985 2380 5060 passionibus
2416 4983 2681 5052 assumpti
2723 4979 2957 5036 hominis
2993 4986 3187 5033 natura
3226 4975 3423 5047 ‹ligno-

1835 5086 2101 5136 sceretur.
2133 5076 2201 5133 Et
2232 5089 2424 5131 rursus
2458 5093 2475 5131 ι
2515 5092 2536 5128 ι
2578 5072 2853 5143 Nusquam
2889 5069 3035 5125 enim
3070 5066 3292 5139 angelos
3323 5079 3424 5136 ap-

1836 5171 2156 5245 prehendit,
2191 5168 2291 5225 sed
2330 5181 2515 5225 semen
2555 5166 2795 5222 Abrahae
2835 5160 3191 5233 apprehendit
3224 5159 3424 5217 sande

1840 5261 2028 5321 debuit
2061 5276 2160 5333 per
2188 5259 2372 5317 omnia
2409 5258 2670 5314 iratribus
2700 5254 2959 5321 similari,
2995 5263 3057 5310 ut
3089 5252 3285 5310 delicta
3318 5266 3422 5323 po-

1835 5356 1947 5430 puii
1978 5355 2363 5428 repropitiaret
2378 5353 2449 5409 ⁸⁸.
2481 5371 2502 5408 ι
2532 5350 2591 5408 ln
2616 5364 2684 5408 eo
2712 5350 2857 5408 enim
2886 5348 2944 5406 in
2974 5362 3086 5421 quo
3114 5357 3309 5417 passus
3334 5353 3423 5404 est

1836 5449 1951 5517 ipse
1987 5455 2045 5504 ει
2085 5454 2356 5512 tentatus,
2399 5453 2594 5517 potens
2631 5452 2718 5501 est
2756 5450 2813 5498 et
2853 5441 2936 5498 eis
2978 5438 3071 5512 qui
3116 5445 3421 5504 tentantur,

1835 5539 2107 5595 auxiliari.
2144 5539 2210 5595 Et
2248 5538 2392 5595 haud
2432 5536 2620 5594 multis
2657 5533 2963 5607 interjectis
2994 5549 3011 5588 t
3050 5548 3071 5584 ι
3112 5527 3232 5587 Nou
3270 5524 3420 5584 enim

1837 5632 2099 5689 habemus
2134 5631 2479 5702 pontificem,
2515 5629 2607 5704 qui
2647 5642 2755 5688 nou
2791 5627 2963 5699 possit
2995 5622 3232 5694 compati
3265 5616 3422 5679 infir·

722 5805 769 5840 ‘⁸
799 5803 1008 5866 Coton.
1035 5822 1073 5879 t,
1114 5805 1197 5864 l6.
1276 5807 1319 5841 ⁰⁸
1354 5805 1516 5883 Περι.
1545 5826 1603 5879 ι’,
1631 5813 1681 5869 7.
1761 5812 1804 5846 “·
1842 5811 2005 5870 liebr.
2041 5826 2103 5880 ιι,
2141 5812 2223 5868 16.
