3809 6125
296 278 404 336 817

1376 285 1466 343 ΒΕ
1503 288 1604 345 SS.
1648 289 2027 350 ΤΒΙΝΙΤΛΤΕ
2067 294 2413 355 DlALOGUS
2448 296 2537 353 ΙΙΙ.

3460 297 3562 357 8t3

295 405 438 476 τάχα
478 418 583 456 που
637 401 832 474 μόναις
875 406 996 471 ταῖς
1053 406 1276 462 ἐκείνων
1321 410 1604 476 ἀπονοίαις
1649 416 1885 486 πρέπει·
1918 424 1961 480 Λ
1993 419 2244 475 cbristus
2266 418 2461 476 alieubi
2486 418 2640 489 quasi
2665 417 2777 488 jam
2807 431 3001 489 passus
3025 425 3190 486 esset,
3222 418 3297 474 ait
3326 435 3338 471 :
3371 437 3387 470 ι
3424 416 3559 473 Dor·

293 494 420 551 ἐπεί
458 511 541 548 τοι
587 494 684 547 καὶ
719 495 795 560 ὡς
843 495 945 569 ἤδη
992 499 1276 565 πεπονθὼς
1324 501 1426 573 ἔφη
1462 521 1565 558 που
1613 508 1881 577 Χριστός·

299 608 318 641 ι
357 586 462 642 Τὸν
493 584 665 641 νῶτόν
697 603 799 657 μου
828 586 1038 643 δέδωκα
1061 592 1141 657 εἰς
1165 593 1457 663 μάστιγας,
1487 597 1587 660 τὰς
1617 597 1674 651 δὲ
1703 599 1887 668 σιαγό-

292 695 392 742 νας
438 692 544 750 μου
582 678 665 740 εἰς
719 677 1064 750 ῥαπίσματα,
1097 682 1161 735 τὸ
1204 682 1262 736 δὲ
1306 684 1598 757 πρόσωπόν
1650 706 1752 759 μου
1785 690 1886 743 οὐκ

291 769 621 843 ἀπέστρεψα
669 770 774 824 ἀπὸ
805 771 1530 847 αἰσχύνης-ἐμπτυσμάτων.
1575 799 1595 833 ι
1640 776 1766 853 ‘Ap'
1793 777 1886 835 οὖν

291 864 395 918 οὐκ
423 861 738 933 ἀποπληξία
768 862 863 917 καλΙ
888 862 1064 933 γέλως
1091 867 1176 939 εἴη
1203 867 1272 923 ἀν
1308 870 1558 937 εἰκότως,
1588 872 1648 926 τὸ
1673 874 1884 929 οἴεσθαι

292 954 454 1009 ταυτὶ
485 952 560 1025 μὴ
603 954 662 1008 έν
689 953 867 1025 καιρῷ
907 955 986 1026 τῷ
1029 957 1354 1031 καθήκοντι,
1379 962 1538 1035 δῆλον
1574 964 1630 1018 δὲ
1669 966 1751 1019 ὅτι
1805 966 1884 1037 τῷ,

295 1045 440 1118 μετὰ
469 1043 694 1117 σαρκὸς,
726 1046 1024 1118 ἀνατλῆναι
1059 1048 1234 1105 ταῦτα
1276 1050 1369 1107 τὸν
1395 1051 1562 1124 Υίόν;

362 1139 431 1195 Β.
482 1136 730 1209 Ἀληθές.

363 1233 431 1288 Δ.
486 1230 647 1285 ’Δλλά
670 1231 782 1302 γὰρ
813 1232 1031 1299 ἀνέντες
1079 1236 1170 1291 τὸν
1202 1238 1296 1293 ἐπὶ
1339 1240 1476 1311 τῷδε
1501 1235 1792 1311 λόγον,,εὸς
1818 1259 1883 1311 γε

292 1324 355 1379 τὸ
386 1324 561 1395 παρὸν
597 1323 768 1395 ἴωμεν
799 1325 852 1379 εἴ
885 1342 967 1381 τοι
1000 1327 1153 1398 φίλον
1190 1329 1356 1387 δοκεῖ.

363 1416 425 1471 Β.
468 1415 544 1469 Τὸ
573 1418 727 1471 ποῖον
756 1439 772 1485 ς

361 1506 430 1560 Δ.
472 1505 548 1559 Τὸ
585 1506 906 1562 καθικέσθαι
955 1511 1110 1583 φημϊ
1128 1514 1266 1586 πρὸς
1314 1514 1570 1586 βάσανον,
1616 1518 1711 1573 καὶ
1748 1518 1887 1575 ἀνα-

293 1596 491 1667 μαθεῖν
528 1598 796 1670 ἀκριὸὧςι,
831 1599 1052 1673 ἔρεσθαί
1091 1621 1151 1658 τε
1199 1606 1326 1672 τοὺς
1357 1608 1683 1677 διεναντίας,
1727 1613 1776 1666 εἰ
1823 1613 1885 1668 ἐν

1989 524 2107 563 sum
2144 525 2321 565 meum
2357 510 2476 566 dedi
2509 510 2576 564 ad
2618 508 2842 580 flagella,
2882 518 2938 565 et
2968 524 3132 581 genas
3166 522 3315 564 meas
3345 508 3413 562 ad
3450 507 3564 562 ala·

1988 615 2107 669 pas,
2146 610 2200 656 et
2226 601 2421 655 faciem
2459 614 2640 655 meam
2670 616 2779 654 non
2815 602 2986 655 averti
3022 616 3053 656 a
3084 599 3403 655 confusione
3430 614 3561 669 spu-

1987 696 2165 742 torum
2190 687 2261 742 ¹⁵⁸.
2294 707 2312 740 ι
2346 688 2542 743 Annon
2584 688 2746 760 igitur
2776 688 3020 744 insanum
3052 698 3108 744 et
3135 688 3421 744 ridiculum
3456 688 3563 743 erit

1981 778 2105 849 jure
2153 780 2368 845 merito,
2404 790 2594 851 putare
2644 796 2749 834 non
2798 781 2850 835 in
2906 790 3150 850 tempore
3188 780 3559 847 convenienti,

1987 873 2380 929 incarnationis
2413 873 2683 940 videlicet,
2725 873 2837 928 baec
2868 872 3157 944 pertulisse
3184 869 3423 926 Filium?

2056 1159 2119 1215 Β.
2158 1158 2388 1214 Prorsus
2414 1160 2650 1230 quidem.

2054 1252 2122 1306 Α.
2166 1252 2457 1317 Caeterum,
2487 1252 2652 1308 misso
2704 1265 2768 1306 ea
2825 1249 2891 1306 de
2942 1262 3001 1306 re
3040 1261 3316 1314 sermone,
3340 1248 3392 1304 in
3448 1263 3562 1305 rem

1984 1353 2331 1415 praesentem,
2360 1344 2404 1398 si
2428 1343 2627 1413 placet.
2655 1340 2958 1398 veniamus.

2055 1434 2117 1489 B.
2160 1433 2432 1503 Ecquam?
2678 1436 2688 1443 “

2054 1526 2126 1580 Δ.
2164 1523 2508 1594 Inquiramus
2538 1538 2732 1595 nempe
2763 1523 3057 1593 diligenter
3082 1532 3136 1579 et
3169 1526 3564 1595 interrogemus

1986 1616 2354 1683 adversarios,
2390 1627 2577 1671 utrum
2619 1616 2671 1670 in
2716 1631 2781 1671 eo
2814 1615 2958 1686 quod
2995 1616 3348 1672 constituitur
3376 1632 3471 1672 rex
3512 1626 3568 1671 et

287 1687 370 1761 τῷ
409 1688 772 1745 καθίστασθαι
804 1690 1029 1763 βασιλέα
1069 1697 1162 1751 καὶ
1200 1700 1520 1770 νομοθέτην,
1554 1703 1619 1757 τὸ
1656 1703 1882 1760 τοιῶσδε
1985 1707 2282 1779 legislator,
2307 1707 2611 1762 secundum
2637 1708 3005 1762 substantiam
3033 1706 3104 1761 sit
3154 1707 3297 1776 quod
3317 1720 3381 1762 eo
3407 1708 3567 1762 modo

288 1776 433 1837 εἶναι
474 1784 598 1837 κατ’
645 1782 833 1839 οὐσίαν
874 1784 908 1857 ἢ
957 1787 1087 1858 γοῦν
1135 1790 1362 1847 τοιῶσδε
1411 1795 1575 1866 τυχόν
1619 1797 1738 1852 ἐστι
1785 1798 1880 1853 τοῦ
1912 1768 1958 1824 Β
1985 1809 2089 1865 est,
2125 1815 2192 1855 an
2222 1799 2368 1868 quod
2405 1814 2471 1856 eo
2496 1799 2656 1855 modo
2687 1807 2789 1864 est,
2818 1798 2890 1854 sit
2919 1797 3063 1854 sorte
3091 1797 3238 1856 Filii.

289 1874 446 1929 Υίοῦ.

361 1965 426 2021 B.
465 1966 582 2021 Οὐκ
600 1966 659 2021 ἐν
680 1964 758 2038 τῷ
776 1967 1160 2040 καθίστασθαι,
1189 1974 1441 2049 καθάπερ
1476 1969 1712 2048 ἐγῷμαι,
1734 1977 1794 2033 τὸ
1813 1974 1884 2033 εἴ·

291 2075 384 2113 ναι
406 2056 631 2114 τοιῶσδε
673 2058 858 2130 τυχὸν,
887 2060 920 2131 ἣ
961 2063 1058 2134 μὴ,
1106 2067 1263 2134 φαῖεν
1305 2068 1371 2121 ἂν
1415 2062 1557 2124 εἶναι
1586 2070 1682 2124 τοῦ
1713 2070 1878 2125 Υίοῦ·

297 2146 382 2217 (οὐ
410 2145 540 2219 γὰρ,
569 2140 725 2218 οἶμαί
742 2165 868 2216 που,
892 2150 1200 2209 καθίκοιντο
1231 2154 1296 2211 ἂν
1323 2157 1577 2230 εὐηθείας
1601 2162 1681 2225 εἰς
1706 2160 1881 2228 τοῦτο,

300 2236 478 2290 καίτοι
521 2236 812 2309 ληροῦντες
862 2242 1137 2315 ἀμέτρως,
1171 2245 1245 2311 ὡς
1291 2247 1389 2302 καὶ
1420 2249 1608 2316 οὐσίας
1655 2251 1780 2323 δ’ρον
1822 2250 1883 2305 τὸ

309 2326 658 2384 καθίστασθαι
674 2328 854 2400 λέγειν
881 2333 1219 2408 ἀποτολμᾷ-ν)
1240 2353 1254 2368 ·
1284 2338 1461 2395 ἐκεῖνο
1486 2341 1553 2395 δὲ’
1570 2339 1700 2407 ἴσως
1728 2341 1885 2413 ἐροῦ-

316 2435 422 2487 σιν,
450 2420 526 2475 δτι
544 2425 831 2494 τεκμηριοῖ
850 2424 944 2479 τοῦ
979 2427 1379 2500 καθισταμένου
1405 2431 1504 2504 τὴν
1533 2432 1716 2503 φύσιν,
1751 2434 1885 2489 αὐτὸ

310 2508 372 2563 τὸ
414 2507 784 2568 καθίστασθαι.
838 2514 914 2567 θύ
964 2517 1072 2589 γὰρ
1127 2518 1195 2573 ἂν
1244 2520 1462 2587 ἐδέξατο
1512 2525 1644 2595 παρ’
1668 2524 1883 2598 ἐτέρου,

303 2599 451 2670 φασὶ,
480 2601 542 2656 τὸ
569 2602 731 2673 φύσει
766 2607 966 2678 προσὸν
1004 2608 1174 2682 αὐτῷ.

304 2714 308 2720 ·
365 2694 432 2749 Δ.
473 2695 705 2764 Οὐκοῦν,
740 2692 786 2754 ὦ
818 2704 1076 2770 γενναῖοι,
1109 2705 1246 2777 πρὸς
1274 2706 1432 2778 ἡμῶν
1465 2708 1745 2781 εἰρήσεται
1778 2710 1886 2765 πά-

291 2784 401 2851 λιν,
430 2786 507 2852 ὡς
537 2788 740 2860 ἥκιστα
775 2791 873 2863 μὲν
906 2794 1253 2867 ἀρτίφρονες,
1283 2798 1376 2852 καὶ
1412 2799 1752 2872 δογματικῆς
1792 2803 1888 2873 όρ-

289 2876 518 2951 θότητος
567 2882 822 2953 ἐρασταὶ,
882 2886 1078 2959 κομιδῇ
1127 2888 1185 2942 δὲ
1236 2890 1439 2961 μᾶλλον
1486 2889 1700 2947 εὔκολοι
1746 2892 1886 2964 πρὸς

288 2974 629 3044 παραφορὰν
655 2976 752 3028 καὶ
782 2976 999 3049 ἀπάτην
1029 2978 1182 3043 ὄντες
1217 2980 1516 3039 ἁλώσεσθε.
1562 2983 1886 3057 Ἐκλέλησθε

2059 1972 2122 2029 Β.
2160 1970 2274 2028 Non
2303 1973 2356 2029 in
2396 1986 2462 2029 eo
2488 1972 2635 2045 quod
2669 1972 3020 2029 constituitur
3050 1987 3142 2028 rex
3179 1983 3235 2029 et
3262 1971 3565 2043 legislator,

1986 2075 2047 2122 ut
2080 2065 2353 2131 existimo,
2386 2066 2529 2136 quod
2558 2079 2625 2120 eo
2661 2064 2819 2120 modo
2847 2065 2942 2132 sit,
2971 2062 3204 2135 exempli
3238 2063 3435 2135 gratia,
3473 2076 3568 2119 aut

1986 2172 2166 2225 secuS,
2199 2158 2435 2213 dixerint
2464 2172 2586 2213 esse
2612 2155 2742 2212 Filii
2776 2158 2907 2231 (non
2931 2155 3077 2211 euim
3106 2155 3162 2211 in
3189 2164 3415 2221 tantum,
3450 2153 3570 2225 opi·

1985 2263 2109 2315 nor,
2140 2246 2451 2303 vecordiam
2490 2246 2828 2312 devenerint,
2868 2245 3117 2317 quamvis
3154 2259 3314 2315 supra
3350 2244 3568 2301 modum

1988 2339 2368 2405 insaniant,ut
2402 2338 2533 2395 illud
2562 2338 2817 2398 constitui
2850 2338 3171 2394 substantiae
3196 2336 3566 2394 definitionem

1987 2434 2168 2490 dicere
2205 2430 2462 2503 audeant)
2492 2448 2507 2486 ε
2539 2431 2634 2487 sed
2676 2431 2805 2486 illud
2846 2430 3028 2487 forsan
3072 2429 3277 2495 dicent,
3312 2429 3433 2501 ejus
3476 2427 3570 2500 qui

1986 2524 2343 2579 constituitur
2367 2522 2677 2595 significare
2719 2531 2995 2577 naturam.
3030 2520 3150 2578 Non
3180 2522 3326 2579 enim
3357 2521 3425 2578 ab
3463 2520 3570 2578 alio

1986 2609 2219 2681 accepit,
2251 2610 2527 2682 inquiunt,
2560 2611 2703 2680 quod
2734 2610 2783 2665 ei
2832 2610 3159 2668 naturaliter
3192 2612 3354 2667 inest.

2056 2704 2124 2759 A.
2166 2702 2378 2758 Rursus
2401 2697 2604 2772 'ltaque
2641 2702 2910 2769 dicemus,
2941 2718 3038 2758 vos
3084 2703 3308 2759 minime
3348 2701 3568 2773 quidem

1986 2794 2245 2852 cordatos
2291 2802 2350 2850 et
2375 2802 2539 2848 rectae
2568 2792 2831 2849 doctrinae
2854 2792 3149 2861 studiosoS,
3182 2793 3277 2848 sed
3305 2792 3571 2862 proclives

1988 2886 2280 2943 admodum
2312 2886 2380 2941 ad
2429 2900 2671 2941 errorem
2712 2900 2776 2940 ac
2812 2885 3055 2940 fraudem
3100 2894 3437 2954 compertum
3482 2883 3569 2938 iri.

1990 2975 2112 3033 Cito
2133 2976 2279 3032 enim
2302 2974 2453 3031 obliti
2480 2974 2613 3031 estis
2636 2975 2894 3046 congruis
2922 2976 3257 3044 temporibus
3281 2975 3569 3030 tribuenda

285 3065 410 3136 γὰρ
450 3066 616 3131 ὀξέως
648 3069 742 3122 τοῦ
781 3071 981 3143 χρῆναι
1013 3077 1227 3146 καιροῖς
1252 3079 1364 3141 τοῖς
1393 3079 1725 3154 καθήκουσιν
1749 3082 1884 3138 ἀπο.
1910 3104 1955 3165 c
1992 3085 2116 3128 esse
2141 3084 2262 3140 quae
2293 3068 2497 3140 scripta
2525 3076 2675 3136 sunt,
2710 3077 2765 3123 et
2796 3067 3196 3123 incarnationis
3238 3067 3572 3138 temporibus

287 3155 491 3227 νέμειν
518 3156 587 3210 τὰ
620 3161 997 3232 γεγραμμένα,
1032 3165 1126 3218 καὶ
1150 3167 1264 3230 τοῖς
1292 3168 1388 3239 τῆς
1419 3170 1886 3247 ὲνανθρωπήσεως

291 3247 624 3321 χαρίζεσθαι
669 3251 884 3322 χρόνοις
935 3254 1004 3308 τὰ
1063 3255 1140 3328 μὴ
1189 3256 1391 3330 σφόδρα
1434 3259 1735 3335 θεοπρεπῆ,
1781 3263 1887 3321 κᾶν

290 3337 352 3429 αἱ
377 3335 586 3405 λέγοιτο
605 3338 767 3410 τυχὸν
794 3341 923 3414 περὶ
945 3341 1038 3397 τοῦ
1059 3342 1421 3414 Μονογενοῦς.
1464 3346 1684 3422 Ἐπειδὴ
1709 3352 1765 3406 δὲ
1787 3335 1889 3410 οὐκ

295 3428 535 3485 ‹tear-av
577 3429 688 3486 τῶν
733 3435 817 3498 εὶς
848 3433 1117 3509 ὀρθότητα
1162 3435 1531 3507 διεκνεόοντες
1583 3441 1882 3516 λογισμῶν,

295 3519 405 3575 οὐκ
442 3519 627 3577 οὐσίαν
655 3519 795 3579 εἶναί
841 3544 979 3597 φατε
1007 3528 1070 3583 τδ
1119 3530 1503 3600 καθίστασθαι,
1543 3538 1886 3608 κατηγορού-

303 3629 470 3684 μενον
496 3612 588 3666 τοῦ
622 3614 776 3680 rios,
814 3618 1139 3690 πράγματος
1175 3622 1232 3675 δὲ
1262 3618 1401 3678 εἶναι
1441 3606 1799 3696 σημαντικὸν,
1835 3630 1888 3683 τί

300 3705 366 3758 τὸ
393 3705 882 3775 έμποδὼν,οἶεσθαί
916 3728 975 3763 τε
1008 3712 1103 3765 καὶ
1153 3713 1356 3783 λέγειν,
1406 3717 1490 3770 ὅτι
1534 3718 1758 3788 βασιλέα
1792 3722 1889 3777 καὶ

302 3794 601 3866 νομοθέτην
633 3796 904 3862 οὐσιωδῶς
924 3798 1054 3853 ὄντα
1073 3801 1165 3855 τὸν
1194 3802 1341 3869 Υίὸν,
1372 3804 1562 3876 ἤθελεν
1589 3810 1617 3862 ὁ
1642 3809 1775 3874 Θεὸς
1794 3813 1888 3868 καὶ

303 3885 520 3957 Πατὴρ,
558 3887 706 3941 τοῦθ’
740 3889 878 3963 ὅπερ
915 3893 1063 3946 ἐστὶν
1099 3893 1494 3964 ἀναφαίνεσθαι
1525 3902 1639 3966 τοῖς
1667 3903 1759 3957 ἐπὶ
1789 3904 1890 3976 τῆς

304 3979 445 4049 γῆς;
476 3982 570 4036 καὶ
598 3980 659 4035 οὗ
693 3982 745 4036 τί
778 3983 881 4036 πού
916 4000 1057 4056 φημι
1092 3985 1190 4041 τοῦ
1217 3987 1526 4059 βασιλεύειν
1559 3992 1888 4066 ἀρξάμενον,

308 4071 446 4126 ἀλλά
472 4072 821 4130 διανεῦσοντά
852 4094 969 4142 πως
1002 4079 1094 4132 ἐπὶ
1121 4080 1183 4135 τὸ
1210 4082 1412 4154 χρῆναι
1457 4083 1644 4141 λοιπὸν
1692 4087 1892 4161 θεσμο-

307 4162 484 4219 θετείν
517 4166 722 4246 αὐτοῖς,
774 4168 869 4221 καὶ
914 4170 994 4234 εἰς
1034 4168 1095 4222 τὸ
1152 4170 1359 4229 ἐθέλειν
1409 4175 1509 4246 ἠδη
1561 4179 1681 4240 τοῖς
1740 4179 1915 4244 ἰδίοις’

303 4253 707 4324 ἐγκαταζεῦξαὶ
743 4260 1060 4330 σκήπτροις,
1091 4262 1218 4326 τοὺς
1241 4263 1419 4335 ἀρχῆς
1446 4282 1507 4318 τε
1527 4266 1622 4320 καὶ
1641 4267 1892 4334 ἐξουσίας

305 4348 410 4421 τῆς
453 4348 543 4401 ὑπ’
576 4350 724 4421 αὐτῷ
766 4349 856 4404 διά
893 4353 995 4422 τῆς
1035 4353 1295 4410 πολυθέου
1343 4356 1555 4430 πλάνης
1590 4359 1890 4434 ἀπσλισθη-

1991 3160 2338 3221 concedenda
2378 3175 2500 3232 quae
2544 3175 2651 3214 non
2702 3158 2859 3214 valde
2907 3158 3021 3214 Deo
3065 3158 3414 3224 conveniunt,
3447 3158 3575 3214 licet

1991 3255 2130 3311 sorte
2174 3253 2426 3308 dicantur
2471 3250 2537 3304 de
2575 3245 2889 3320 Unigenito.
2939 3246 3391 3317 Quandoquidem
3443 3263 3573 3302 vcro

1991 3361 2098 3402 non
2127 3355 2517 3416 usquequaque
2546 3339 2894 3397 deflectentes
2923 3355 2951 3393 a
2987 3348 3133 3394 recta
3170 3337 3381 3393 ratione
3406 3336 3575 3410 480

1991 3434 2122 3490 illud
2168 3433 2445 3498 constitui,
2496 3431 2639 3501 quod
2695 3431 2762 3485 de
2811 3429 2949 3485 Filio
2998 3428 3346 3500 praedicatur,
3391 3431 3574 3485 dicitis

1991 3542 2098 3582 non
2147 3541 2269 3581 esse
2302 3525 2518 3595 quidem
2567 3524 2952 3589 substantiam,
2996 3523 3092 3577 sed
3139 3523 3217 3578 rei
3263 3522 3576 3594 significati·

1990 3634 2141 3685 vum,
2206 3617 2335 3688 quid
2393 3625 2542 3672 vetat
2620 3607 2933 3686 quominus·
2959 3623 3182 3685 putetur
3232 3630 3296 3669 ac
3355 3614 3574 3669 dicatur

1991 3711 2133 3767 Deus
2174 3726 2238 3766 ac
2267 3710 2431 3765 Pater
2472 3709 2710 3764 voluisse
2743 3706 2962 3775 Filium,
3002 3707 3092 3776 qui
3125 3721 3218 3761 rex
3268 3716 3322 3760 et
3357 3706 3573 3776 legisla-

1992 3808 2078 3857 tor
2100 3811 2182 3856 est
2212 3799 2665 3866 substantialiter,
2696 3798 2748 3853 id
2790 3798 2932 3869 quod
2961 3807 3044 3853 est
3070 3796 3380 3852 hominibus
3408 3810 3574 3866 appa-

1992 3892 2158 3950 rere?
2211 3905 2388 3961 neque
2458 3906 2589 3948 vero
2640 3890 2761 3945 dico
2814 3891 2960 3960 quod
3032 3887 3295 3959 regnandi
3368 3888 3577 3958 ceperit

1993 3983 2232 4047 initium,
2261 3981 2357 4037 scd
2389 3981 2531 4052 quod
2562 3977 2818 4034 annuerit
2856 3975 3255 4047 quodammodo
3295 3973 3576 4045 legislato-

1993 4075 2071 4131 ris
2106 4073 2353 4146 partibus
2397 4071 2688 4137 obeundis,
2728 4079 2783 4126 et
2823 4083 2923 4125 suo
2967 4082 3133 4136 regno
3175 4066 3472 4122 subdendis
3508 4066 3577 4119 iis

1995 4172 2087 4241 qui
2128 4169 2421 4226 multorum
2466 4167 2690 4223 deorum
2731 4161 2866 4218 salso
2906 4159 3054 4216 cultu
3100 4158 3307 4228 decepti
3349 4157 3577 4227 imperio

1994 4273 2050 4320 ct
2078 4273 2350 4335 potestate
2373 4278 2471 4318 sua
2502 4258 2840 4316 exciderant.
2866 4251 3177 4309 Absurdum
3209 4259 3390 4306 autem
3427 4250 3572 4304 dictu

1997 4371 2223 4426 prorsus
2268 4357 2523 4412 existimo
2574 4350 2755 4407 Patris
2787 4348 3045 4412 Verbum,
3096 4345 3141 4401 si
3189 4343 3476 4399 nonnullos
3505 4344 3576 4419 ad

309 4455 531 4503 σαντας.
572 4440 806 4496 ’Δτοπον
835 4441 894 4495 δὲ
925 4437 1080 4514 οἶμαι
1109 4447 1392 4513 παντελῶς
1431 4449 1524 4504 τὸν
1556 4449 1652 4505 τοῦ
1680 4453 1897 4526 Πατρός
1927 4449 1975 4508 D
2001 4447 2323 4519 sapientiam
2358 4446 2643 4500 instituere
2666 4440 2815 4503 velit,
2853 4437 3132 4491 voluntate
3160 4432 3434 4490 Genitoris
3460 4440 3572 4486 tum

307 4530 505 4599 Λόγον,
548 4533 597 4585 εἰ
628 4534 970 4603 κατασοφοῦν
1011 4536 1183 4592 έλοιτό
1211 4556 1382 4605 τινας,
1414 4540 1634 4614 εὐδοκία
1659 4544 1755 4598 τοῦ
1802 4562 1895 4615 γε·

307 4625 635 4694 γεννηκότος
668 4627 748 4690 εἰς
780 4627 956 4698 ἀρχάς
988 4629 1285 4702 κεκλῆσθαι
1318 4631 1498 4702 λέγειν
1541 4635 1634 4690 τοῦ
1666 4638 1893 4709 νομοθε-

305 4717 457 4780 τείν,
512 4715 587 4787 μὴ
638 4716 744 4788 μὴν
799 4718 881 4771 ἔτι
929 4719 1226 4792 νομοθέτην
1275 4724 1482 4778 οἴεσθαι
1534 4727 1678 4781 κατὰ
1731 4729 1892 4799 φύσιν

313 4806 585 4878 ὑπάρχειν
615 4808 690 4873 ὡς
720 4809 872 4865 Θεόν.
905 4805 1052 4884 *Apa
1081 4812 1192 4885 γὰρ
1229 4816 1277 4868 εἰ
1312 4816 1371 4869 ὲν
1403 4816 1631 4890 οἰκίσκῳ
1664 4817 1892 4891 ζοφώδει

311 4898 408 4951 καὶ
450 4898 650 4969 ἀχλύος
695 4899 936 4971 ἔμπλεῳ,
977 4901 1121 4956 κατὰ
1177 4904 1401 4974 χρόνους
1457 4906 1561 4975 μέν
1600 4925 1754 4972 τινας
1792 4910 1894 4980 τῆς

307 4987 544 5062 ἡλιακῆς
576 4992 793 5056 ἀκτῖνος
835 4994 936 5048 οὐκ
974 4994 1150 5048 εἰσέδυ
1180 4996 1241 5050 τὸ
1269 4996 1406 5067 φῶς,
1435 4999 1648 5064 οὐδενὸς
1674 5001 1895 5065 ἀνέντος

304 5081 412 5151 τὴν
460 5083 732 5155 εῐσὸολὴν,
783 5081 905 5139 εἶτα
968 5086 1123 5140 τοῦδε
1165 5090 1448 5158 γεγονότος
1493 5091 1786 5164 εἰσέφρησέ
1832 5109 1893 5147 τε

310 5175 476 5262 εὐθὺς
506 5174 602 5231 καὶ
630 5176 938 5248 ἀπελήλατο
978 5180 1077 5250 μὲν
1125 5182 1154 5235 ό
1185 5183 1396 5248 σκότος,
1431 5185 1494 5238 τὸ
1520 5183 1577 5239 δὲ
1628 5183 1895 5256 ἀσύνηθες

309 5269 429 5332 τοῖς
457 5267 647 5334 τόποις
671 5270 959 5338 ὲνεγέλασε
992 5272 1126 5341 φῶς,
1145 5274 1173 5327 δ
1208 5276 1323 5343 καὶ,
1356 5275 1516 5349 εἰπερ
1547 5277 1660 5332 ’έλοι
1693 5278 1898 5349 φωνὴν,

313 5366 623 5438 ἐκδιηγοϊτο
666 5370 829 5440 τυχὸν
856 5373 970 5435 τοῖς
1007 5371 1069 5425 τὸ
1111 5372 1302 5444 χρῆμα
1329 5369 1787 5444 κατατεθηπόσιν,
1822 5370 1901 5435 ὡς

315 5458 406 5530 εἴη
432 5459 589 5513 τεθὲν
619 5461 771 5533 παρὰ
802 5462 895 5516 τοῦ
920 5463 1171 5527 τεκόντος
1187 5464 1341 5535 ἡλίου
1371 5463 1510 5535 πρὸς
1537 5462 1597 5516 τὸ
1621 5462 1900 5534 ἐγχεῖσθαι

315 5550 452 5618 δεῖν,
486 5550 583 5607 καὶ
612 5553 805 5626 ἐκείνῳ
850 5555 927 5628 τῷ
957 5553 1138 5629 χώρῳ,
1175 5555 1269 5610 καὶ
1314 5553 1771 5627 καταφαιδρύνειν
1814 5552 1902 5607 ἀεὶ

393 5726 439 5760 ⁸⁸
469 5726 573 5786 lsa.
609 5744 662 5800 ι,
696 5740 752 5793 6.

1998 4542 2233 4611 primum
2271 4539 2338 4593 ad
2366 4533 2695 4606 legislatoris
2727 4547 2922 4586 munus
2950 4538 3221 4592 vocatum,
3260 4542 3364 4581 non
3394 4539 3574 4581 tamen

1997 4630 2363 4702 legislatorem
2419 4640 2543 4681 esse
2584 4633 2797 4694 putare,
2844 4621 3142 4676 secundum
3198 4628 3470 4684 naturam,
3521 4628 3579 4670 ut

1997 4718 2187 4775 Deum.
2228 4716 2312 4770 An
2355 4715 2502 4771 enim
2545 4712 2592 4768 si
2627 4712 2679 4767 iu
2714 4708 2960 4765 cellulam
3012 4709 3301 4762 obscuram
3332 4715 3387 4761 ct
3421 4715 3577 4760 tenc·

1997 4816 2215 4872 brosam
2272 4809 2454 4880 aliquo
2496 4815 2740 4877 tempore
2793 4802 2987 4859 solaris
3040 4799 3175 4855 radii
3230 4799 3410 4853 lumen
3471 4815 3577 4853 non

1999 4913 2313 4980 penetraret
2340 4902 2491 4957 aditu
2536 4898 2836 4972 prohibito,
2868 4910 2992 4950 mox
3021 4902 3207 4964 aperta
3243 4892 3334 4946 illa
3364 4892 3578 4960 irrupe-

2002 5001 2095 5066 rit,
2140 5013 2206 5053 ac
2260 4995 2497 5051 tenebrae
2546 4991 2764 5061 quidem
2826 4988 3060 5059 depulsae
3118 4985 3250 5052 sint,
3300 4983 3574 5039 insolitum

2001 5105 2132 5147 vero
2177 5089 2357 5143 lumen
2389 5084 2508 5140 istis
2555 5081 2690 5138 locis
2739 5079 3030 5145 infulserit,
3062 5078 3204 5149 quod
3250 5076 3490 5146 quidem,
3532 5077 3578 5128 si

2003 5183 2148 5256 loqui
2181 5188 2386 5254 posset,
2424 5177 2499 5232 rei
2534 5174 2771 5231 novitate
2800 5172 3046 5228 attonitis
3092 5179 3345 5225 narraret
3388 5182 3417 5220 a
3466 5166 3580 5219 sole

2004 5275 2248 5348 genitore
2285 5268 2639 5327 constitutum
2674 5277 2816 5327 esse,
2853 5271 2910 5316 ut
2958 5262 3007 5316 ci
3040 5260 3156 5314 loco
3202 5258 3581 5313 infunderetur

2006 5384 2071 5423 ac
2107 5365 2344 5422 tenebris
2365 5363 2597 5420 obsitum
2622 5366 2882 5429 perpetuo
2899 5353 3251 5418 exhilararet,
3286 5367 3352 5406 ar.
3384 5351 3579 5424 aliquis

2007 5458 2285 5522 fateretur,
2317 5455 2560 5526 inquam,
2602 5451 2777 5522 ipsum
2824 5457 2950 5503 tunc
2982 5447 3216 5517 primum
3250 5446 3303 5499 in
3353 5443 3578 5499 luminis

2006 5550 2257 5608 eductum
2293 5561 2418 5604 csse
2448 5553 2723 5612 naturam,
2752 5555 2875 5599 cum
2904 5537 3136 5611 primum
3164 5535 3494 5608 penetravit.
