3809 6125
287 290 407 349 4θό

1716 285 1992 347 'rnESAu
2003 288 2090 346 ttu
2100 290 2158 349 S.

3454 301 3560 358 466

284 407 422 462 στόν
440 448 456 474 ,
484 403 663 469 Αὐτός
721 400 1014 476 τοιγαροῦν
1044 404 1191 459 ἐστιν
1250 406 1284 477 η
1329 405 1474 479 ὀσμὴ
1501 407 1599 479 τῆς
1627 406 1883 477 γνώσεως
1912 410 1958 466 Α
1987 406 2105 478 lpse
2144 410 2305 484 igitur
2332 419 2416 468 est
2445 412 2579 469 odor
2608 412 2930 484 cognitionis
2961 414 3053 470 Dei
3086 429 3149 471 ac
3176 415 3374 481 Patris,
3402 416 3557 486 juxta

278 497 388 555 τεῦ
420 495 562 553 Θεοῦ
589 493 686 549 καὶ
737 493 975 566 Πατρδς,
1028 496 1172 550 κατά
1214 496 1275 550 τὸ
1300 498 1589 571 εἰρημένον
1632 501 1761 570 παρ’
1784 502 1885 554 αὐ-

279 589 408 644 τοῦ·
451 607 471 641 ι
496 587 686 653 Οὐδεὶς
746 585 969 660 ἔρχεται
1023 587 1160 659 πρὸς
1212 589 1301 643 τὸν
1325 590 1566 661 Πατέρα,
1617 594 1667 645 εί
1709 591 1786 663 μὴ
1816 591 1884 646 δι’

281 683 454 756 ἐμοῦ.
484 703 504 737 ι
545 682 655 738 Καὶ
682 680 867 736 πάλιν·
910 699 929 733 ι
967 678 1029 736 Ὀ
1063 681 1324 754 ἑωρακὼς
1370 684 1491 754 ἐμὲ,
1543 684 1755 757 ἑώρακε
1792 687 1882 740 τδν

281 775 534 848 Πατέρα.
559 793 579 827 ι
630 772 809 844 Ὀσμὴ
843 771 1136 843 τοιγαροῦν
1188 773 1452 846 ὑπάρχων
1494 776 1588 829 τοῦ
1614 776 1748 831 Θεοῦ
1789 777 1883 831 καὶ

279 865 528 940 Πατρός,
579 866 681 920 οὐκ
718 864 786 919 ἂν
822 863 909 936 εἴη
964 863 1102 934 πρὸς
1154 864 1318 920 αὐτόν
1357 868 1728 940 ἐτεροούσιος·
1766 869 1880 923 ἀλλ’

278 957 484 1030 ὥσπερ
507 957 540 1027 ἡ
566 956 626 1024 ἐξ
654 952 863 1009 ἀνθέων
892 953 1090 1007 εὐωδία
1120 956 1366 1025 φυσικῶς
1397 975 1457 1012 τε
1487 958 1581 1013 καὶ
1607 959 1880 1025 οὐσιωδῶς

280 1047 768 1119 προεκκύπτουσα,
794 1043 889 1099 τοῦ
923 1044 1284 1117 γεννήσαντος
1333 1048 1503 1121 αὐτὴν
1528 1049 1700 1116 εἴδους
1732 1050 1880 1105 ἐστὶν

280 1136 619 1208 ὲκφαντικὴ,
651 1134 797 1190 οὕτω
845 1134 939 1188 καὶ
973 1133 1000 1185 ὁ
1043 1133 1172 1199 Υἱὸς
1191 1135 1334 1207 ὀσμή
1366 1155 1450 1201 τις
1471 1137 1660 1210 ὥσπερ
1703 1139 1880 1210 ὑπάρ-

280 1245 400 1299 χων
430 1225 535 1297 τῆς
562 1224 824 1295 πατρῴας
878 1222 1086 1287 οὐσίας,
1143 1224 1234 1293 ἀφ’
1267 1219 1337 1297 ἧς
1391 1227 1539 1280 ἐστιν
1572 1226 1756 1292 αὐτὸς,
1785 1226 1878 1282 τὸν

284 1317 628 1388 γεννήσαντα
660 1314 832 1388 δηλοῖ.
859 1313 1068 1369 Οὐκοῦν
1107 1314 1168 1368 οὐ
1210 1314 1438 1390 ποίημα,
1470 1315 1594 1370 ἐπεὶ
1622 1317 1697 1392 μὴ
1721 1318 1879 1376 τοῦτό

282 1409 436 1465 ἐστιν
461 1408 491 1464 ό
522 1406 735 1480 Πατήρ.

978 1518 1185 1573 ΔΑΛΟ.

360 1651 383 1686 ε
416 1633 495 1689 Οὐ
529 1630 640 1703 γὰρ
689 1631 939 1695 ἑαυτοὺς,
968 1632 1122 1702 φησὶ,
1180 1634 1544 1707 κηρύττομεν.
1573 1635 1711 1691 ἀλλὰ
1739 1638 1874 1709 Χρι·

1989 502 2117 558 illud
2145 503 2213 559 ab
2236 506 2350 573 ipso
2381 506 2580 560 dictum
2616 522 2630 559 ε
2662 525 2681 557 ι
2726 505 2892 564 Nemo
2926 508 3073 563 venit
3098 509 3164 565 ad
3190 508 3432 573 Patrem,
3454 506 3557 563 nisi

1986 608 2084 662 per
2128 609 2214 649 me
2261 596 2342 660 ”3
2379 615 2396 649 ι
2425 610 2478 651 et
2528 613 2714 655 rursus
2756 616 2772 654 z
2826 617 2845 651 ι
2897 599 2997 668 Qui
3040 600 3176 656 vidit
3247 615 3357 665 me,
3425 600 3562 655 vidit

1987 685 2200 742 Patrem
2234 688 2299 743 ⁸⁸.
2339 708 2356 742 ι
2392 690 2524 745 Cum
2558 693 2740 761 itaque
2764 692 2834 746 sit
2865 693 3001 748 odor
3032 692 3124 749 Dei
3154 708 3217 749 ae
3239 693 3440 762 Patris,
3474 677 3559 748 di·-¹

1985 795 2156 836 versae
2176 781 2245 835 ab
2271 782 2387 853 ipso
2416 783 2665 840 essentiae
2694 798 2817 841 esse
2856 785 3041 854 nequit
3074 802 3089 842 ι
3145 791 3240 842 sed
3297 783 3563 854 quemad-

1984 869 2200 924 modum
2229 868 2402 927 bonus
2429 874 2676 943 odor'qui
2705 888 2772 929 ex
2805 873 3030 931 floribus
3055 873 3377 930 naturaliter
3399 883 3560 945 atque

1983 958 2412 1016 substantialiter
2434 961 2770 1026 diffunditur,
2822 966 3060 1031 speciem
3113 965 3257 1021 unde
3321 963 3561 1037 gignitur

1982 1048 2240 1114 declarat,
2273 1050 2346 1104 ita
2388 1060 2442 1105 et
2468 1049 2635 1106 Filius
2662 1067 2787 1107 cum
2822 1052 2893 1107 sit
2925 1055 3092 1109 veluti
3154 1057 3290 1112 odor
3334 1054 3557 1126 quidam

1982 1139 2230 1194 esseutiae
2251 1148 2511 1210 pateruae.
2542 1156 2572 1195 a
2600 1156 2705 1212 qua
2735 1141 2852 1213 ipse
2879 1153 2984 1208 est,
3015 1143 3230 1201 Patrem
3283 1146 3457 1215 ipsum
3485 1144 3559 1199 si·

1980 1231 2220 1301 gnificat.
2249 1231 2365 1289 Nou
2396 1239 2476 1289 est
2509 1232 2675 1305 igitur
2696 1242 2972 1301 creatura,
3007 1234 3132 1305 quia
3195 1248 3376 1306 neque
3398 1233 3559 1289 Pater

1982 1322 2083 1378 hoc
2114 1333 2218 1379 est.

2641 1524 2879 1584 Amul).

2048 1649 2070 1685 ι
2111 1630 2226 1688 Non
2253 1633 2422 1700 euim,
2467 1633 2660 1704 inquit,
2712 1635 2961 1707 nosipsos
3021 1637 3406 1707 praedicamus,
3459 1639 3553 1695 sed

284 1726 413 1780 στὸν
460 1722 672 1796 Ἰησοῦν
700 1721 927 1796 Κύριον·
975 1724 1203 1789 ἑαυτοὺς
1227 1725 1282 1779 δὲ
1311 1726 1534 1791 δούλους
1581 1727 1736 1798 ὑμῶν
1787 1729 1875 1783 διὰ
1903 1765 1947 1819 Β
1977 1724 2250 1781 Christum
2286 1724 2467 1783 lesum
2515 1727 2828 1784 Dominum:
2864 1744 2963 1785 nos
2992 1739 3176 1785 autem
3235 1745 3425 1788 servos
3467 1746 3554 1787 ve·

279 1817 549 1891 Χριστοῦ.
582 1817 704 1873 Ὀτι
740 1818 771 1872 ό
823 1815 958 1880 Θεὸς
1007 1817 1038 1871 ό
1084 1817 1275 1886 εἰπὼν,
1307 1838 1325 1871 ι
1376 1820 1474 1873 Ἐκ
1499 1820 1722 1886 σκότους
1754 1821 1870 1891 φῶς

278 1912 512 1985 λάμψει.
544 1911 607 1976 ὃς
644 1909 886 1983 ἔλαμψεν
947 1909 1009 1962 ἐν
1060 1912 1182 1974 ταῖς
1231 1910 1480 1984 καρδίαις
1527 1912 1685 1985 ἡμῶν
1734 1914 1871 1986 πρὸς

274 2004 569 2078 φωτισμὸν
586 2004 689 2077 τῆς
709 2001 963 2074 γνώσεως
977 2002 1078 2071 τῆς
1099 2000 1259 2075 δόξης
1286 2004 1469 2060 αὑτοῦ.
1504 2022 1525 2057 ι
1555 2005 1688 2059 Ἰδοὺ
1713 2005 1870 2072 δόξαν

276 2096 373 2164 τοῦ
404 2095 631 2168 Πατρός
649 2094 898 2166 ὀνομάζει
936 2093 1028 2147 τόν
1055 2093 1202 2150 Υἱόν.
1244 2095 1650 2167 Ἐλλάμψαντος
1673 2097 1781 2172 γάρ
1811 2101 1870 2153 ὲν

274 2191 409 2251 ταῖς
440 2187 703 2259 καρδίαις
731 2185 883 2258 ἡμῶν
910 2185 1006 2240 τοῦ
1032 2185 1169 2240 Θεοῦ
1219 2188 1314 2241 καὶ
1366 2189 1603 2262 Πατρδς,
1631 2192 1868 2260 φωτιζό-

285 2282 448 2351 μεθα
468 2279 613 2350 πρὸς
644 2278 922 2349 ἐπίγνωσιν
944 2279 1039 2333 τοῦ
1072 2281 1331 2351 Χριστοῦ,
1379 2280 1527 2337 καθά
1580 2284 1676 2338 καὶ
1706 2284 1870 2349 αὐτός

295 2368 417 2422 πού
448 2366 640 2440 mdcv-
664 2386 685 2423 t
710 2368 885 2446 θὺδεὶς
901 2368 1123 2423 δύναται
1151 2369 1324 2425 ἐλθεῖν
1352 2370 1491 2442 πρός
1536 2388 1627 2443 με.
1664 2372 1761 2427 ἐάν
1793 2372 1871 2445 μὴ

302 2462 335 2513 ὁ
352 2458 573 2532 Πατὴρ,
594 2460 623 2515 ό
644 2458 849 2531 κάμψας
873 2477 962 2530 με,
989 2460 1194 2532 ἑλκύσῃ
1218 2460 1400 2515 αὐτόν.
1416 2459 1634 2517 »Ἔὶκει
1651 2463 1709 2517 δὲ
1732 2463 1868 2535 πρὸς

295 2551 602 2622 ἐπίγνωσιν
626 2550 717 2605 τοῦ
747 2549 872 2606 rto&
918 2551 1017 2624 τὴν
1065 2552 1294 2607 ἑκάστου
1336 2550 1588 2622 φωτίζων
1618 2554 1867 2626 καρδίαν.

282 2644 431 2714 Δόξα
460 2642 748 2717 τοιγαροῦν
777 2644 1040 2717 ὑπάρχων
1083 2644 1177 2698 τοῦ
1243 2644 1491 2716 Πατρδς,
1547 2643 1666 2708 πῶς
1715 2644 1869 2699 ἔσται

276 2735 521 2810 ποίημα,
546 2739 641 2793 καὶ
662 2737 783 2811 οὐχὶ
806 2738 1007 2811 μᾶλλον
1033 2737 1182 2802 Υἱὸς,
1208 2738 1303 2792 καὶ
1340 2737 1473 2801 Θεὸς
1491 2740 1557 2791 ὲκ
1597 2736 1756 2800 Θεοῦ,
1782 2736 1872 2791 διὰ

269 2831 379 2902 τῆς
431 2829 665 2902 ἐνούσης
709 2830 859 2903 αὐτῷ
920 2831 1341 2903 μεγαλειότητος
1400 2829 1639 2901 φυσικῆς
1689 2848 1869 2902 παρα-

272 2922 565 2988 medem
619 2921 941 2989 δοξάζεσθαι
992 2922 1083 2977 τὸν
1111 2924 1454 2995 γεννήσαντα
1475 2921 1657 2988 αὐτὸν,
1700 2922 1775 2986 ὡς
1810 2923 1870 2976 ἐν

266 3014 447 3071 εἰκόνι
501 3012 586 3087 τῷ
648 3013 765 3088 Υίῷ
821 3013 1170 3086 φαινόμενος,
1220 3014 1360 3069 κατὰ
1410 3012 1472 3069 τὸ
1518 3014 1646 3085 παρ’
1703 3010 1868 3068 αὐτοῦ

1973 1825 2116 1872 stros
2143 1831 2239 1886 ρει·
2263 1817 2556 1874 Christum.
2597 1818 2863 1887 Quoniam
2914 1819 3055 1876 Deus
3083 1821 3174 1891 qui
3231 1822 3369 1879 dixit
3397 1839 3413 1876 t
3440 1821 3444 1826 ’
3470 1823 3549 1877 Ex

1972 1910 2213 1966 tenebris
2239 1908 2328 1965 lux
2350 1909 2597 1981 Fulgebit,
2621 1910 2713 1979 qui
2737 1911 2888 1967 fulsit
2906 1913 2959 1967 iu
2983 1914 3243 1970 cordibus
3263 1916 3466 1972 nostris
3481 1916 3550 1971 ad

1974 1997 2419 2056 illuminationem
2440 2002 2766 2074 cognitionis
2791 2002 2980 2075 gloriae
3004 2018 3120 2060 suae
3145 2005 3212 2059 ⁸⁸.
3252 2024 3272 2058 ι
3299 2006 3438 2062 Ecce
3461 2005 3554 2061 Fi-

1974 2090 2103 2145 lium
2129 2090 2355 2160 gloriam
2371 2090 2550 2147 Patris
2567 2092 2819 2163 appellat.
2849 2093 2985 2150 Cum
3013 2095 3159 2151 enim
3220 2094 3431 2152 l'ulserit
3495 2098 3549 2152 in

1972 2183 2228 2239 cordibus
2260 2184 2460 2241 nostris
2485 2183 2629 2242 Deus
2658 2200 2724 2241 ac
2747 2183 2936 2252 Pater,
2963 2187 3246 2243 illuminati
3275 2205 3462 2245 sumus
3481 2191 3549 2246 ad

1973 2275 2337 2344 cognitionem
2363 2276 2587 2342 Christi,
2638 2277 2782 2333 sicut
2827 2288 2883 2334 et
2914 2279 3030 2349 ipse
3086 2279 3283 2335 alicubi
3330 2281 3504 2351 inquit
3532 2298 3546 2334 ε

1979 2381 1999 2415 ι
2028 2363 2198 2420 Nemo
2230 2374 2405 2434 potest
2432 2366 2623 2421 venire
2650 2367 2717 2423 ad
2748 2381 2859 2433 me,
2896 2368 3000 2424 nisi
3036 2366 3220 2437 Pater,
3249 2370 3362 2439 ‘qui
3403 2371 3553 2427 misit

1976 2471 2082 2524 me,
2119 2459 2346 2514 traxerit
2371 2458 2548 2528 ipsum
2573 2460 2637 2515 ⁸⁷.
2678 2477 2702 2513 ι
2735 2459 3124 2517 Trahitautem
3184 2461 3251 2516 ad
3287 2462 3552 2534 cognitio·

1973 2562 2095 2604 nem
2128 2547 2252 2604 Filii
2286 2549 2599 2608 illuminans
2635 2552 3057 2624 uniuscujusque
3079 2552 3242 2626 275
3268 2568 3380 2609 cor.
3415 2554 3549 2610 Cum

1972 2655 2104 2711 ergo
2125 2642 2198 2696 sit
2224 2640 2399 2712 gloria
2427 2641 2629 2710 Patris,
2653 2645 2926 2714 quomodo
2954 2645 3028 2700 sit
3058 2654 3330 2712 creatura,
3359 2660 3426 2701 ac
3442 2662 3550 2703 uon

1975 2731 2153 2798 potius
2172 2730 2340 2787 Filius
2358 2740 2413 2787 et
2441 2732 2581 2789 Deus
2601 2748 2670 2790 ex
2716 2735 2848 2802 Deo,
2903 2749 3001 2805 per
3038 2750 3189 2792 suam
3235 2738 3547 2795 naturalem

1976 2821 2430 2892 magnificentiam
2479 2823 2719 2882 efficiens
2773 2834 2832 2882 ut
2877 2826 3212 2897 glorificetur
3236 2828 3408 2900 ipsius
3439 2828 3549 2885 Pa-

1919 2929 1926 2935 ·
1977 2924 2082 2984 ter,
2116 2915 2207 2987 qui
2239 2915 2291 2971 in
2315 2913 2453 2972 Filio
2488 2926 2742 2987 tanquam
2768 2918 2822 2973 in
2886 2919 3122 2989 imagine
3172 2920 3437 2986 cernitur,
3496 2932 3555 2975 ut

1977 3006 2208 3079 ipsemet
2276 3007 2453 3066 dixit:
2508 3028 2528 3065 ι
2587 3009 2689 3079 Qui
2752 3009 2897 3069 videt
2966 3023 3073 3077 tue,
3134 3012 3267 3071 vidit
3340 3023 3397 3071 et
3452 3012 3554 3069 Pa-

264 3107 573 3179 λεγόμενον
602 3124 618 3140 ·
645 3125 665 3159 ι
706 3107 765 3162 ‘0
813 3105 1081 3180 ἑωρακὼς
1137 3105 1240 3178 ἐμὲ
1265 3148 1281 3175 ,
1331 3104 1546 3180 ἑώρακε
1611 3105 1704 3161 τὸν
1751 3107 1868 3160 Πα·
1898 3100 1942 3162 C
1975 3108 2110 3157 trem
2134 3099 2217 3156 ⁸⁸?
2256 3119 2274 3154 υ

264 3198 442 3271 τέρας
475 3217 498 3252 ι

756 3289 963 3356 mo,
1003 3293 1092 3358 είς
1125 3289 1195 3345 τὸ
1226 3289 1395 3345 αὐτό.

346 3402 413 3457 Εἰ
432 3400 570 3470 δόξα
597 3400 696 3456 τοῦ
737 3403 954 3476 Πατρδς
976 3403 1243 3475 ὑπάρχων
1272 3402 1302 3455 ὁ
1338 3401 1488 3466 Υἱὸς,
1519 3401 1732 3475 ποίημα
1774 3404 1871 3459 καὶ

286 3490 655 3567 ἡδο-τὶ,
684 3493 929 3566 >infidus
952 3495 1047 3551 καὶ
1076 3494 1307 3551 ἕκαστον
1339 3494 1447 3548 τῶν
1483 3494 1870 3565 πεποιημένων

286 3584 407 3655 δόξα
432 3584 539 3643 τοῦ
572 3585 717 3642 Θεοῦ
761 3588 857 3642 καὶ
904 3588 1137 3659 Πατρός.
1187 3589 1250 3641 Εἰ
1288 3589 1394 3660 γάρ
1425 3588 1561 3652 ὅλως
1598 3586 1870 3658 ἐνδέχεται

278 3680 511 3754 ττιστὴν
569 3682 669 3736 καὶ
722 3681 1095 3753 πεποιημένην
1158 3682 1347 3735 οὐσίαν
1404 3680 1672 3751 άναδῆναι
1734 3680 1870 3753 πρὸς

277 3772 461 3839 τοῦτο,
484 3775 553 3830 τὸ
572 3774 784 3830 κωλῦον
812 3774 965 3829 οὐδὲν
986 3775 1079 3828 ἐπὶ
1107 3775 1288 3829 πᾶσαν
1309 3774 1408 3845 τὴν
1437 3774 1614 3828 κτίσιν
1642 3773 1870 3844 ἄγεσθαι

275 3865 616 3936 ὡάξίωμα.
669 3865 743 3921 Τὸ
782 3865 892 3937 γὰρ
937 3865 1165 3937 δυνάμει
1211 3865 1457 3936 πεφυκός
1508 3884 1561 3919 τι
1592 3865 1868 3936 γενέσθαι,

272 3958 481 4028 γίνοιτ’
533 3957 603 4013 ἂν
653 3957 904 4021 ἔσθ’ὅτε.
946 3960 1040 4014 καὶ
1085 3959 1141 4012 el
1171 3959 1246 4029 μὴ
1291 3976 1378 4012 πω
1410 3957 1657 4027 γέγονεν.
1704 3959 1769 4013 Et
1812 3959 1871 4012 δὲ

278 4050 386 4104 ἰπὶ
410 4049 522 4105 τῶν
546 4050 721 4106 ἄλλων
763 4049 917 4105 οὐδὲν
965 4050 1027 4104 τὸ
1077 4048 1317 4104 τοιοῦτον
1350 4051 1586 4122 εἴρηται,
1636 4053 1784 4121 μόνῳ
1815 4049 1873 4105 δὲ

283 4139 552 4212 πρόσεστι
594 4142 676 4214 τῷ
710 4141 846 4213 Υἱῷ,
889 4142 990 4196 οὐκ
1020 4141 1128 4214 ἄρα
1174 4133 1255 4205 εἷς
1285 4140 1394 4196 τῶν
1438 4143 1656 4197 πάντων
1701 4141 1869 4197 ἐστίν.

286 4233 356 4288 Et
380 4233 439 4288 et
469 4234 651 4299 τοῦτο,
691 4234 753 4289 οὐ
787 4234 1000 4306 ποίημα
1019 4249 1034 4265 ·
1057 4233 1120 4287 τὸ
1155 4233 1262 4304 γὰρ
1283 4232 1388 4299 ἔξω
1412 4229 1630 4288 πάντων
1658 4233 1739 4301 δν,
1771 4234 1874 4289 οὐκ

283 4329 355 4393 ὲν,
390 4330 509 4393 τοῖς
552 4329 723 4382 πᾶσιν
769 4327 945 4395 ἔσται,
997 4326 1110 4383 ἀλλ’
1152 4325 1341 4398 ἔτερόν
1388 4342 1440 4379 τι
1492 4325 1643 4397 παρὰ
1673 4328 1870 4394 πάντα,

281 4420 431 4492 ὅπερ
459 4418 579 4472 ἐστὶ
610 4416 763 4483 0⁸6<-

980 4528 1184 4582 ΑΛΛΟ.

361 4640 385 4678 ε
428 4621 573 4688 Τοὺς
601 4620 713 4694 γάρ
740 4621 949 4685 πάντας
978 4621 1125 4693 ἡμᾶς
1155 4619 1536 4692 φανερωθῆναι
1560 4618 1660 4684 δεῖ,
1685 4619 1870 4692 φησὶν,

284 4715 599 4789 ἔμπροσθεν
631 4713 726 4768 τοῦ
764 4714 1005 4786 βήματος
1037 4711 1128 4768 τοῦ
1169 4711 1407 4786 Χριστοῦ
1427 4729 1439 4742 ·
1474 4713 1562 4768 ἴνα
1606 4712 1670 4785 δὴ
1707 4712 1869 4785 κομί·

284 4824 452 4880 σηται
498 4804 730 4870 ἕκαστος
776 4806 914 4878 πρὸς
963 4807 999 4860 ἃ
1042 4804 1298 4878 ἔπραξεν,
1339 4805 1447 4858 εἴτε
1502 4805 1726 4874 ἀγαθὸν,
1759 4806 1871 4860 εἴτε

281 4900 515 4971 φαῦλον.
556 4917 577 4952 ι
616 4898 825 4954 Οὐκοῦν
875 4901 924 4953 εί
970 4898 1189 4971 Χριστῷ
1239 4897 1721 4970 παραστησόμεθα,
1772 4898 1871 4954 καὶ

282 4992 448 5057 αὐτός
478 4992 630 5046 ἐστιν
661 4991 690 5046 ό
722 4990 923 5060 κρίνων
938 4990 1037 5060 τὴν
1064 4989 1188 5060 γῆν,
1213 4990 1308 5042 καὶ
1323 4989 1614 5053 ἀποδιδοὺς
1649 4989 1867 5062 ἑκάστῳ

281 5084 428 5138 κατὰ,
451 5083 524 5138 τά
551 5082 691 5155 ἔργα
719 5081 907 5148 αὐτοῦ,
943 5080 1088 5161 κρθά
1116 5098 1280 5153 φησιν
1315 5082 1344 5133 ὁ
1381 5081 1706 5152 Ψαλμῳδός·
1737 5081 1871 5147 Θεὸς

282 5175 396 5247 ἄρα
418 5175 540 5231 ἐστὶ
571 5175 665 5230 καὶ
693 5174 846 5239 Υἱὸς,
867 5173 927 5228 οὐ
952 5173 1185 5245 ποίημα.
1231 5171 1385 5226 Ἐπεὶ
1409 5171 1507 5226 καὶ
1536 5173 1577 5227 ὁ.
1595 5173 1873 5244 πάνσοφος

282 5266 537 5339 Σολομὼν
616 5265 679 5320 ἐν
769 5264 1166 5337 Ἐκκλησιαστῇ
1255 5261 1495 5319 τοιοῦτόν
1556 5263 1612 5319 τί
1669 5282 1869 5338 φησιν·

288 5376 308 5407 ι
350 5357 475 5411 Ὅτι
515 5355 744 5429 σύμπαν
774 5355 836 5409 τὸ
884 5355 1097 5427 ποίημα
1135 5353 1252 5420 ἄξει
1299 5355 1329 5408 ὁ
1373 5354 1507 5419 Θεὸς
1556 5357 1636 5422 είς
1686 5357 1874 5429 κρίσιν

280 5450 342 5502 ὲν
397 5449 571 5525 παντὶ
618 5445 1069 5520 παρεωραμένῳ,
1125 5444 1220 5500 ἐὰν
1275 5446 1501 5516 άγαθδν,
1548 5449 1644 5505 ἐὰν
1695 5468 1864 5524 mvn..

281 5539 395 5610 ρόν.
448 5558 468 5592 ι

2520 3286 2752 3354 Aulin,
2787 3289 2842 3345 ιἰι
2868 3288 3026 3345 idem.

2046 3403 2103 3460 Si
2134 3403 2324 3469 Filius,
2366 3417 2491 3458 eum
2543 3403 2618 3460 sit
2664 3403 2836 3473 gloria
2891 3402 3096 3467 PatriS,
3134 3411 3222 3458 est
3248 3417 3386 3472 opus
3440 3402 3555 3458 sive

1974 3504 2246 3559 creatura,
2274 3503 2424 3551 certe
2453 3509 2791 3565 unaquaeque
2821 3495 2986 3549 etiam
3016 3504 3267 3550 creatura
3294 3494 3402 3549 dici
3457 3509 3555 3564 po-

1976 3586 2102 3643 terit
2129 3585 2299 3658 gloria
2321 3586 2415 3644 Dei
2436 3600 2502 3643 ae
2525 3585 2723 3642 Patris.
2754 3583 2891 3640 Nam
2919 3585 2966 3640 si
2997 3585 3239 3642 essentia
3261 3595 3443 3643 creata
3490 3601 3555 3643 eo

1975 3679 2254 3748 diguitatis
2278 3679 2645 3736 conscendere
2667 3687 2869 3750 potest,
2907 3677 3043 3734 nibil
3093 3678 3372 3736 obstiterit
3413 3694 3554 3751 quo·

1977 3771 2156 3827 minus
2183 3772 2301 3828 ltaee
2324 3771 2559 3841 dignitas
2591 3772 2755 3829 etiam
2780 3771 2900 3828 aliis
2925 3771 3195 3840 creaturis
3214 3771 3287 3829 sit
3305 3785 3553 3828 commu-

1978 3862 2082 3916 uis.
2105 3860 2260 3928 Quod
2291 3862 2435 3917 euim
2453 3862 2695 3932 putentia
2730 3861 2850 3918 lieri
2881 3861 3086 3933 aliquid
3108 3869 3307 3932 potest,
3349 3859 3402 3916 id
3453 3859 3555 3916 ali-

1978 3952 2198 4026 quando
2220 3963 2345 4009 actu
2381 3966 2504 4008 esse
2542 3960 2737 4022 potest,
2789 3955 3006 4010 tametsi
3063 3953 3267 4010 sactum
3310 3953 3550 4010 nondum

1977 4048 2069 4103 sit.
2093 4046 2165 4103 At
2191 4060 2322 4102 vero
2350 4044 2492 4117 side
2518 4043 2640 4100 aliis
2669 4044 2774 4100 boc
2805 4044 2911 4100 dici
2937 4060 3045 4100 nou
3072 4053 3276 4116 potest,
3297 4045 3396 4100 sed
3450 4044 3553 4101 soli

1975 4139 2116 4196 Filio
2149 4139 2425 4204 convenit,
2457 4153 2565 4194 non
2594 4146 2680 4195 est
2712 4136 2880 4210 igitur
2907 4137 3081 4194 Filius
3113 4152 3256 4194 unus
3311 4153 3379 4194 ex
3437 4152 3551 4193 otn-

1975 4231 2153 4287 uibus.
2185 4229 2326 4301 Ergo
2367 4244 2467 4287 nee
2498 4233 2749 4287 creatura
2785 4246 2801 4286 ε
2834 4245 2960 4286 nam
2981 4229 3127 4303 quod
3157 4239 3313 4286 extra
3362 4243 3553 4285 omnes

1976 4331 2085 4389 est,
2116 4322 2219 4379 boe
2242 4322 2567 4380 inmunibus
2599 4338 2706 4380 uon
2729 4323 2855 4390 erit,
2887 4322 2985 4381 sed
3040 4322 3313 4381 diversum
3347 4320 3555 4391 aliquid

1902 4439 1949 4496 D
1977 4416 2048 4471 ab
2070 4414 2344 4481 omuibus.
2370 4415 2516 4486 quod
2545 4423 2630 4471 est
2659 4414 2822 4472 Deus.

2652 4524 2887 4583 amun.

2058 4639 2078 4672 ι
2113 4620 2314 4674 omncs
2336 4617 2674 4690 nos,iuquit,
2720 4627 2976 4690 oportet.
3027 4617 3368 4676 manifestari
3428 4629 3555 4676 ante

1981 4710 2214 4766 tribuual
2239 4708 2461 4778 Christi,
2485 4719 2546 4765 ut
2565 4709 2938 4779 uniusquisque
2960 4709 3196 4780 accipiat
3246 4711 3549 4767 secundum

1980 4815 2042 4858 ea
2067 4816 2188 4871 quae
2218 4798 2365 4867 fecit,
2402 4801 2517 4858 sive
2544 4803 2770 4867 bonum.
2801 4787 2926 4858 sive
2952 4802 3153 4859 malum
3188 4803 3256 4859 ⁸⁹.
3284 4822 3303 4855 ι
3330 4803 3556 4872 Quando

1976 4909 2105 4963 ergo
2166 4905 2291 4951 aute
2338 4894 2570 4950 tribunal
2634 4892 2839 4950 Christi
2906 4894 3189 4960 sistemur,
3223 4902 3281 4951 et
3318 4892 3434 4964 ipse
3468 4903 3553 4950 est

1975 4990 2065 5062 qui
2111 4989 2320 5059 judicat
2371 4999 2592 5053 terram,
2634 4997 2689 5043 et
2728 4988 2982 5045 retribuit
3032 4988 3326 5060 unicuique
3358 5002 3554 5044 secun·

1975 5085 2101 5140 dunt
2146 5098 2309 5155 opera
2362 5083 2550 5152 ipsius,
2592 5081 2735 5139 sicut
2784 5081 3177 5140 ait-Psalmista
3212 5083 3259 5115 '⁸
3287 5100 3300 5136 ε
3325 5095 3456 5152 ergo
3493 5090 3551 5135 et

1974 5175 2145 5231 Filius
2191 5183 2277 5231 est
2323 5174 2486 5241 Deus,
2532 5189 2641 5229 non
2694 5182 2981 5242 creatura;
3032 5172 3300 5243 siquidem
3348 5180 3405 5228 et
3451 5186 3540 5227 sa·

1973 5266 2338 5337 pientissimus
2366 5264 2621 5322 Salomon
2650 5264 2753 5321 tale
2776 5265 2905 5336 quid
2944 5266 2997 5320 in
3039 5262 3377 5320 Ecclesiaste
3421 5263 3542 5319 ait:

1978 5379 2000 5412 ι
2043 5358 2178 5428 Quia
2234 5358 2541 5414 universam
2613 5368 2919 5415 creaturam
2996 5355 3225 5413 adducet
3297 5353 3441 5412 Deus
3491 5355 3546 5412 in

1965 5451 2225 5521 iudicium
2274 5465 2372 5520 pro
2416 5452 2563 5507 omni
2611 5460 2793 5507 errato
2825 5449 2943 5506 sive
2985 5449 3207 5514 bonum,
3258 5448 3377 5505 sive
3432 5462 3549 5502 mtt-

1974 5544 2079 5598 lunt
2121 5543 2188 5598 ⁷¹.
2219 5562 2236 5596 ι

352 5684 397 5716 “
426 5682 587 5739 Joan.
615 5696 727 5744 xiv,
758 5680 811 5736 li.
890 5681 935 5714 ⁴⁸
964 5679 1089 5735 ibid.
1118 5680 1170 5735 9.
1249 5680 1293 5709 “
1327 5679 1367 5734 li
1392 5680 1517 5739 Cor.
1546 5698 1623 5752 tv,
1669 5683 1723 5754 5,
1756 5685 1808 5742 s.
1889 5688 1933 5727 ⁸¹
1957 5685 2113 5745 Joan.
2156 5702 2230 5757 vt,
2255 5684 2346 5744 sl„
2405 5687 2469 5762 ⁴⁸⁸
2492 5685 2645 5744 Juatt.
2674 5702 2788 5758 ειν,
2828 5686 2885 5744 9.
2963 5684 3007 5718 ‘⁵'
3042 5680 3088 5740 ll
3126 5679 3251 5740 Cor·
3295 5696 3349 5750 v,
3379 5677 3471 5735 ¹0·

281 5752 328 5786 ¹⁸
362 5754 509 5809 l'sul.
540 5768 650 5821 ut,
692 5752 778 5811 ¹3.
858 5754 900 5784 ’⁸
935 5750 1113 5808 Ecclc.
1154 5768 1248 5818 att,
1291 5756 1369 5807 tl.
