3809 6125
260 358 400 415 tto‘t

263 559 572 630 unigenitus
605 569 766 624 porro
796 552 960 616 idem,
1005 559 1064 604 ut
1095 550 1246 604 solus
1289 563 1358 602 ex
1390 546 1508 602 solo
1539 545 1702 599 Patre
1736 557 1839 596 na·

265 661 376 711 tus,
403 656 456 702 et
484 656 543 700 ut
579 647 741 698 Deus.

338 736 734 793 Sanctificatus
782 731 948 785 fuisse
1000 730 1201 784 dicitur
1241 744 1337 799 per
1378 728 1638 797 Spiritum
1665 765 1681 792 ,
1720 738 1841 779 cutn

268 834 388 903 ipse
416 831 758 886 sanctiticare
798 825 973 879 soleat
1005 822 1360 886 accedentes;
1409 820 1720 887 baptizatus
1758 830 1844 870 se·

268 925 502 977 cundum
533 933 776 980 carnem,
821 917 913 983 uui
950 916 1003 968 iu
1033 924 1224 969 saneto
1253 911 1459 980 Spiritu
1510 906 1842 977 baptizabat.

269 1013 555 1081 Quomodo
600 1010 764 1079 igitur
812 1011 951 1064 idem
987 1016 1047 1061 et
1090 1001 1395 1058 sanctificat
1435 1008 1491 1053 et
1539 997 1848 1053 sanctitica-

273 1111 395 1166 tur,
447 1101 686 1169 baptizat
729 1109 783 1154 et
835 1095 1191 1168 baptizatur?
1245 1093 1554 1148 Secundum
1601 1090 1745 1144 aliud
1791 1098 1847 1143 et

273 1190 416 1245 aliud
448 1210 462 1246 ι
493 1190 862 1245 sanctificatur
889 1188 1036 1242 euim
1058 1187 1313 1248 immane,
1340 1185 1482 1239 sicut
1507 1182 1671 1237 etiam
1711 1183 1847 1249 liap-

273 1286 516 1349 tizatut‘3
573 1282 881 1337 sanctificat
924 1287 1106 1333 autent
1139 1277 1366 1347 divine,
1419 1284 1475 1330 et
1509 1273 1747 1342 baptizat
1794 1272 1848 1325 in

1287 342 1347 396 s,
1379 301 1671 396 cmm
1703 322 2171 386 acssxauoata't
2211 316 2528 376 attentet».

261 473 404 526 tuter
422 466 580 537 797
612 462 872 533 plurimos
905 460 1123 521 fratres,
1156 466 1373 527 propter
1395 453 1792 509 humanitatem
1820 464 1836 511 ;
1866 451 1915 505 A
1943 443 2253 498 etiamtunc
2271 450 2393 491 cum
2415 434 2470 487 in
2487 428 2668 485 multis
2689 425 2852 481 suerit
2889 418 3119 476 fratribu

274 1374 483 1446 Spiritu
511 1387 724 1428 sancto.

342 1466 476 1521 Cum
506 1467 618 1535 ipse
640 1464 862 1518 suscitet
882 1477 1024 1516 mor-

273 1569 394 1612 tuos
422 1595 437 1621 ,
479 1555 776 1611 resurrexit
806 1569 835 1606 a
878 1568 1024 1607 mor-

275 1651 403 1710 tuis,
438 1657 631 1702 etcum
654 1648 723 1700 sit
754 1662 850 1716 per
876 1656 1028 1700 natu-

274 1757 389 1796 ram
409 1742 544 1804 vita,
594 1741 854 1795 vivificari
891 1740 1028 1794 dici-

278 1845 396 1901 tur.;
433 1834 533 1890 huc
574 1849 807 1903 quonam
833 1831 1031 1886 modo?

274 1924 580 1979 Secundum
600 1922 743 1977 aliud
765 1939 956 1991 nempe
977 1931 1030 1976 et

273 2013 419 2067 aliud
461 2014 620 2082 :ipse
660 2013 802 2065 enim
857 2025 1033 2065 resur·

276 2105 418 2161 rexit
454 2107 667 2175 quidem
712 2123 739 2157 a
780 2105 1028 2168 mortuis,

273 2206 328 2250 et
344 2197 605 2251 vivificari
634 2197 823 2251 dicitur
843 2208 1034 2249 secuu-

274 2292 398 2346 dum
457 2305 672 2346 carnem
702 2307 718 2357 ;
789 2288 1030 2344 vivilicat

273 2394 450 2438 autem
485 2393 540 2438 et
569 2382 800 2437 suscitat
825 2397 854 2436 a
884 2395 1029 2436 mor-

274 2476 401 2543 tuiS,
447 2485 632 2548 utpote
683 2477 841 2530 Deus.
883 2474 1030 2528 Pati-

275 2583 383 2638 tur,
425 2582 478 2626 et
526 2587 633 2627 non
675 2570 897 2640 patitur,
939 2584 1023 2625 se·

273 2660 509 2715 cundum
553 2661 697 2713 aliud
745 2671 801 2714 et
834 2659 976 2713 aliud
1009 2673 1024 2709 ι

272 2752 482 2822 patitur
525 2752 743 2822 quidem
795 2752 1027 2806 humane

273 2857 534 2904 carne.eo
559 2842 700 2913 quod
729 2842 888 2896 bomo
917 2840 1023 2908 sit;

1165 1459 1336 1524 Αὐτὸς
1353 1459 1578 1530 ἐγείρων
1611 1458 1738 1520 τοὺς
1761 1473 1850 1511 νε-

1096 1556 1282 1624 κροὺς,
1307 1554 1370 1607 ὲκ
1391 1552 1600 1622 νεκρῶν
1623 1551 1855 1621 ἐγήγερ-

1096 1663 1217 1701 ται·
1254 1646 1350 1699 καὶ
1380 1644 1489 1709 ζῶν
1518 1642 1661 1697 κατὰ
1692 1641 1854 1711 φύσιν

1096 1740 1412 1809 τυγχάνων,
1472 1735 1851 1801 ζωοποιεῖσθαι

1099 1836 1336 1905 λέγεται.
1369 1832 1480 1885 Καὶ
1508 1832 1628 1894 πῶς
1663 1831 1852 1895 τοῦτος

1101 1928 1237 1981 Κατ’
1285 1928 1414 1982 ἄλλο
1463 1930 1558 1983 καὶ
1608 1929 1752 1985 ἄλλο.
1797 1927 1856 1980 '0

1101 2020 1210 2093 γὰρ
1230 2021 1389 2084 αὐτὸς
1424 2023 1721 2094 ἐγήγερται
1757 2021 1856 2093 μὲν

1101 2113 1168 2164 ἐκ
1205 2111 1437 2181 νεκρῶν,
1481 2110 1857 2176 ζωοποιεϊσθαί

1098 2222 1159 2258 τε
1206 2204 1422 2272 λέγεται
1469 2204 1610 2258 κατὰ
1656 2204 1854 2275 σάρκα,

1102 2297 1357 2363 ζωοποιεῖ
1376 2298 1432 2353 δὲ
1458 2299 1549 2351 καὶ
1574 2298 1856 2368 ἀνίστησιν

1098 2386 1225 2449 τοὺς
1269 2387 1513 2458 νεκροὺς,
1564 2386 1639 2449 ὡς
1686 2386 1851 2450 Θεός·

1101 2479 1322 2549 πάσχει,
1373 2479 1467 2532 καὶ
1510 2479 1569 2530 οὐ
1634 2477 1853 2547 πάσχει,

1101 2573 1224 2626 κατ’
1263 2569 1390 2625 ἄλλο
1434 2570 1525 2623 καὶ
1568 2569 1723 2625 ἄλλο·
1757 2568 1856 2623 πά·

1101 2682 1218 2736 σχει
1269 2664 1366 2736 μὲν
1419 2666 1527 2735 γὰρ
1573 2653 1852 2736 ἁνθρωτὲῑ-

1097 2773 1204 2820 νως
1235 2755 1428 2828 σαρκὶ,
1471 2754 1607 2809 καθὸ
1648 2755 1855 2827 ἀνθρω-

1097 2866 1198 2914 πος
1220 2864 1233 2881 ·
1266 2848 1481 2917 ἀπαθὴς
1509 2848 1565 2901 δέ
1599 2849 1715 2902 ἐστι
1747 2848 1855 2902 θεῖ-

273 2936 616 3005 impasslbilis
645 2946 823 2992 autem
848 2937 1027 2991 divine

274 3038 477 3095 manet,
505 3038 562 3084 ut
585 3028 743 3086 Deus.

1096 2942 1230 3006 κῶς,
1260 2941 1336 3006 ὡς
1365 2940 1516 3006 Θεός.

342 3118 600 3174 Adoravit
630 3120 742 3190 ipse
764 3119 1042 3174 nobiscum
1073 3136 1088 3172 z
1115 3135 1134 3169 ι
1178 3116 1289 3174 Vos
1327 3116 1492 3181 enim,
1525 3114 1718 3185 inquit,
1751 3115 1841 3168 ad·
1872 3117 1918 3178 c

273 3206 440 3262 oratis
457 3206 598 3276 quod
625 3209 847 3264 nescitis
865 3227 882 3276 ;
902 3223 1000 3263 nos
1018 3207 1307 3262 adoramus
1329 3204 1468 3275 quod
1487 3204 1689 3260 scimus
1707 3204 1756 3237 ⁸·
1776 3222 1791 3272 3
1822 3224 1840 3258 ι

273 3306 439 3350 otest
470 3297 633 3352 etiam
657 3300 964 3353 adorandus
998 3315 1011 3351 ε
1046 3317 1065 3351 ι
1100 3296 1360 3352 Flectitur
1377 3295 1518 3352 enim
1552 3296 1650 3364 ipsi
1686 3311 1846 3350 omne
1930 3293 1935 3326 ²

274 3402 412 3456 genu
462 3389 530 3441 ⁸¹.
568 3407 586 3439 ι
621 3389 733 3444 lloc
782 3404 997 3458 quoque
1040 3389 1334 3444 secundum
1396 3387 1542 3442 aliud
1589 3397 1645 3442 et
1674 3388 1841 3445 aliud.

275 3479 480 3534 Adorat
509 3479 677 3544 enim,
703 3483 830 3549 quia
864 3490 1108 3534 naturam
1132 3481 1446 3551 assumpsit,
1491 3494 1613 3549 quae
1651 3479 1848 3534 debeat

277 3572 504 3626 adorare
533 3589 549 3638 ;
585 3572 843 3627 adoratur
873 3581 1053 3626 autem
1090 3587 1252 3642 porro
1283 3573 1446 3638 idem,
1489 3571 1643 3641 quasi
1677 3572 1848 3641 major

276 3660 540 3717 adorante
587 3670 801 3728 natura,
849 3675 915 3716 eo
963 3662 1104 3730 quod
1155 3661 1472 3729 intelligitur
1521 3663 1680 3715 Deus.
1734 3664 1845 3716 Ad·

275 3755 527 3814 oratione
548 3768 679 3807 vero
709 3770 813 3808 non
842 3763 925 3809 est
946 3752 1289 3807 dividendum
1322 3752 1375 3806 in
1400 3754 1672 3808 hominem
1694 3770 1846 3809 seor·

278 3863 371 3903 sus
396 3857 450 3903 et
478 3860 696 3901 seorsus
728 3845 781 3899 in
827 3843 1028 3910 Deum;
1071 3859 1248 3914 neque
1281 3860 1410 3901 vero
1451 3857 1704 3916 tanquam
1739 3847 1848 3902 Deo

277 3937 623 4006 conjunctum
641 3935 946 4004 :equalitate
965 3935 1264 4005 dignitatis,
1287 3935 1477 3990 divisis
1505 3936 1844 4003 substantiis,

276 4045 402 4085 cutn
448 4028 565 4096 ipso
612 4028 825 4082 adorari
855 4026 1085 4081 dicimus
1135 4026 1410 4080 hominem
1471 4027 1550 4097 (id
1580 4028 1723 4083 enim
1751 4043 1848 4083 ex-

281 4128 467 4174 tremae
497 4118 786 4188 impietatis
813 4117 1183 4186 plenissimum
1211 4117 1317 4185 est)
1353 4119 1483 4173 :sed
1539 4134 1703 4171 uuum
1739 4120 1840 4172 ad-

277 4210 542 4267 oraudum
583 4209 856 4263 homiuem
892 4208 1183 4274 sactum,et
1213 4209 1552 4265 incarnatum
1586 4210 1675 4264 Dei
1714 4209 1849 4266 Ver·

279 4304 427 4370 butn;
453 4304 525 4357 ita
556 4312 759 4365 tamen,
793 4310 849 4355 ut
891 4302 1175 4355 credamus
1217 4315 1414 4369 corpus
1458 4301 1505 4354 ei
1551 4305 1845 4356 adunatum

277 4395 515 4447 animam
544 4391 700 4460 juxta
747 4407 847 4448 uos
899 4390 1155 4447 habuisse
1211 4391 1611 4447 rationabilem.
1665 4392 1847 4463 Neque

278 4479 422 4534 euim
458 4481 598 4535 Deus
623 4480 961 4549 omnipotens
993 4479 1128 4536 duos
1160 4481 1553 4550 primogenitos
1588 4485 1847 4553 praecepit

280 4580 551 4643 oportere,
586 4580 692 4626 tam
729 4587 759 4625 a
789 4570 945 4626 nobis
978 4586 1138 4641 quam
1161 4587 1190 4625 a
1227 4573 1432 4628 sanctis
1484 4575 1711 4645 angeliS,
1745 4578 1843 4630 ad·

280 4661 451 4714 orari.
479 4658 631 4715 Unus
657 4671 740 4716 est
767 4661 936 4729 enim,
961 4662 1051 4731 qui
1087 4672 1169 4717 est
1207 4663 1544 4720 introductus
1573 4666 1626 4720 in
1657 4668 1843 4723 orbem

280 4763 544 4808 terrarum
572 4754 651 4820 ⁸¹;
687 4754 812 4809 etsi
846 4754 1260 4812 introductionis
1305 4757 1522 4811 modum
1568 4759 1846 4815 curiosius

280 4852 716 4913 perscrutemur,
755 4843 989 4899 carnalis
1047 4845 1471 4913 dispensationis
1522 4851 1843 4919 mysterium

282 4933 639 4989 inveniemus.
671 4931 1018 4991 introductus
1047 4945 1131 4992 est
1177 4947 1357 4992 autem
1413 4937 1464 4991 in
1499 4940 1685 4995 orbem
1741 4951 1849 4997 ter-

281 5014 487 5091 rarum,
522 5036 648 5081 tuuc
664 5038 799 5080 teum
832 5026 1006 5082 sactus
1040 5038 1122 5083 est
1154 5028 1336 5094 homo,
1368 5027 1492 5084 licet
1528 5038 1724 5085 natura
1751 5046 1846 5086 sua

285 5119 492 5176 distare
511 5119 579 5175 ab
600 5121 731 5176 orbe
753 5119 1068 5191 longissime
1091 5120 1357 5185 videatur,
1387 5130 1440 5173 et
1468 5120 1520 5174 in
1544 5121 1844 5178 divinitatis

279 5209 573 5265 eminentia
591 5224 718 5264 vere
735 5222 855 5264 esse
880 5208 1134 5264 credatur
1166 5224 1183 5264 ι
1218 5210 1354 5264 alius
1377 5221 1456 5265 est
1480 5210 1624 5264 entim
1651 5222 1847 5281 praeter

279 5300 544 5357 clementa
569 5309 782 5359 creator
805 5301 1064 5374 ipsorum.
1102 5299 1241 5373 Ergo
1271 5317 1433 5370 super
1457 5316 1541 5366 ea,
1568 5317 1686 5370 quze
1716 5305 1831 5372 ipsc

3395 292 3525 349 ¹408

3124 432 3151 472 s
3177 433 3194 469 t
3230 423 3367 469 tunc
3389 413 3529 468 enim

1942 539 2227 604 propterea
2265 526 2448 579 dictus
2478 530 2560 576 est
2591 513 3005 589 primogenitus.
3152 599 3164 609 ·
3214 597 3225 609 ·

2019 621 2201 675 Unum
2234 616 2427 671 Filium
2461 610 2709 669 adoravit
2755 618 2935 662 caecus
2986 617 3017 655 a
3052 607 3354 655 nativitate
3393 610 3488 651 sua
3514 637 3532 660 ,

1945 727 2067 767 cum
2095 711 2382 780 praecipuo
2407 700 2751 767 mirabilique
2784 696 2947 750 modo
2978 698 3213 746 sanatus
3242 698 3357 745 est.
3382 686 3533 751 Nam,

1951 821 1972 855 ι
2011 816 2133 855 cum
2176 796 2475 854 invenisset
2500 807 2623 849 eum
2651 791 2703 843 in
2737 784 2933 855 templo
2961 780 3148 848 lesus,
3204 779 3352 833 dixit
3393 798 3411 834 ι
3461 777 3534 833 Tu

1948 890 2201 947 credisiu
2242 888 2435 943 Filium
2475 879 2725 937 Deitttte
2770 885 2954 931 autent
2988 872 3131 927 dixit
3166 890 3183 925 ι
3221 869 3366 937 Quis
3413 881 3531 931 est,

1950 980 2195 1042 Domine,
2227 987 2286 1032 ut
2319 974 2538 1031 credam
2583 971 2637 1024 in
2683 964 2917 1024 eum⁸⁸2
2972 982 2992 1015 t
3020 960 3292 1017 Christus
3322 975 3457 1016 vero
3491 962 3533 1014 ei

1950 1069 2187 1136 seipsum
2228 1081 2352 1121 cum
2404 1075 2634 1130 corpore
2682 1058 3094 1119 demonstraus,
3134 1053 3328 1109 aiebat
3362 1070 3378 1105 ε
3429 1070 3450 1104 ι
3482 1050 3538 1106 Et

1949 1159 2132 1215 vidisti
2164 1158 2379 1228 quidem
2411 1168 2557 1218 eum,
2606 1160 2662 1208 et
2707 1148 2798 1220 qui
2852 1146 3092 1216 loquitur
3152 1155 3342 1201 tecum
3373 1184 3392 1209 ,
3438 1143 3541 1213 ipse

1951 1258 2039 1304 est
2070 1247 2136 1302 ⁸⁸.
2167 1266 2189 1300 ι
2227 1246 2384 1301 Vides
2404 1242 2550 1313 quod
2590 1237 2851 1310 singulari
2888 1252 3124 1293 numero
3165 1246 3360 1290 utatur
3383 1275 3401 1299 ,
3445 1251 3540 1288 nott

1952 1338 2273 1408 permittens
2326 1335 2493 1391 Deum
2546 1343 2602 1388 et
2648 1332 2923 1387 hominem
2981 1344 3218 1384 seorsus
3278 1327 3539 1399 intelligi:

1952 1428 2066 1483 imo
2106 1441 2235 1482 vern
2272 1433 2328 1481 et
2370 1425 2417 1480 si
2444 1424 2568 1494 quis
2596 1422 2875 1478 homiuem
2928 1418 3319 1474 nominaverit
3344 1418 3545 1473 Emma-

1958 1519 2104 1585 nuel,
2137 1518 2364 1572 minime
2402 1516 2618 1585 quidem
2650 1525 3002 1568 communem
3057 1509 3357 1565 homiuem
3387 1510 3547 1581 signi·

1960 1613 2201 1670 licaverit
2221 1629 2237 1679 ;
2261 1612 2354 1666 sed
2378 1610 2471 1667 Dei
2500 1605 2734 1662 Verbum
2755 1603 3060 1660 adunatum
3084 1613 3301 1659 nostra·
3331 1616 3546 1661 natura.

1967 1704 2119 1761 llunc
2148 1705 2289 1760 sicut
2323 1716 2487 1757 unum
2509 1742 2526 1767 ‚
2559 1698 2833 1755 hominem
2885 1697 3207 1751 adoravere
3258 1697 3408 1751 beati
3450 1697 3547 1751 dis·

1892 1787 1935 1842 Β
1960 1796 2143 1867 cipuli,
2174 1811 2299 1850 cum
2331 1808 2454 1848 eum
2482 1793 2728 1847 videntes
2782 1789 2939 1845 miris
2982 1790 3175 1844 modis
3224 1790 3370 1844 inter
3397 1806 3551 1859 aquas

1958 1885 2259 1951 ambulare,
2286 1886 2602 1948 adoravere,
2639 1881 2887 1938 dicentes
2940 1898 2957 1935 ι
3016 1897 3037 1931 ι
3075 1878 3234 1936 Vere
3275 1882 3372 1940 Dei
3399 1880 3550 1940 riti-s

1956 1995 2018 2035 es
2036 1979 2105 2034 ⁸⁸.
2144 1997 2164 2031 1

2030 2071 2090 2128 Si
2120 2085 2253 2127 vero
2283 2070 2555 2126 hominem
2586 2084 2707 2125 cum
2748 2066 2861 2123 Dco
2885 2065 3197 2122 coadorari
3243 2067 3551 2130 dixerimtn,

1894 2195 1901 2207 ·
1960 2163 2277 2218 divisionem
2338 2161 2787 2231 spatiosissimam
2827 2161 3175 2215 inducemus
3206 2177 3226 2216 :
3278 2161 3376 2213 σὺν
3419 2162 3549 2215 enim

1958 2270 2172 2323 semper
2202 2254 2368 2325 (quod
2399 2264 2484 2309 est
2517 2252 2707 2308 Latine
2725 2251 2892 2321 cum),
2925 2252 3037 2307 uisi
3070 2252 3135 2307 in
3169 2253 3551 2324 significatio-e

1958 2348 2209 2412 unitatis,
2239 2362 2360 2417 quae
2385 2357 2470 2403 cst
2491 2362 2589 2416 per
2621 2344 3117 2415 compositionem,
3156 2356 3409 2414 ponatur,
3454 2347 3546 2399 doe

1956 2440 2181 2495 omniuo
2205 2446 2362 2510 coget
2394 2437 2643 2508 intelligi.
2678 2436 3187 2504 Quemadmodum
3224 2437 3369 2493 euim
3400 2453 3537 2492 neu-0

1956 2530 2059 2586 sibi
2086 2534 2379 2587 convenire
2401 2530 2612 2586 dicatur
2634 2567 2653 2594 ,
2681 2543 2864 2600 neque
2882 2544 3275 2597 concoenare,
3298 2528 3526 2587 autcond-

1956 2622 2599 2686 orare,autcoaml›ulare
2623 2639 2638 2690 ;
2666 2623 2894 2677 duarum
2922 2622 3085 2677 euim
3114 2622 3516 2694 personam-si·

1955 2710 2357 2780 gnillcationem
2384 2713 2589 2768 inducit
2613 2714 2933 2784 praepositio
3000 2716 3200 2773 verbo
3233 2716 3468 2784 ,περιήιε
3497 2732 3512 2767 2

1958 2802 2032 2858 ita
2050 2803 2210 2859 etiam
2233 2804 2279 2858 si
2308 2805 2433 2873 quis
2446 2805 2732 2860 coadorari
2753 2806 3042 2861 homiuem
3058 2823 3205 2863 cunt
3224 2807 3318 2863 tteo
3334 2809 3520 2870 dixerit.

1955 2894 2092 2949 duos
2130 2894 2289 2963 plane
2323 2892 2464 2949 lilios
2491 2896 2647 2962 dicit,
2678 2906 2736 2950 et
2754 2913 2785 2951 a
2808 2911 2935 2953 sese
2951 2898 3285 2969 disjunctos
3303 2918 3320 2963 ;
3340 2900 3528 2953 suiuus

1958 2983 2102 3038 enim
2132 2984 2291 3048 ratio,
2318 2984 2363 3039 si
2385 2984 2437 3039 in
2463 2985 2581 3040 sola
2618 2986 2899 3057 dignitatis
2944 2990 3284 3059 aequalitate
3309 2992 3413 3046 sive
3445 3004 3527 3042 u-

1953 3075 2225 3131 ctoritatis
2247 3075 2600 3148 intelligatur,
2617 3093 2727 3133 non
2752 3093 2875 3136 esse
2903 3095 3037 3136 vera
3059 3084 3434 3146 convincitur,
3462 3081 3535 3136 id·

1951 3182 2059 3239 que
2087 3183 2116 3221 a
2147 3167 2303 3224 nobis
2330 3169 2443 3239 jam
2475 3169 2719 3239 pluribus
2768 3181 2898 3225 ante
2945 3174 3261 3241 probatum
3312 3184 3416 3229 est.

2442 3283 2609 3354 798
2632 3282 2784 3338 cat).
2818 3284 3048 3341 xxxv.

1949 3392 2215 3448 Adversus
2248 3392 2369 3448 illos
2396 3395 2490 3463 qui
2519 3395 2693 3458 aium,
2735 3397 2876 3459 quod
2925 3398 3046 3450 sola
3093 3401 3355 3455 reIatr’oue
3389 3399 3538 3453 Dem

2358 3463 2581 3519 Verbum
2616 3468 2835 3519 deceant
2863 3467 3142 3525 humana.

2021 3573 2281 3629 Garriunt
2311 3574 2548 3628 nonnulli
2580 3576 2646 3630 de
2695 3575 2899 3630 carnali
2941 3576 3370 3645 dispensatione
3400 3578 3521 3634 Uni-

1950 3666 2137 3734 gcuiti,
2170 3675 2223 3720 et
2266 3666 2593 3729 venerabile,
2624 3682 2690 3721 ac
2732 3682 3005 3739 maguum,
3033 3679 3097 3725 et
3127 3674 3382 3741 superuis
3423 3671 3528 3740 spi·

1952 3755 2146 3809 ritibus
2172 3756 2620 3812 amabilissimum
2655 3760 2996 3829 mysterium,
3040 3778 3149 3830 per
3178 3765 3324 3834 quod
3378 3765 3528 3818 etiam

1952 3845 2147 3900 salvati
2180 3862 2388 3911 sumus,
2420 3850 2487 3900 ad
2521 3863 2714 3905 sensus
2742 3848 2964 3921 fragiles
3000 3851 3348 3917 deserentes,
3383 3854 3531 3908 decus

1951 3937 2329 3991 contaminant
2355 3937 2929 4010 pulchritudinemque
2952 3942 3219 3999 veritatis
3243 3960 3261 4011 ;
3300 3961 3422 3999 cum
3448 3960 3529 3999 eos

1952 4037 2222 4097 oporteat,
2256 4044 2362 4084 non
2392 4030 2437 4084 si
2473 4030 2602 4100 quid
2645 4031 2777 4099 ipsis
2817 4043 2967 4088 recte
3012 4033 3227 4092 habere
3273 4038 3528 4100 videatur,

1951 4119 2211 4173 roborare
2240 4119 2448 4186 conari;
2488 4120 2580 4175 sed
2611 4120 2882 4191 inspicere
2912 4126 3112 4196 tnagiS,
3139 4127 3332 4183 subtili
3352 4136 3529 4183 acuto·

1949 4223 2053 4278 quc
2071 4210 2270 4264 mentis
2288 4211 2467 4277 oculo,
2490 4225 2770 4267 sacrarum
2810 4217 3151 4284 propositum
3179 4216 3527 4282 Litterarum,

1950 4308 2112 4368 atque
2139 4307 2344 4354 rectum
2376 4300 2448 4354 ita
2480 4301 2586 4357 iter
2612 4302 2841 4373 ingredi,
2874 4316 3158 4363 sectantes
3186 4323 3252 4363 ea
3290 4325 3414 4374 ηοω
3441 4308 3528 4363 Pa-

1953 4400 2066 4447 tres
2091 4392 2420 4448 sanctissimi
2455 4395 2877 4464 examinarunt,
2931 4398 3026 4468 qui
3066 4401 3249 4457 sancti
3305 4401 3529 4472 Spiritus

1955 4482 2435 4541 illuminationibus
2480 4485 2702 4551 eruditi,
2748 4503 2983 4544 sanxere
3028 4492 3195 4547 nobis
3228 4493 3528 4565 symbolum

1955 4574 2098 4639 fidei,
2130 4576 2305 4647 ipsum
2327 4578 2589 4645 diceuteS,
2622 4580 2764 4648 quod
2792 4595 2857 4635 ex
2881 4580 3061 4637 Patris
3090 4584 3413 4641 substantia
3451 4587 3526 4640 itt·

1951 4668 2340 4725 aestimabiliter
2371 4681 2555 4727 natum
2585 4681 2689 4736 est,
2728 4670 2896 4729 Deum
2942 4672 3216 4744 Verbum,
3267 4695 3370 4749 per
3399 4677 3527 4750 quod

1950 4759 2131 4815 omnia
2159 4760 2302 4816 sacta
2325 4770 2473 4827 sunt,
2498 4778 2620 4835 quae
2642 4764 2695 4818 in
2728 4766 2889 4833 coelo,
2910 4776 2963 4822 et
2982 4782 3105 4836 quae
3138 4769 3194 4824 in
3222 4781 3397 4837 terra,
3418 4784 3528 4840 pro·

1952 4860 2073 4921 pter
2103 4867 2203 4907 nos
2228 4853 2496 4917 homiues,
2529 4864 2585 4909 et
2626 4867 2827 4912 nostrae
2868 4858 3067 4914 salutis
3096 4876 3270 4918 causa
3302 4863 3525 4920 descen·

1950 4942 2115 5008 disse,
2155 4942 2424 5000 hominem
2458 4943 2683 5011 factum,
2725 4962 3078 5020 passumque,
3114 4954 3443 5011 ascendisse
3480 4955 3527 5009 itt

1950 5032 2171 5099 coelutn,
2207 5043 2495 5090 venturum
2547 5048 2668 5107 post
2703 5047 2945 5111 tempora
2985 5040 3248 5112 judicare
3286 5047 3442 5103 vivos
3480 5054 3531 5104 et

1951 5133 2210 5180 mortuos.

2025 5216 2219 5270 Verum
2257 5219 2501 5274 nonnulli
2533 5230 2680 5286 sunt,
2706 5222 2897 5278 doctos
2931 5239 2991 5279 se
3024 5241 3153 5282 esse
3184 5231 3526 5302 scientesque

1953 5303 2176 5374 opinati,
2212 5314 2267 5360 et
2292 5309 2597 5378 supercilio,
2639 5322 2693 5366 et
2712 5320 2919 5370 tumore
2951 5315 3179 5386 sufflati,
3223 5323 3320 5392 qui
3350 5324 3396 5378 si
3423 5326 3524 5378 ltaee

281 5394 540 5459 condidit,
578 5394 870 5449 secundum
904 5404 1151 5449 naturam
1185 5404 1304 5457 cst,
1341 5395 1484 5463 quod
1535 5404 1731 5449 natura
1778 5395 1850 5450 sit
1946 5396 2107 5452 verba
2138 5398 2426 5468 audierint,
2460 5402 2746 5471 derident;
2776 5413 2832 5460 ct
2853 5421 2916 5460 ea
2938 5423 3060 5477 quae
3093 5419 3208 5466 tam
3238 5427 3393 5470 recte
3410 5423 3523 5470 sunt

287 5480 449 5539 Deus.
484 5484 632 5542 Unus
669 5496 870 5552 tamen,
935 5493 993 5542 ut
1020 5494 1147 5542 ante
1172 5485 1282 5541 dixi
1312 5526 1328 5550 ,
1381 5485 1690 5543 adorandus
1722 5497 1804 5543 est
1833 5527 1849 5553 ,

357 5686 402 5719 ⁰⁹
434 5684 587 5746 loan.
628 5707 698 5762 tv,
723 5691 812 5747 22.

928 5694 971 5727 ⁸¹
1007 5693 1234 5767 Pliilipp.
1269 5711 1326 5762 tt,
1363 5695 1447 5752 to.

280 5771 396 5828 xlv,
421 5758 509 5817 55.

1557 5698 1603 5729 ⁸³
1639 5695 1799 5753 llebr.
1833 5712 1874 5764 1,
1916 5697 1966 5753 6.

1949 5489 2116 5557 dicta,
2140 5489 2489 5549 deliramenta
2520 5496 2688 5565 magis
2738 5496 3057 5555 existimant
3083 5518 3099 5556 z
3128 5518 3259 5559 cum
3304 5522 3520 5578 praer-

2077 5694 2123 5726 ⁸⁸
2177 5694 2329 5752 Joau.
2364 5712 2436 5764 tx,
2467 5699 2554 5769 58,
2579 5700 2664 5757 59.
2776 5702 2821 5735 ⁸⁸
2859 5703 2988 5760 ibid.
3056 5705 3148 5763 37-
3258 5711 3306 5743 ⁸⁸
3336 5708 3512 5766 natta.
