3809 6125
292 259 394 316 92¹

1349 266 1438 322 1)ss
1474 266 1579 325 SS.
1623 269 1998 331 ‘mimum
2038 276 2392 337 mametis
2428 277 2523 337 tv.

3439 276 3546 333 922

285 371 423 427 πολυ
460 369 523 427 τὸ
564 370 869 447 θεοπρεπὲς
895 376 952 432 ἓν
974 394 1040 447 τί
1071 378 1151 450 τῷ
1179 379 1395 452 θελήσει
1435 380 1572 458 μόνῃ
1602 384 1870 460 δημιουρ·
1901 392 1946 450 Α
1975 402 2107 449 nutu
2170 395 2396 451 multum
2461 408 2573 466 prae
2623 407 2684 451 so
2746 393 2891 450 serre
2956 391 3149 450 divinae
3204 390 3545 464 malestatis?

284 464 438 533 γεῖνς

359 555 424 609 A.
469 555 704 628 Ι’Δριστα
730 556 865 627 ἔφης
887 575 902 591 ·
931 557 1136 614 ὶπείτοι
1177 563 1274 618 καὶ
1300 566 1329 618 ό
1360 566 1500 632 θεῖος
1521 568 1726 638 Μωσῆς
1762 557 1892 641 ὧδέι

283 664 364 717 πη
398 644 495 700 καὶ
536 646 634 716 οὐχ
660 646 862 716 ἑτέρως
891 637 1207 720 παρέδειξεν
1254 655 1386 728 ἡμῖν
1428 654 1866 727 δημιουργοῦντα

278 733 467 791 Θεόν.ι
488 730 625 788 Εῐπε
651 735 780 804 γὰρ,
799 738 986 809 φησιν,
1011 740 1040 795 ό
1059 740 1213 806 Θεός·
1231 743 1522 817 Γενηθήτω
1552 745 1861 816 στερέωμα,

277 826 382 881 καὶ
405 826 620 896 ἐγένετο
641 826 834 894 οὕτως,
873 848 891 881 ι
929 836 1430 907 συνεκφαινομένης
1473 838 1617 907 τάχα
1661 852 1762 889 που
1794 836 1860 906 τῇ

276 917 393 973 τῶν
441 917 617 987 λόγων
659 920 896 993 ἐκδρομῇ
947 923 1049 993 τῆς
1109 922 1219 979 τῶν
1279 925 1456 998 ἔργων
1509 925 1862 1000 πληρώσεως,

281 1008 600 1081 μελλησμοῦ
621 1026 681 1063 τε
709 1011 934 1082 μηδενός
977 1014 1069 1068 τὸν
1109 1016 1337 1090 μεσίτην
1354 1020 1476 1073 κατ’
1502 1017 1745 1081 ἐκείνους
1767 1015 1863 1071 καὶ

277 1101 577 1173 ὑπουργὸν,
616 1102 943 1174 ἐνεργοῦντα
986 1123 1048 1159 τε
1084 1108 1177 1162 καὶ
1201 1108 1513 1181 όργανικῶς-
1541 1109 1861 1180 κινούμενον

278 1194 901 1266 ὑποφαίνοντος.”Εργου
931 1196 1040 1268 γὰρ
1084 1200 1272 1271 ὥσπερ
1311 1202 1608 1263 ὑπόστασις
1643 1204 1672 1254 ό
1704 1200 1861 1271 λόγος

272 1279 369 1356 ἦν,
406 1284 501 1339 καὶ
527 1283 682 1352 ψιλὸν
705 1284 768 1337 τὸ
791 1286 986 1356 νεῦμα,
1015 1287 1109 1341 τοῦ
1147 1291 1222 1361 μὴ
1244 1288 1394 1354 ὄντος
1416 1292 1451 1362 ἡ
1475 1290 1656 1361 πῆξις,
1682 1290 1777 1343 καὶ
1803 1293 1861 1345 ὲν

278 1373 434 1447 μόνῳ
461 1372 540 1445 τῷ
574 1372 749 1427 θέλειν
776 1374 884 1428 τῶν
917 1376 1260 1447 ποιουμένων
1289 1378 1322 1449 η
1354 1378 1724 1446 reum-'Ore
1745 1377 1860 1432 τοί-

273 1484 374 1522 νυν
395 1465 620 1537 ἄριστόν
641 1482 701 1522 τε
728 1468 820 1520 καὶ
841 1467 1291 1535 πρεπωδέστατον
1312 1467 1392 1539 τῷ
1406 1467 1526 1540 8σῷ
1562 1469 1657 1523 καὶ
1683 1470 1858 1541 Πατρι

271 1558 339 1614 τὸ
359 1552 465 1614 ὦδε
493 1558 866 1631 δημιουργεῖν,
899 1560 953 1613 τί
975 1560 1094 1631 τὴν,
1117 1561 1216 1615 οὐκ
1241 1556 1339 1615 οἶδ’
1368 1562 1540 1626 ὅπως,
1574 1560 1776 1632 μᾶλλον
1801 1561 1858 1615 δὲ

272 1650 575 1721 φληνάφως
594 1649 962 1724 ἐξευρημένην
983 1652 1302 1723 ἐπικουρίαν
1322 1653 1496 1723 αὐτῷ,
1514 1652 1608 1708 τοῦ
1639 1652 1858 1722 μεσίτου

2041 567 2108 627 A.
2150 566 2475 623 Rectissime
2502 566 2705 627 dixisti.
2730 568 2954 625 Divinus
2978 569 3175 641 quippe
3200 567 3414 640 Moyses
3441 571 3543 625 boc

1970 658 2150 724 modo,
2173 674 2272 714 nec
2286 658 2413 726 alio,
2431 669 2704 715 creantem
2728 662 2884 717 nobis
2907 663 3076 718 Deum
3093 662 3383 718 ostendit.‹
3400 662 3543 717 Dixit

1968 748 2136 813 enim,
2171 748 2366 819 inquit,
2400 750 2542 806 Deus
2577 768 2593 806 2
2630 752 2752 807 Fiat
2786 752 3210 819 firmamentum,
3246 761 3302 808 et
3336 751 3539 807 iactum

1968 848 2052 895 est
2071 840 2144 895 ita
2164 840 2208 909 ⁸,
2229 858 2250 892 ι
2273 854 2378 895 una
2412 841 2607 911 quippe
2624 857 2747 897 cum
2785 842 3088 914 prolatione
3115 843 3406 899 verborum
3441 858 3541 897 ex-

1969 930 2116 985 sistit
2144 945 2371 1001 operum
2401 930 2682 1000 perfectio,
2711 946 2815 987 nec
2838 932 2948 987 ulla
2975 946 3124 987 mora
3150 939 3253 999 est,
3278 946 3397 999 quae
3424 946 3541 987 me·

1969 1020 2256 1090 diatorem,
2280 1029 2338 1074 ut
2368 1019 2442 1075 ilii
2469 1020 2675 1085 volunt,
2699 1036 2764 1077 ao
2793 1020 3100 1078 ministrum
3128 1021 3342 1093 operari
3370 1031 3426 1076 et
3453 1021 3540 1076 in·

1968 1111 2399 1167 strumentamer
2437 1114 2641 1167 moveri
2685 1112 2959 1168 ostendat.
3004 1112 3197 1169 Sermo
3239 1113 3387 1169 enlm
3421 1120 3543 1167 erat

1966 1201 2150 1269 operis
2185 1200 2330 1257 velut
2366 1201 2707 1269 exsistentia,
2748 1210 2804 1257 et
2842 1202 3069 1273 simplex
3112 1214 3278 1259 nutus
3312 1202 3391 1258 rei
3431 1216 3538 1258 non

1967 1295 2285 1351 exsistentis
2322 1293 2673 1363 compositio,
2706 1302 2764 1349 et
2797 1294 2849 1348 in
2884 1294 2998 1348 sola
3031 1294 3310 1349 voluntate
3345 1306 3539 1348 eorum

1966 1402 2088 1460 quae
2131 1388 2334 1443 {iebant
2373 1387 2698 1457 procreatio.
2742 1386 2877 1441 Cum
2921 1386 3088 1457 igitur
3125 1385 3443 1456 praeclarum
3483 1393 3540 1441 et

1966 1480 2536 1538 convenientissimum
2556 1479 2627 1534 sit
2644 1478 2756 1535 Deo
2774 1494 2839 1534 ac
2859 1478 3005 1534 Patri
3029 1480 3129 1535 boc
3151 1480 3309 1533 modo
3326 1492 3535 1545 creare.

1966 1586 2063 1626 cur
2085 1569 2268 1625 nescio
2291 1568 2435 1638 quod
2461 1577 2518 1622 et
2535 1566 2700 1623 stulte
2719 1566 3083 1637 excogitatum
3108 1565 3403 1621 subsidium
3427 1579 3539 1620 me-

1967 1657 2193 1713 diatoris
2221 1669 2287 1711 ac
2314 1653 2551 1712 ministri
2578 1654 2629 1711 ei
2663 1654 2936 1721 tribuunt,
2969 1653 3309 1709 utilissimum
3337 1652 3535 1707 Filium

271 1741 373 1797 καὶ
414 1742 692 1812 ὑπουργοῦ
721 1744 1109 1814 προσνέμουσι,
1145 1744 1570 1816 χρειωδὲπατον
1598 1744 1727 1798 rte-1
1759 1761 1859 1797 πε-
1891 1769 1937 1824 B
1965 1748 2166 1804 factum
2191 1761 2318 1805 esse
2344 1747 2611 1814 dicentes,
2638 1754 2694 1801 ut
2726 1748 2845 1816 ejus
2873 1745 3176 1801 ministerio
3203 1745 3271 1799 ad
3298 1742 3537 1814 reliquas

271 1833 534 1906 ποιῆσθαι
560 1833 827 1903 λέγοντες,
859 1838 947 1890 ἵνα
977 1836 1301 1908 ὑπηρετοῖτο
1334 1838 1403 1891 δι’
1431 1835 1595 1892 αὑτοῦ
1624 1836 1763 1906 πρὸς
1786 1838 1857 1890 τά

267 1921 438 1977 λοιπὰ
467 1921 579 1975 τῶν
607 1923 952 1993 κτισμάτων;
1003 1926 1335 1996 Ἡγνοήκασι
1364 1925 1497 1997 γάρ,
1531 1924 1609 1989 ὡς
1654 1924 1852 1990 ἔοικεν,

238 2005 352 2068 ’ὅτι
399 2012 580 2068 καίτοι
628 2012 877 2084 γενητὸν,
914 2015 1008 2069 καὶ
1055 2016 1230 2071 τελεῖν
1264 2017 1324 2069 ὲν
1362 2017 1625 2088 κτίσμασι
1671 2014 1855 2070 διαδε-

270 2102 587 2176 δαιοῦμενοι
626 2103 719 2159 τὸν
747 2105 897 2172 rtem,
931 2107 1143 2177 ἀμείνω
1187 2125 1249 2162 τε
1286 2108 1382 2164 καὶ
1431 2107 1854 2178 ἀξιολογώτερον

270 2189 638 2259 ἀποφαίνουσι
662 2190 756 2244 τοῦ
789 2193 1021 2263 Πατρός.

343 2280 409 2336 Β.
447 2281 581 2337 Τίνα
616 2284 848 2355 τρόπον;

353 2394 419 2450 A.
453 2393 513 2448 m
539 2394 626 2449 διὰ
657 2398 877 2467 μεσίτου
929 2398 1028 2468 μὲν
1071 2399 1382 2469 ἀναγκαίως
1404 2403 1433 2455 δ
1459 2401 1668 2476 Πατὴρ,
1696 2404 1756 2456 ὲν
1796 2404 1854 2459 δέ

281 2501 344 2555 γε
365 2484 508 2557 μόνῳ
527 2486 603 2559 τῷ
625 2487 799 2542 θέλειν
822 2491 917 2543 καὶ
940 2491 1203 2562 νεύμασιν
1229 2496 1258 2546 ό
1289 2494 1418 2558 Υἱὸς
1444 2494 1481 2548 ἃ
1518 2494 1584 2550 ἂν
1612 2494 1854 2567 βούλοιτο

275 2575 545 2649 κατορθοῖ,
577 2577 764 2652 λεπρῷ
810 2582 910 2653 μὲν
944 2581 1117 2652 λέγων
1161 2583 1247 2637 ἐπ’
1280 2584 1531 2652 ἐξουσίας
1556 2602 1570 2617 ·
1622 2604 1642 2639 ι
1679 2585 1851 2652 Θέλω,

270 2666 650 2741 καθαρίσθητι·
682 2692 701 2724 ι
736 2673 952 2745 θανάτῳ
995 2674 1053 2727 δὲ
1086 2675 1186 2747 ἤδη
1226 2676 1686 2748 κατισχημένους,
1715 2678 1853 2733 ἀνα-

269 2759 510 2831 κομίζων
541 2762 621 2827 είς
651 2762 816 2835 ζωὴν,
848 2768 943 2820 καὶ
977 2766 1083 2839 μὴν
1114 2768 1334 2836 τυφλοῖς
1362 2770 1527 2832 ἐνιεὶς
1562 2769 1627 2824 τὸ
1665 2772 1854 2842 τριπό-

267 2847 430 2923 θητόν
462 2869 522 2907 τε
551 2854 646 2908 καὶΙ
677 2856 840 2927 ἀηθες
869 2856 1015 2927 φῶς·
1050 2853 1140 2929 ἀρ’
1184 2853 1278 2913 οὗν
1316 2859 1440 2930 οὐχὶ
1480 2860 1575 2914 τὸν
1619 2860 1852 2934 μεσίτην

267 2943 363 2997 καὶ
412 2944 706 3014 ὑπουργὸν,
737 2948 906 3017 ἤγουν
949 2947 1042 3003 τὸν
1087 2948 1245 3017 φύσει
1292 2949 1627 3023 δημιουργὸν
1664 2952 1725 3006 ὲν
1757 2953 1851 3007 εὐ-

267 3033 480 3100 κλείαις
507 3037 637 3090 ὄντα
666 3040 783 3103 ταῖς
814 3039 955 3107 ἄγαν
983 3044 1467 3115 περιφανεστέραις
1509 3046 1852 3121 καταθρήσαι

1962 1849 2243 1896 creaturas
2264 1839 2542 1895 uteretur?
2565 1836 2822 1909 Ignorant
2843 1839 3012 1903 enim,
3031 1847 3091 1892 ut
3113 1837 3345 1902 videtur,
3368 1835 3533 1904 quod,

1962 1926 2091 1981 licet
2130 1925 2331 1981 sactum
2376 1934 2647 1991 asserant,
2688 1939 2753 1980 ae
2798 1926 2849 1979 in
2895 1933 3267 1980 creaturarum
3310 1939 3537 2001 numero

1960 2016 2172 2073 censeri
2206 2015 2404 2072 Filium
2424 2055 2440 2081 ,
2477 2016 2643 2073 Patre
2675 2016 3105 2086 praestantiorem
3140 2030 3206 2072 ac
3234 2015 3534 2087 digniorem

1963 2109 2113 2164 illum
2144 2108 2405 2165 efficiunt.

2032 2280 2092 2337 b.
2132 2280 2252 2349 Quo
2280 2285 2477 2353 pacto?

2030 2396 2094 2453 Α.
2136 2397 2193 2453 Si
2233 2411 2330 2468 per
2362 2396 2713 2454 mediatorem
2754 2397 2916 2455 Pater
2947 2396 3165 2467 quidem
3201 2396 3532 2463 necessario,

1961 2486 2075 2543 sola
2108 2496 2287 2545 autem
2320 2487 2603 2545 voluntate
2636 2504 2700 2545 ac
2732 2499 2867 2544 nutu
2889 2488 3073 2545 ‘Filius
3103 2502 3224 2558 quae
3250 2486 3381 2543 velit
3413 2502 3534 2558 per·

1961 2578 2128 2645 liciat,
2152 2578 2365 2647 leproso
2383 2579 2600 2650 quidem
2622 2593 2745 2635 cum
2769 2587 3058 2650 potestate,
3081 2579 3305 2636 dicens:
3334 2596 3355 2631 ι
3372 2576 3533 2645 Volo,

1960 2670 2263 2726 mundare·
2304 2687 2320 2726 ι
2366 2689 2388 2724 ι
2429 2681 2674 2727 mortuos
2712 2683 2893 2727 autem
2932 2670 2998 2726 ad
3031 2670 3201 2725 vitam
3239 2684 3530 2736 revocans,

1960 2763 2227 2835 caecisque
2264 2765 2400 2821 adeo
2437 2763 2613 2821 lucem
2648 2774 2885 2837 optatam
2919 2774 2976 2822 et
3009 2765 3279 2821 insolitam
3321 2762 3532 2818 immit-

1962 2862 2080 2910 tens
2105 2872 2120 2909 :
2147 2855 2406 2926 numquid
2439 2870 2569 2928 ergo
2588 2856 2941 2911 mediatorem
2970 2870 3035 2911 ac
3064 2855 3391 2918 ministrum,
3418 2853 3533 2909 sive

1958 2945 2261 3002 naturalem
2312 2947 2560 3016 opificem
2618 2956 2725 3002 tam
2779 2948 2977 3004 illustri
3030 2949 3198 3020 gloria
3249 2948 3530 3017 praeditum

1960 3035 2425 3108 contemplabere,
2460 3052 2572 3095 non
2611 3040 2888 3111 superabit
2926 3049 3109 3097 autem
3150 3041 3231 3097 sic
3268 3039 3530 3095 artiticetu

266 3138 354 3187 τις
388 3123 478 3187 ἂν,
505 3125 603 3194 οὐχ
633 3126 989 3200 ὑπερεστήξει
1022 3129 1080 3182 δὲ
1103 3128 1246 3183 οὕτω
1273 3133 1367 3186 τοῦ
1395 3134 1640 3206 τεχνίτου
1663 3139 1724 3194 τὸ
1753 3139 1850 3212 ὀρ·
1877 3127 1922 3187 C
1955 3127 2414 3185 instrumentum?

272 3230 442 3283 γανον
462 3231 478 3279 ;

345 3325 409 3380 Β.
455 3327 690 3384 Ἔοικεν.

344 3439 410 3496 A.
452 3442 646 3497 Καίτοι
682 3444 737 3498 τί
776 3443 843 3519 δή
887 3449 1148 3523 mua-lp
1177 3448 1272 3509 ἐπὶ
1299 3451 1379 3523 τῷ
1407 3453 1605 3525 χρῆναι
1637 3457 1852 3529 φρονεῖν
1943 3505 1952 3511 .

271 3531 452 3602 ὀρθῶς
477 3532 667 3603 σκέψιν
696 3551 758 3589 τε
779 3537 875 3592 καὶ
910 3536 1129 3612 θέλησιν
1161 3541 1238 3605 ὡς
1275 3543 1441 3597 ἕωλον
1471 3545 1849 3615 ἀτιμάζοντες,

273 3623 709 3696 ἀπροδούλευτον
742 3629 1023 3685 ποιοῦνται
1069 3632 1168 3704 τὴν
1215 3634 1310 3687 ἐπὶ
1351 3637 1421 3690 τά
1454 3638 1623 3708 χείρω
1657 3639 1848 3710 ῥοπὴν,

273 3715 369 3770 καὶ
396 3717 489 3769 ἐπὶ
518 3718 675 3787 μόνον
707 3719 876 3776 ἰἐνται
910 3722 971 3776 τὸ
995 3725 1146 3794 σφίσι
1173 3724 1384 3792 δοκοῦν,
1409 3729 1528 3783 οὐδὲ
1549 3731 1724 3784 ἐκεῖνό
1747 3748 1848 3785 που

273 3805 417 3875 τάχα
460 3805 927 3880 διενθυμούμενοι,
954 3812 1032 3879 ὡς
1066 3815 1167 3870 οὐκ
1196 3817 1264 3871 ἂν
1288 3817 1585 3888 ἐργάσαιτό
1631 3838 1762 3875 ποτε
1789 3822 1852 3876 τὸ

273 3896 563 3970 ἀνθρώπου
605 3901 907 3973 ποίηματά,
945 3897 1131 3977 ὦνπερ
1164 3907 1232 3961 ἂν
1259 3908 1421 3974 αὐτὸς
1475 3911 1562 3984 είη
1591 3911 1850 3985 δημιουρ-

274 3987 394 4056 γὸς,
435 3989 541 4043 οὐδ’
576 3988 642 4043 ἂν
687 3991 750 4046 τὸ
798 3993 903 4046 ὑπό
936 4008 1033 4048 του
1081 3997 1595 4068 τεχνουργούμενον,
1625 4001 1725 4073 τῆς
1752 4001 1848 4055 τοῦ

274 4082 723 4154 τεχνουργοῦντος
756 4083 943 4149 οὐσίας
970 4084 1032 4139 τὸ
1058 4085 1218 4156 φύσει
1244 4105 1305 4142 τε
1336 4090 1432 4144 καὶ
1459 4089 1677 4163 ἀληθῶς
1719 4091 1850 4147 ίδιον

274 4165 337 4227 εὗ
363 4172 506 4242 μάλα
532 4173 976 4246 διακεκτήσεται,
1007 4177 1101 4231 καὶ
1128 4178 1306 4243 τοῦτο,
1333 4180 1770 4252 ἀπαραλλάκτως
1793 4201 1810 4252 ;

344 4259 407 4315 Β.
447 4261 570 4327 Πῶς
614 4267 762 4333 γάρ;
812 4265 931 4317 ἐπεί
981 4281 1062 4320 τοι
1114 4266 1211 4320 καὶ
1252 4267 1314 4321 τὸ
1350 4267 1588 4343 ἔμπαλιν
1623 4272 1844 4345 ἀληθές.

269 4349 491 4407 Τέκτων
520 4353 651 4426 γάρ,
670 4355 726 4426 ἢ,
760 4355 890 4427 φέρε
929 4357 1120 4422 εἰπεῖν,
1150 4358 1509 4433 χαλκουργὸς,
1535 4363 1635 4416 οὐκ
1663 4362 1730 4418 ἂν
1757 4364 1850 4433 γέ-

2028 3331 2090 3389 Β.
2131 3330 2208 3386 lta
2236 3342 2406 3388 certe.

2024 3445 2092 3499 A.
2131 3446 2202 3500 At
2244 3460 2343 3501 cur
2382 3445 2599 3501 demum
2645 3453 2796 3501 recte
2836 3443 3106 3502 sentiendi
3147 3443 3423 3501 voluntate
3463 3460 3528 3503 ac

1953 3536 2232 3609 proposito
2264 3545 2518 3608 tanquam
2549 3538 2697 3594 inani
2731 3537 3034 3606 repudiato,
3068 3539 3121 3592 in
3153 3537 3419 3592 deteriora
3451 3546 3529 3593 te-

1954 3642 2103 3685 mere
2128 3626 2401 3696 feruntur,
2432 3636 2487 3684 et
2514 3627 2607 3683 uni
2640 3642 2753 3684 suae
2783 3627 2995 3684 libidini
3026 3627 3424 3697 obsecundant,
3459 3642 3528 3684 ne

1952 3719 2085 3776 illud
2119 3721 2174 3776 in
2206 3721 2446 3776 animum
2478 3720 2700 3790 quidem
2730 3720 3071 3787 inducentes,
3101 3722 3337 3777 bominis
3361 3720 3520 3794 541

1951 3827 2108 3883 opus,
2137 3828 2245 3869 non
2277 3813 2463 3882 utique
2493 3810 2762 3870 facturum
2794 3826 2859 3868 ea
2895 3826 3126 3883 quorum
3161 3813 3274 3883 ipse
3306 3814 3379 3869 sit
3409 3814 3527 3884 opi-

1952 3905 2069 3972 fex,
2120 3918 2297 3976 neque
2352 3903 2404 3960 id
2456 3903 2599 3974 quod
2653 3901 2882 3973 alicujus
2936 3912 3054 3960 arte
3106 3901 3355 3960 effectum
3406 3912 3519 3970 est,

1951 3997 2136 4068 utique
2171 3996 2225 4053 in
2260 4011 2320 4052 se
2353 3995 2665 4051 habiturum
2691 3995 2881 4052 eodem
2912 3994 3071 4065 plane
3102 3996 3260 4052 modo
3294 3995 3345 4051 id
3380 3995 3523 4068 quod

1951 4089 2228 4162 proprium
2254 4096 2339 4146 est
2364 4087 2624 4143 artificis?

2020 4267 2078 4326 Β.
2120 4265 2254 4336 Quis
2295 4265 2439 4322 enim
2474 4263 2684 4320 inficias
2727 4262 2809 4320 ire
2839 4262 3056 4334 potest?
3088 4262 3520 4334 quandoquidem

1947 4359 2094 4415 aliud
2144 4372 2362 4428 quoque
2409 4372 2595 4411 verum
2637 4365 2722 4412 est
2766 4370 2797 4412 e
2845 4369 3125 4412 converso.
3175 4354 3520 4412 Arcltitcctus

269 4444 448 4499 νοιντό
475 4462 605 4499 ποτε
635 4445 702 4499 τά
738 4446 939 4518 τέχνης
967 4446 1124 4519 ἔργα,
1163 4450 1566 4525 χαλκουργικῆς
1595 4454 1628 4526 ἢ
1654 4471 1844 4510 τεκτο-
1874 4464 1922 4521 1)
1949 4453 2118 4516 enim,
2155 4458 2267 4508 aut.
2289 4447 2523 4518 exempli
2569 4448 2739 4519 gratia
2780 4446 2937 4503 saber
2968 4446 3211 4510 mariue,
3257 4459 3360 4500 non
3400 4443 3520 4499 fue-

268 4535 455 4609 νικῆς.

334 4734 402 4792 A.
474 4736 677 4808 Ὀρθῶς
727 4737 899 4811 ἔφης·
940 4740 1034 4794 καί
1096 4758 1157 4795 σε
1201 4743 1302 4815 τῆς
1361 4744 1501 4813 ἀγαν
1564 4744 1845 4816 ἀγχινοίας

267 4824 481 4899 ἄγαμαί
517 4846 578 4883 τε
617 4831 713 4884 καὶ
757 4832 1048 4898 ἐπαινέσας
1079 4832 1209 4904 ἔχω.
1241 4833 1375 4889 Τίνα
1400 4834 1466 4908 δὴ
1492 4831 1585 4890 οὗν
1621 4837 1842 4906 τρόπον,

265 4916 430 4991 εἰπερ
461 4920 579 4974 ἐστι
610 4921 835 4992 γενητὸς
864 4925 893 4976 ό
929 4923 1078 4992 Υἱὸς,
1118 4927 1428 4999 ίσουργήσει
1463 4926 1564 4998 μὶν
1591 4927 1842 4999 ἀπαραλ·

263 5009 479 5074 λάκτως
529 5011 608 5084 τῷ
651 5013 773 5085 Θεῷ
819 5015 914 5070 καὶ
948 5016 1158 5088 Πατρί;
1201 5017 1297 5071 καὶ
1330 5016 1392 5070 τὸ
1435 5018 1538 5088 τῆς
1579 5017 1843 5075 ἀνωτάτω

263 5103 456 5159 πασῶν
483 5106 673 5169 οὐσίας
706 5107 834 5161 [διον
871 5108 965 5161 καὶ
1007 5108 1283 5180 ἐξαίρετον
1313 5111 1373 5165 ἐν
1414 5109 1521 5182 ίδίᾳ
1562 5109 1723 5180 φύσει
1747 5110 1841 5166 λα-

265 5194 396 5266 χὼν,
434 5196 592 5251 καλεῖ
623 5199 721 5268 μὶν
744 5198 820 5261 ὡς
854 5199 982 5252 δντα
1013 5201 1083 5253 τά
1116 5203 1216 5256 οὐκ
1246 5200 1375 5256 ὄντα
1404 5202 1553 5266 ποτε,
1588 5204 1840 5276 παραφέ-

266 5301 350 5358 ρει
373 5287 434 5341 δὲ
462 5287 638 5353 οὕτως
669 5290 1062 5345 εὐσθενέστατα
1099 5293 1192 5348 καὶ
1227 5293 1466 5366 ἀμογητὶ
1495 5294 1632 5369 πρὸς
1663 5293 1840 5367 ῦπαρ·

264 5373 371 5442 ξιν,
399 5377 478 5442 ὡς
506 5378 566 5433 ἐν
596 5396 658 5449 γε
692 5379 771 5453 τῷ
793 5380 1146 5452 βεδουλῆσθαι
1179 5383 1339 5455 μόνον
1377 5385 1839 5458 ἀποπεραίνεσθαι

1951 4544 2062 4598 rint
2113 4556 2348 4611 unquam
2403 4539 2537 4595 artis
2587 4553 2775 4609 opera,
2838 4539 3047 4594 aerariae
3098 4537 3372 4603 nimirum,
3423 4545 3517 4593 aut

1947 4631 2406 4687 architectonicoe.

2020 4746 2088 4802 A.
2129 4744 2299 4800 Recte
2347 4741 2486 4798 dicis
2521 4763 2534 4799 :
2565 4749 2741 4797 macte
2786 4749 2903 4795 esto
2949 4739 3147 4810 ingenii
3195 4738 3514 4795 subtilitate.

1949 4834 2230 4903 Quomodo
2257 4848 2410 4904 ergo,
2446 4834 2494 4890 oi
2531 4831 2706 4888 iactus
2732 4841 2816 4886 est
2834 4829 3025 4894 Filius.
3050 4829 3326 4901 aequaliter
3359 4844 3515 4899 pror·

1949 4943 2043 4984 sus
2073 4942 2196 4983 cum
2226 4926 2387 4982 Patre
2424 4923 2784 4995 operabitur?
2831 4921 2897 4976 Et
2924 4921 3068 4992 quod
3102 4935 3367 4990 supremae
3395 4934 3516 4973 om-

1947 5017 2099 5074 nium
2146 5015 2466 5073 substantiae
2498 5013 2775 5085 proprium
2816 5020 2870 5065 et
2910 5009 3170 5066 eximium
3204 5020 3289 5065 est
3330 5009 3384 5063 iu
3416 5022 3513 5084 spa

1945 5112 2162 5182 quidem
2196 5120 2387 5165 natura
2416 5107 2664 5171 sortitae,
2705 5105 2773 5158 ad
2798 5118 2919 5160 esse
2954 5111 3108 5158 vocat
3140 5116 3203 5157 ea
3238 5115 3359 5171 quae
3386 5115 3514 5153 nus·

1943 5219 2106 5274 quam
2152 5212 2303 5269 sunt,
2356 5208 2506 5256 tanta
2551 5208 2732 5253 autem
2781 5199 2832 5253 vi
2877 5211 2943 5253 ac
2981 5194 3246 5251 facilitate
3286 5192 3353 5247 ad
3390 5203 3512 5246 esso

1944 5294 2204 5360 traducit.
2238 5303 2298 5349 ut
2337 5291 2452 5348 oola
2499 5290 2775 5346 voluntate
2802 5286 3111 5359 perficiatur
3137 5281 3377 5341 creatio?
3404 5281 3511 5337 An·

1944 5401 2048 5441 non
2078 5385 2267 5441 eodem
2298 5383 2416 5453 ipse
2450 5396 2667 5453 quoque
2693 5379 2853 5436 modo
2880 5377 3042 5433 Pater
3066 5372 3355 5438 creaverit,
3381 5386 3507 5428 cum

264 5468 364 5540 τὴν
388 5468 782 5544 θῆμῑθῡρῖῑαῊ
815 5469 894 5528 Ἥ
919 5473 1015 5545 οὐχ
1044 5469 1144 5529 ὧδε
1173 5475 1625 5552 δημιουργήσειεν
1650 5479 1719 5536 ἂν
1742 5480 1837 5534 και
1940 5478 2008 5534 ad
2034 5477 2136 5534 boc
2169 5475 2521 5535 sufficientem
2562 5473 2764 5533 babeat
2801 5485 2954 5529 suam
2998 5478 3268 5535 naturam,
3300 5470 3355 5522 ct
3377 5477 3510 5537 opo-

302 5644 326 5678 ⁸
357 5647 492 5704 Gen.
529 5665 565 5712 ι.
613 5650 731 5706 3-9.
810 5653 828 5682 ¹¹
854 5647 983 5707 Luc.
1021 5668 1072 5715 v.
1115 5652 1196 5707 15.
