3809 6125
318 240 420 299 82t

1406 244 1498 302 1>ss
1538 243 1640 302 SS.
1683 241 2065 309 Tamiram
2094 248 2443 313 nlALocth
2475 250 2567 311 111.

390 356 457 411 A.
498 348 663 424 Βδγε,
691 346 739 410 ὦ
767 356 1008 432 φιλότης.
1033 360 1429 435 Τετηρηκότων
1453 365 1562 439 γὰρ
1585 367 1694 422 τῶν
1720 368 1916 439 ἀγίων,
1946 374 1995 434 Α
2098 373 2159 430 Α.
2199 374 2368 447 Euge,
2402 390 2438 431 o
2473 375 2702 432 charum
2746 384 2929 445 caput.
2958 375 3093 432 Nam
3140 393 3262 435 cum
3290 376 3507 444 'sancti·,
3531 385 3591 433 ut

316 447 396 511 ὡς
419 443 548 518 φὴς,
566 443 647 517 τῷ
671 446 949 520 προσώπῳ
969 450 1064 505 τοῦ
1086 451 1223 508 Θεοῦ
1252 456 1575 528 καὶᾙατρδς
1598 456 1658 511 τὸ
1686 458 1915 529 ἀρχαῖον
2016 462 2119 529 ais,
2149 478 2394 535 personae
2426 466 2520 522 Dei
2558 481 2622 522 ac
2655 465 2833 523 Patris
2859 476 3018 525 vetus
3041 470 3170 527 illud
3212 478 3268 527 et
3300 466 3589 527 umbratile

315 538 494 591 ἐκεῖνο
523 534 620 590 καὶ
642 536 701 589 ἐν
734 538 916 603 σκιαῐς
943 542 1351 616 χρησμῴδημα,
1372 545 1508 618 φέρε
1541 563 1627 599 σοι
1654 546 1907 602 δεικνύω·

317 645 420 701 μεν
467 627 600 681 ἴδιον
649 627 782 684 ὄντα
836 628 996 699 λόγον
1048 630 1415 706 ὀνομάσαντος
1463 637 1596 691 αὐτὸ
1624 637 1719 692 τοῦ
1754 638 1910 695 Υίοῦ.

325 719 582 791 ’Δφῖκται
607 718 718 791 γὰρ
749 718 814 790 δὴ
842 719 1169 777 καταλύσων
1200 722 1299 796 μὲν
1322 724 1597 796 οὐδαμῶς,
1631 726 1832 797 ἥκιστα
1850 726 1910 780 δὲ

311 811 638 884 ἁνατρέψων
657 812 728 867 τὰ
751 814 1071 885 προφητῶν,
1103 805 1468 889 ἀποπερανῶν
1499 819 1557 873 δὲ
1589 820 1791 891 μᾶλλον
1812 822 1909 877 καὶ

313 906 602 976 προφήτας
649 903 745 958 καὶ
785 904 949 975 νόμον
975 922 990 937 ·
1028 924 1047 957 ι
1075 906 1239 976 Λέγω
1273 908 1382 981 γὰρ
1409 909 1557 980 ὑμῖν,
1600 909 1787 982 φησιν,
1822 910 1908 965 ὄντι

315 997 450 1053 ίῶτα
475 996 536 1051 ἓν
561 996 595 1069 ἢ
633 996 734 1068 μία
763 997 964 1069 κεραία
995 999 1057 1053 οὐ
1087 1000 1164 1073 μὴ
1195 1000 1440 1074 παρέλθῃ
1459 1002 1569 1057 ἀπὸ
1595 1002 1688 1059 τοῦ
1714 1004 1903 1076 νόμου,

310 1088 419 1156 ἕως
445 1087 513 1145 ἂν
548 1088 726 1143 πάντα
752 1089 997 1161 γένηται.
1017 1090 1074 1145 ⁰0
1096 1091 1323 1164 οὐρανὸς
1349 1092 1445 1148 mi.
1469 1093 1505 1166 ἡ
1533 1095 1607 1166 γῆ
1635 1095 1908 1168 παρελεύ·

312 1197 486 1247 σεται,
519 1181 570 1234 οί
600 1180 658 1235 δὲ
694 1180 842 1249 λόγοι
879 1197 983 1252 μου
1025 1181 1086 1235 οὐ
1138 1181 1216 1254 μὴ
1265 1182 1602 1254 παρέλθωσι.
1636 1204 1656 1238 a
1709 1185 1905 1259 Συνίης

308 1270 405 1331 οῦν
445 1275 594 1340 ὅπως
644 1274 1033 1349 ἐκτελευτῆσαι
1065 1276 1176 1331 δεῖν
1223 1276 1406 1349 πάντη
1446 1293 1512 1336 ,τε
1551 1276 1645 1333 καὶ
1686 1279 1907 1347 πάντως

310 1366 530 1424 ἅπαντα
565 1365 705 1438 πρὸς
729 1364 993 1437 ἀλήθειαν
1033 1364 1129 1420 τὸν
1172 1365 1338 1438 νόμον
1375 1362 1570 1434 εἰπὸν,
1604 1366 1763 1432 ἰδίους
1795 1366 1902 1440 ἔφη

307 1460 501 1529 λόγους
523 1457 721 1526 αὐτόν;
756 1458 887 1513 Ἷδοι
909 1458 955 1513 δ’
986 1458 1052 1513 ἄν
1078 1475 1164 1524 τις
1191 1458 1378 1524 αὑτὸν,
1407 1457 1505 1516 καὶ
1537 1458 1767 1532 δτέρωθί
1795 1477 1902 1515 που

305 1552 376 1607 δι’
405 1550 524 1617 ἐνὸς
551 1547 665 1606 τῶν
696 1550 867 1619 ἀγίων
892 1549 1186 1622 προφητῶν
1213 1549 1634 1624 ἀνακεκραγότα
1673 1549 1860 1620 σαφῶς
1882 1568 1898 1584 ·

311 1663 331 1698 ι
349 1643 527 1709 aare<
551 1644 583 1699 δ
607 1641 806 1710 λαλῶν,
835 1643 1090 1716 πάρειμι.
1114 1661 1134 1696 ι
1182 1642 1619 1716 Ἐνηνθρὼπηκά
1640 1662 1701 1700 τε
1723 1645 1816 1700 καὶ
1841 1646 1901 1700 ὲν

2016 556 2260 612 tribuant
2313 557 2617 624 oraculum,
2642 560 2871 629 agedum
2920 563 3273 618 ostendamus
3319 560 3441 626 tibi,
3464 574 3590 630 pro-

2014 646 2129 714 pria
2174 660 2298 702 esse
2338 646 2460 702 Filii
2492 651 2659 705 verba
2692 651 2786 720 qui
2838 652 3037 709 eflatus
3081 663 3167 710 est
3200 653 3402 724 ipsum.
3432 649 3588 707 Venit

2011 737 2158 793 enim
2204 748 2358 795 certe
2404 756 2749 813 nequaquam
2796 746 3099 812 soluturus,
3126 760 3227 803 nec
3275 745 3383 801 ullo
3428 743 3587 800 modo

2011 844 2307 888 eversurus
2333 836 2720 905 prophetarum
2747 838 3112 907 oracula,‘sed
3143 838 3462 907 impleturus
3486 850 3588 908 po-

2012 921 2119 979 tius
2143 922 2312 993 legem
2344 932 2399 980 et
2423 928 2715 998 propbetas
2740 947 2755 986 ι
2780 946 2801 981 ι
2831 928 2967 987 Dico
3004 932 3148 986 enim
3177 929 3354 993 vobis,
3387 927 3584 998 inquit,

2011 1017 2156 1087 quod
2186 1016 2294 1072 iota
2318 1031 2482 1074 unum
2506 1020 2595 1074 vel
2614 1036 2756 1075 unus
2777 1035 2913 1091 apex
2940 1037 3046 1077 non
3074 1006 3373 1093 praeteribit
3393 1036 3423 1073 a
3443 1019 3584 1090 lege,

2008 1110 2183 1166 donec
2211 1109 2391 1166 omnia
2439 1110 2574 1169 liant
2607 1110 2676 1167 ⁸⁹.
2713 1111 2919 1167 Coelum
2966 1120 3022 1168 et
3068 1122 3211 1170 terra
3257 1111 3585 1178 transibunt,

2006 1195 2175 1253 verba
2231 1207 2413 1254 autem
2461 1213 2583 1272 mea
2631 1214 2739 1257 non
2793 1200 3227 1271 praeteribunt⁸⁰.
3254 1218 3275 1254 ι
3323 1197 3584 1269 intelligia

2006 1300 2137 1359 ergo
2162 1303 2272 1360 quo
2294 1299 2458 1360 pacto
2495 1292 2676 1346 omnia
2707 1305 2938 1362 prorsus
2973 1292 3043 1348 ad
3073 1291 3357 1347 veritatem
3392 1290 3582 1346 termi-

2005 1380 2185 1437 nanda
2214 1395 2340 1437 cum
2369 1381 2621 1447 dixisset.
2649 1382 2825 1455 legem
2877 1397 2977 1441 sua
3024 1386 3191 1441 verba
3235 1397 3360 1442 esse
3399 1381 3581 1440 dixit?

2004 1469 2279 1529 Praeterea
2302 1471 2432 1529 licet
2450 1471 2650 1531 alicubi
2684 1489 2786 1545 per
2817 1490 2984 1531 unum
3009 1491 3042 1532 e
3070 1475 3279 1532 sanctis
3301 1474 3583 1546 prophetis

2004 1556 2183 1629 ipsum
2210 1561 2397 1618 videre
2421 1562 2707 1621 manifeste
2726 1562 3082 1621 clamantem:
3103 1584 3125 1618 e
3140 1564 3257 1636 lpse
3274 1565 3366 1636 qui
3395 1565 3584 1635 loque-

2003 1648 2125 1713 bar.
2146 1648 2313 1723 482
2336 1650 2527 1707 adsum
2538 1651 2626 1708 ⁸⁰⁶.
2649 1671 2670 1707 ι
2689 1654 2864 1709 Homo
2888 1653 3068 1710 factus
3084 1669 3226 1719 sum,
3249 1664 3303 1710 et
3327 1654 3380 1711 in
3407 1654 3582 1711 fornia

307 1737 444 1793 εῖδει
476 1736 681 1808 γέγονα
717 1734 827 1790 τῶν
858 1736 980 1791 καθ’
1010 1737 1178 1809 ὑμᾶς,
1213 1737 1244 1791 ό
1281 1736 1450 1792 πάλαι
1479 1736 1681 1806 λαλῶν,
1715 1737 1894 1793 καίτοι
1923 1738 1969 1795 Β
1998 1740 2234 1799 bominis
2246 1742 2467 1814 ego‚·qui
2482 1742 3173 1817 loquebarolim,quamvis
3185 1745 3328 1803 Deus
3341 1761 3408 1804 ac
3420 1746 3583 1805 Pater

302 1830 401 1888 τοῦ
439 1828 578 1885 Θεοῦ
625 1828 721 1884 καὶ
763 1829 980 1902 Πατρδς
1020 1830 1092 1886 τὰ
1129 1829 1219 1886 διά
1258 1829 1372 1885 τῶν
1399 1828 1573 1899 ἀγίων
1598 1828 1898 1901 προφητῶν

302 1921 854 1996 κεχρησμῳδηκότος.
872 1923 993 1977 Ὀτι
1008 1923 1066 1978 δὲ
1084 1923 1162 1996 τῷ
1183 1939 1248 1993 γε
1267 1922 1417 1990 ἅπαξ
1433 1923 1534 1996 τὴν
1556 1921 1651 1978 τοῦ
1672 1922 1899 1995 νομοθέ·

302 2032 398 2070 του
415 2012 577 2082 δόξαν
598 2010 800 2085 ἔχοντι,
832 2013 1078 2083 φυσικῶς
1104 2014 1298 2085 ἕψεταί
1335 2032 1438 2070 που
1469 2015 1691 2078 πάντως
1713 2014 1809 2069 καὶ
1835 2014 1898 2068 τὸ

303 2108 417 2164 δεῑν
439 2102 579 2164 εἶναι
609 2106 830 2179 κριτὴν,
850 2107 979 2172 τοὺς
1007 2105 1376 2178 ἀτιμάζοντας
1401 2106 1464 2160 τὸ
1488 2105 1780 2180 διορισθὲν,
1801 2105 1897 2163 καὶ

309 2203 393 2266 τίς
413 2200 477 2255 τὸ
498 2198 648 2272 σφίσι
673 2197 866 2253 δοκοῦν
888 2197 1280 2265 ἀποκλίνοντας
1302 2201 1528 2275 πικραῖς
1549 2198 1898 2270 ὑποφέροντα

315 2293 516 2371 δίκαις,
537 2290 828 2365 οὐδαμόθεν
859 2291 1182 2362 ἀμφίλογον.

390 2378 454 2436 B.
488 2378 801 2436 Παντάπασι
841 2378 944 2451 μὲν
982 2374 1097 2433 οὗν.

389 2469 657 2544 Δ.Ὦσπερ
677 2464 771 2525 οὗν
784 2471 833 2523 εί
846 2470 941 2525 καῖ
952 2468 1166 2538 λέγοιτο
1175 2468 1359 2540 τυχὸν,
1371 2460 1452 2533 εἷς
1466 2467 1568 2540 μὲν
1576 2466 1894 2541 νομοθέτης,

315 2556 395 2626 εἷς
418 2559 473 2615 δὲ
497 2562 692 2637 κριτὴς
725 2564 754 2617 ὁ
778 2562 996 2635 Πατὴρ,
1032 2563 1153 2615 κατ’
1177 2560 1371 2615 οὐδένα
1400 2560 1603 2632 τρόπον
1628 2558 1897 2631 διολισθη-

309 2668 449 2706 σειεν
469 2651 535 2709 ἀν
555 2654 656 2725 τῆς
679 2654 767 2707 ἐπ’
794 2656 998 2724 ἀμφοῖν
1019 2652 1179 2724 δόξης
1197 2668 1258 2706 τε
1279 2650 1377 2706 καὶ
1402 2647 1664 2722 ἀληθείας
1690 2649 1719 2702 ὁ
1743 2649 1895 2717 Υἱὸς,

307 2743 513 2800 ὶπείτοι
562 2747 624 2801 τδ
673 2746 958 2818 διατέμνον
1001 2747 1152 2800 οὐδὲν
1189 2745 1290 2815 τῆς
1321 2743 1460 2817 πρὸς
1508 2739 1643 2797 Θεδν
1674 2741 1897 2811 Πατέρα

304 2839 640 2911 ταυτότητος
669 2839 906 2910 φυσικῆς
925 2854 938 2869 ·
973 2837 1120 2893 κατὰ
1138 2836 1230 2892 τὸν
1256 2835 1441 2901 αὐτὸν,
1470 2829 1649 2904 οἶμαι,
1671 2832 1894 2904 τρόπον,

303 2927 411 2985 κᾶν
438 2931 488 2983 εί
522 2930 683 3001 μόνος
716 2929 861 3000 ἔχειν
888 2929 987 3001 τὴν
1018 2927 1320 2984 ἀθανασίαν
1345 2926 1375 2980 δ
1403 2925 1537 2989 Θεδς
1559 2922 1772 2994 λέγοιτο
1801 2922 1898 2977 καὶ

291 3020 521 3092 Πατὴρ,
553 3020 813 3086 οὐσιῶδες
851 3019 1129 3085 ἔσταικαὶ
1171 3020 1230 3074 ὲν
1259 3016 1376 3090 Υίῷ
1417 3016 1482 3088 to
1523 3013 1764 3089 ἀξίωμα,
1800 3013 1898 3071 καὶ

292 3113 713 3185 συγχρηματιεῖ
759 3112 978 3177 πάντως
1023 3110 1310 3176 ἀθάνατος,
1345 3110 1513 3181 ῆγουν
1536 3094 1543 3101 ’
1564 3109 1707 3182 αὐτὴ
1757 3107 1900 3164 κατὰ
1926 3090 1970 3150 C

296 3205 470 3279 φύσιν
495 3202 784 3271 ἀθανασία,
812 3203 908 3259 καὶ
936 3205 1049 3269 τοῖς
1077 3200 1172 3257 τοῦ
1200 3200 1454 3265 τεκόντος
1475 3201 1734 3275 ὑψῶμασι
1762 3218 1894 3256 κατ·

271 3297 698 3379 ’,ηγλαῖσμένοᾳ
735 3294 873 3369 πρός
918 3311 977 3356 τε
1022 3291 1184 3366 ἡμῶν
1215 3291 1397 3359 αὐτῶν
1433 3289 1530 3348 καὶ
1573 3292 1684 3347 τῶν
1728 3293 1899 3362 ἁγίων

298 3386 558 3465 ἀγγέλων
598 3386 1130 3461 προσκυνηθήρτται.
1178 3372 1245 3440 81
1288 3380 1349 3437 δὲ
1392 3380 1459 3454 δὴ
1505 3384 1665 3453 φαῖεν
1702 3382 1769 3438 ἂν
1800 3384 1900 3456 οὐχ

301 3470 417 3538 ὅδε
452 3479 601 3536 ταῦτ’
629 3479 797 3553 ἔχειν,
826 3462 1328 3552 καῖ”ψευδομυθίας
1369 3477 1503 3548 ἡμῖν
1532 3476 1899 3534 ὲπιπλέκουσι

304 3571 528 3644 γραφὴν
552 3611 568 3637 ,
618 3571 799 3627 καίτοι
846 3568 1206 3642 πρεσδεῦουσι
1256 3566 1490 3640 τάληθὲς
1510 3609 1525 3633 ,
1585 3569 1901 3642 φραζόντων

307 3665 513 3719 ἐκεῖνο.

383 3755 444 3809 Β.
486 3754 559 3807 Τὸ
600 3756 750 3808 ποῖον
789 3748 894 3821 αὗ;

383 3844 449 3900 A.
489 3843 716 3917 Πρῶτον
747 3844 846 3916 μἐν
870 3845 920 3899 εί
943 3843 1008 3899 τὸ
1031 3845 1176 3918 ζωῆς
1203 3845 1300 3901 καὶ
1318 3845 1619 3912 ἀθανασίας
1648 3843 1902 3918 τητώμε-

308 3954 424 4004 νον,
452 3937 665 3992 οἴκοθέν
686 3955 746 3992 τε
775 3936 932 3994 τοῦτο
958 3938 1060 3994 οὐκ
1086 3938 1231 4011 ἔχον,
1262 3939 1458 4012 θνητὸν
1481 3937 1636 3993 ἔσται
1658 3938 1900 4005 πάντως,

315 4029 412 4083 καὶ
442 4028 856 4101 είσκεκριμένον
894 4027 1008 4100 ἔχει
1053 4027 1114 4084 τὸ
1143 4027 1268 4101 ζῇν,
1299 4025 1377 4093 ὡς
1422 4026 1552 4100 παρ’
1584 4025 1774 4097 ἑτέρου
1812 4025 1900 4080 δο-

313 4119 436 4185 τόν;

386 4213 448 4266 Β.
489 4210 694 4283 Θνητδν
730 4209 838 4282 γὰρ
863 4208 1018 4265 ἔσται
1048 4206 1301 4281 δυνάμει,
1323 4207 1384 4262 τὸ
1415 4207 1488 4280 μὴ
1514 4205 1779 4262 ἀθάνατον
1803 4206 1902 4278 φῦ-

314 4326 421 4364 cst.

387 4400 455 4455 A.
493 4398 603 4454 Καὶ
630 4398 770 4469 πρός
804 4411 868 4466 γε
894 4393 958 4466 δὴ
983 4394 1216 4461 τούτοις,
1243 4388 1665 4464 ἀποκρινάσθων
1691 4387 1793 4455 ἔτι,
1817 4388 1904 4452 τίς
1934 4440 1980 4496 n

312 4491 381 4546 ἂν
441 4493 610 4546 νοοῖτο
669 4490 830 4562 τυχὸν
888 4490 922 4560 ἡ
975 4485 1122 4562 ζωῆς
1179 4486 1434 4559 ἐνέργεια
1458 4524 1473 4550 ,
1516 4484 1598 4547 είς
1637 4481 1711 4537 τὰ
1752 4481 1899 4555 ζωῆς

314 4584 530 4639 ἐπιδεᾶ.

389 4675 450 4729 Β.
501 4675 567 4728 Ἡ
604 4672 931 4744 ζωοποίησις
975 4670 1249 4745 δηλονότι,
1279 4667 1533 4742 καθάπερ
1569 4667 1762 4741 ἀμέλει
1801 4665 1899 4722 καὶ

314 4767 377 4820 τὸ
405 4766 661 4836 φωτίζειν
695 4765 857 4838 ἔργον
880 4764 948 4820 ἂν
973 4764 1058 4836 εἴη
1094 4762 1294 4834 φωτός.

387 4860 451 4913 Α.
492 4854 568 4913 Εὖ
613 4857 813 4928 λέγεις.
842 4858 907 4911 Et
949 4855 1010 4911 δὲ
1052 4855 1116 4928 δή
1153 4871 1239 4920 τις
1285 4853 1470 4918 οἴοιτο,
1514 4852 1899 4924 ζωογονεῑσθαι

318 4948 422 5022 μὲν
468 4951 607 5022 πρὸς
651 4949 841 5020 ἐτέρου
873 4950 975 5020 τὴν
1008 4946 1174 5019 ζωὴν,
1202 4945 1680 5029 καταφωτίζεσθαι
1720 4944 1778 4999 δὲ
1805 4946 1902 5000 καὶ

315 5042 379 5097 τὸ
409 5042 545 5112 φῶς,
574 5043 684 5113 ἄρα
709 5042 777 5097 ἀν
807 5058 891 5096 σοι
920 5038 1123 5107 δόξειεν
1150 5038 1393 5105 εἰκάζειν
1422 5037 1634 5109 ὀρθῶς

390 5135 452 5189 Β.
494 5133 571 5189 Οῦ
595 5135 649 5189 τί
679 5148 814 5188 που·
846 5131 1114 5205 λογισμοῦ
1151 5133 1210 5188 δὲ
1237 5131 1438 5204 μᾶλλον
1465 5128 1780 5187 ἀπολισθεῖν
1805 5129 1900 5185 τοῦ

320 5225 619 5298 σώφρονος.
653 5225 776 5298 Ζωῆ
799 5224 910 5298 γὰρ
934 5225 1033 5279 οὐκ
1051 5223 1132 5279 ἔτι
1151 5222 1214 5279 τὸ
1238 5223 1376 5297 πρὸς
1401 5220 1588 5296 ἐτέρου
1613 5219 1904 5288 ζωοποιοῦ-

322 5336 507 5391 μενον.

391 5412 459 5465 A.
501 5410 669 5465 Ὅταν
712 5403 807 5464 οῦν
854 5409 935 5473 είς
981 5406 1144 5479 μέσον
1174 5407 1304 5478 ἡμῖν
1334 5406 1447 5479 ῆκῃ
1473 5400 1851 5476 διακεκραγὼς
1877 5403 1907 5454 δ

327 5503 666 5576 Μονογενής·
706 5522 725 5555 ‹
748 5501 891 5572 Ἐγώ
927 5503 1040 5571 είμι
1088 5501 1123 5572 ἡ
1167 5500 1462 5564 ἀνάστασις
1512 5496 1606 5553 καὶ
1635 5497 1671 5570 ἡ
1704 5495 1841 5567 ζωὴ,
1878 5512 1898 5547 ι

2002 1830 2224 1889 oracula
2252 1840 2566 1890 sanctorum
2597 1836 2986 1907 prophetarum
3020 1836 3272 1893 ediderit.
3303 1834 3456 1904 Quod
3480 1851 3580 1893 au-

2006 1927 2114 1975 tem
2159 1921 2468 1977 necessario
2508 1932 2788 1993 sequatur,
2816 1939 2941 1982 eum
2981 1924 3075 1996 qui
3106 1924 3438 1997 legislatoris
3466 1923 3583 1995 glo-

2004 2010 2144 2066 riam
2177 2011 2507 2067 naturaliter
2534 2012 2763 2082 obtinet,
2790 2012 3031 2083 judicem
3068 2027 3289 2088 quoque
3316 2027 3459 2080 esse,
3486 2012 3580 2085 qui

2003 2100 2181 2172 poenis
2213 2100 2429 2158 acerbis
2466 2116 2563 2158 eos
2595 2104 2792 2161 subdat
2818 2104 2910 2175 qui
2934 2103 3190 2176 dogmata
3231 2103 3582 2176 proculcave-

2002 2192 2116 2250 rint
2154 2200 2213 2249 et
2254 2192 2324 2249 ad
2372 2202 2565 2249 nutum
2613 2210 2771 2252 suum
2810 2197 3083 2266 vixerint,
3121 2196 3343 2255 nemini
3357 2195 3582 2254 dubium

2000 2298 2124 2343 esse
2147 2292 2349 2356 potest.

2073 2375 2138 2433 B.
2178 2375 2412 2435 Prorsus
2444 2379 2680 2451 quidem.
2757 2426 2762 2430 .

2071 2468 2142 2524 A.
2184 2467 2652 2537 Quemadmodum
2699 2485 2830 2542 ergo
2874 2470 2998 2528 licet
3029 2469 3172 2527 l'orte
3203 2467 3417 2528 dicatur
3440 2480 3589 2526 unua

2003 2558 2220 2633 quidem
2273 2558 2569 2632 legislator,
2620 2577 2867 2633 unusque
2908 2561 3075 2634 judex
3131 2562 3295 2618 Pater
3308 2559 3379 2630 θ’,
3432 2548 3582 2617 nullo

2002 2651 2166 2709 motlo
2194 2652 2264 2708 ab
2303 2652 2395 2708 illa
2431 2654 2714 2725 utriusque
2742 2653 2913 2725 gloria
2952 2663 3007 2710 et
3035 2653 3263 2710 veritate
3286 2651 3457 2709 Filius
3485 2666 3584 2707 ex·

2003 2740 2223 2812 ciderit,
2266 2756 2391 2798 cum
2431 2743 2567 2799 nihil
2613 2743 2681 2799 ab
2711 2743 2992 2801 identitate
3038 2742 3268 2799 naturali
3315 2757 3440 2799 cum
3468 2740 3598 2796 Deo-

2002 2825 2169 2886 Patre
2203 2830 2382 2901 ipsum
2414 2839 2668 2904 separet:
2717 2833 2795 2889 ita
2826 2833 2985 2904 plane
3030 2831 3155 2888 licet
3191 2829 3340 2887 solus
3379 2830 3581 2887 habere

2004 2917 2471 2978 immortalitatem
2516 2923 2732 2980 dicatur
2760 2923 2904 2981 Deus
2951 2939 3016 2980 ac
3038 2921 3290 2989 Patern,
3328 2919 3585 2977 substan-

2007 3013 2152 3072 tialis
2184 3014 2290 3072 erit
2312 3014 2478 3072 etiarn
2503 3016 2561 3073 in
2580 3014 2721 3075 Filio
2750 3016 2986 3091 dignitas
3005 3016 3122 3086 illa,
3147 3024 3204 3074 et
3228 3030 3333 3072 una
3361 3029 3484 3071 cum
3514 3027 3587 3071 eo

2002 3104 2162 3181 plane
2193 3106 2407 3164 dicetur
2448 3107 2796 3175 immortalis,
2842 3109 2956 3167 sive
2986 3110 3102 3183 ipsa
3137 3110 3435 3167 secundum
3476 3123 3581 3164 na-

2000 3204 2183 3255 turam
2215 3197 2621 3266 immortalitas,
2650 3208 2705 3255 et
2730 3198 3004 3257 Genitoris
3038 3201 3333 3258 eminentia
3360 3200 3582 3271 conspi-

2000 3308 2159 3361 cuus,
2192 3308 2319 3351 cum
2343 3308 2375 3350 a
2408 3292 2746 3366 nobisipsis,
2774 3300 2887 3349 tum
2911 3307 2943 3348 a
2976 3294 3182 3352 sanctis
3207 3293 3415 3366 angelis
3447 3292 3584 3350 ado·

2002 3389 2237 3447 rabitur.
2259 3387 2414 3457 Quod
2440 3389 2486 3446 si
2506 3388 2745 3446 dixerint
2769 3388 2886 3444 baec
2908 3387 2985 3443 ita
3015 3401 3122 3444 non
3140 3401 3283 3455 esse,
3313 3396 3370 3443 ct
3399 3387 3584 3456 nobis,

2004 3483 2220 3538 tametsi
2244 3482 2357 3539 veri
2387 3480 2707 3551 cultoribus,
2739 3478 3009 3538 mendacii
3040 3478 3474 3537 criminationem
3494 3457 3579 3536 in·-

2004 3576 2253 3644 tendant,
2290 3576 2424 3632 cedo
2452 3574 2605 3632 illud.

2073 3753 2138 3811 B.
2181 3752 2465 3822 Quodnam
2496 3752 2667 3811 vero?

1996 3884 2001 3889 -
2076 3846 2143 3902 A.
2182 3846 2431 3904 Primum
2470 3847 2713 3918 quidem,
2748 3856 2930 3904 utrum
2972 3847 3026 3904 id
3059 3849 3205 3920 quod
3240 3846 3350 3905 vita
3395 3856 3451 3906 et
3475 3848 3578 3904 im·

2004 3938 2337 3996 mortalitate
2366 3946 2543 4008 caret,
2576 3939 2740 4011 idque
2773 3953 2803 3994 a
2835 3955 2896 3996 se
2928 3955 3036 3996 non
3066 3940 3249 4007 habet,
3276 3940 3579 3998 immortale

2006 4046 2231 4105 prorsus
2273 4030 2515 4087 futurum
2568 4031 2675 4099 sit,
2722 4040 2780 4090 et
2822 4033 3113 4090 ascititiam
3163 4034 3333 4091 vitam
3386 4033 3582 4092 babeat

2004 4123 2159 4196 quasi
2184 4123 2254 4179 ab
2287 4120 2393 4178 alio
2428 4121 2721 4178 traditam?

2073 4215 2138 4270 Β.
2208 4213 2435 4271 Mortale
2475 4215 2663 4287 utique
2704 4213 2810 4271 erit
2856 4211 3100 4286 potentia
3146 4213 3291 4285 quod
3343 4227 3448 4270 non
3499 4222 3582 4271 est

2006 4301 2322 4361 immortale
2350 4311 2572 4361 natura.
3020 4343 3029 4350 -
3295 4367 3305 4375 ,

2078 4397 2146 4452 Α.
2185 4398 2269 4454 Ad
2304 4397 2445 4463 baec,
2493 4397 2857 4470 respondeant
2891 4410 3139 4468 quaenam
3185 4395 3310 4454 vitat
3337 4396 3585 4467 operatio

2008 4487 2348 4558 concipiatur
2367 4501 2495 4559 erp
2518 4501 2582 4545 ea
2604 4503 2724 4558 quae
2754 4489 2867 4545 vita
2893 4497 3108 4546 carent.

2078 4661 2144 4720 B.
2186 4659 2494 4718 vivificatio
2544 4661 2832 4729 nimirum,
2887 4663 3343 4734 quemadmodum
3389 4680 3584 4739 nempe

2005 4764 2064 4815 et
2089 4755 2400 4813 illuminare
2432 4769 2568 4826 opus
2590 4763 2675 4815 est
2701 4753 2946 4811 laminis.

2076 4849 2146 4906 A.
2188 4848 2358 4907 Recte
2396 4848 2555 4906 dicia.
2588 4847 2646 4905 Si
2686 4861 2818 4905 vero
2862 4848 2993 4919 quie
3014 4847 3290 4906 existimet
3318 4848 3579 4906 vivificari

2008 4941 2229 5014 quidem
2262 4942 2429 4997 vitam
2472 4940 2542 4997 ab
2571 4940 2765 5008 altero.
2813 4950 2872 4997 et
2914 4939 3207 4998 illuminari
3236 4956 3454 5014 quoque
3496 4940 3582 4998 lu-

2007 5048 2157 5101 men,
2189 5046 2259 5088 an
2298 5032 2394 5088 tibi
2427 5033 2697 5089 videbitur
2734 5042 2885 5090 recte
2912 5033 3169 5106 opinari?
3583 5019 3588 5023 ⁹

2076 5123 2141 5180 B.
2180 5123 2566 5195 Nequaquam,
2605 5125 2703 5180 aed
2748 5126 2929 5196 potina
2976 5137 3121 5183 recta
3160 5126 3372 5182 ratione
3415 5125 3583 5182 desti·

2008 5214 2107 5271 tui.
2142 5214 2265 5271 vita
2294 5213 2439 5272 enim
2464 5213 2579 5283 lant
2605 5228 2715 5270 non
2741 5225 2826 5273 eat
2861 5215 2991 5273 illud
3014 5215 3157 5287 quod
3175 5216 3245 5271 ab
3270 5213 3380 5271 alio
3400 5215 3586 5271 vivili-

2007 5315 2184 5363 catur.
3447 5347 3456 5355 .

2079 5399 2146 5453 Δ.
2202 5397 2334 5454 Cum
2395 5397 2557 5469 igitur
2612 5397 2929 5471 {inigenitus
2987 5399 3208 5469 prodeat
3272 5397 3515 5455 clamans
3560 5415 3576 5453 z

2015 5507 2035 5542 ι
2068 5489 2183 5562 Ego
2238 5504 2359 5547 sum
2414 5491 2743 5548 resurrectio
2788 5500 2845 5547 ct
2897 5490 3007 5548 vita
3030 5491 3115 5561 ⁸⁸,
3148 5510 3167 5543 ι
3232 5507 3361 5547 ιωιιι
3411 5491 3581 5547 vitam

402 5683 447 5717 ⁸⁹
478 5683 670 5743 Mattli.
701 5684 846 5754 ν,18.
922 5686 966 5718 ⁸⁰
993 5683 1185 5741 Manli.
1225 5698 1375 5750 xxiv,
1425 5681 1516 5740 35.
1593 5682 1657 5715 ⁸⁰·
1696 5667 1799 5735 lsa'.
1830 5690 1922 5737 ιιι,
1948 5673 2002 5733 6.
2062 5676 2101 5708 ⁸¹
2126 5672 2244 5732 lac.
2278 5690 2351 5743 ιν,
2384 5675 2471 5730 12.
2512 5674 2804 5751 j’lTim.
2839 5688 2918 5738 νι,
2955 5671 3041 5730 to.
3120 5672 3166 5708 θ’
3190 5671 3349 5731 Joan.
3377 5687 3454 5734 τι.
3482 5671 3577 5728 25.
