3809 6125
282 350 386 406 507

1270 346 1327 401 S.
1366 345 1633 402 thttLLt
1674 340 2147 397 AeEXANmuM
2187 339 2509 397 Attctttssv.

3425 323 3541 380 5⁰8

283 482 432 537 spem
466 475 520 519 et
571 465 856 520 adventum
902 465 1086 534 gioriae
1128 466 1303 532 magni
1353 464 1444 520 Dei
1473 478 1527 519 et
1553 461 1855 519 Salvatoris
1885 462 1928 519 Α
1960 459 2378 530 προσδεχόμενοι
2410 458 2509 525 τὴν
2551 449 2824 524 μακαρίαν
2855 445 3047 500 ἐλπίδα
3080 441 3176 496 καὶ
3206 440 3541 510 ἐπιφάνειαν

286 557 455 612 nostri
483 556 609 612 Jesn
634 555 837 611 Christi
866 558 908 610 ⁹.
935 574 954 606 ι
989 554 1045 609 Si
1069 556 1318 610 Cbristns
1339 565 1420 610 est
1439 555 1678 609 oninium
1709 567 1852 621 spes»,

283 657 340 701 ct
377 663 602 717 magnus
638 647 798 710 DeuS,
827 655 881 700 et
925 645 1195 707 Salvator,
1230 646 1496 714 quomodo
1542 660 1645 699 non
1696 645 1856 697 vette-

285 746 496 790 menter
533 736 678 803 impii
733 744 788 788 et
832 734 1109 789 dementes
1159 734 1269 787 sint
1299 733 1390 802 qui
1444 732 1638 786 Filium
1674 733 1857 786 dicunt

284 839 409 880 esse
440 834 772 888 creaturam,
805 839 976 893 neque
1007 834 1259 879 verentur
1291 825 1466 878 servis
1503 836 1859 876 annumerare

284 913 432 967 ilium
462 914 546 967 cui
575 915 757 967 insunt
785 913 965 967 omnia
999 929 1117 983 quae
1157 914 1254 968 soli
1283 913 1475 968 divinae
1495 921 1698 967 naturae
1723 926 1856 965 con·

284 1005 546 1070 veniunt,
577 1013 632 1058 et
668 999 761 1073 per
793 1019 913 1073 quae
950 1019 1134 1059 revera
1171 1004 1309 1058 Dens
1335 1018 1455 1058 esse
1477 999 1859 1073 cognoscitur?

954 1201 1187 1258 ALtUD.

354 1313 434 1380 Si,
469 1311 622 1384 juxta
673 1314 1021 1383 Prophetam,
1062 1315 1385 1372 benedictus
1429 1326 1514 1373 est
1562 1317 1724 1373 bomo
1764 1315 1858 1387 qui

283 1403 518 1459 confisus
548 1414 632 1460 est
659 1407 713 1461 in
743 1406 986 1474 Domino,
1015 1415 1068 1462 et
1086 1407 1351 1473 ‚Dominus
1378 1417 1458 1463 est
1481 1423 1606 1478 spes
1631 1409 1749 1479 ejus
1774 1408 1819 1441 ¹⁰
1838 1447 1855 1475 ,

282 1504 430 1551 certe
457 1496 790 1551 contrarium
819 1499 981 1553 etiam
1021 1500 1126 1554 erit
1150 1514 1374 1567 verum;
1407 1502 1554 1556 omui
1581 1502 1725 1557 enim
1761 1502 1858 1557 be·

283 1585 586 1641 nedictione
639 1588 849 1643 carebit
879 1590 968 1659 qui
1003 1590 1054 1645 in
1091 1591 1202 1646 Deo
1239 1606 1389 1661 spem
1424 1608 1574 1648 suam
1602 1609 1711 1649 non
1747 1594 1857 1649 col·

281 1678 477 1732 locarit
531 1678 596 1731 ¹¹.
643 1678 698 1732 Si
742 1694 874 1748 ergo
917 1679 1089 1734 Filius
1152 1689 1235 1736 est
1266 1695 1401 1751 opus
1447 1681 1531 1736 vel
1581 1692 1854 1750 creatura,

1958 552 2057 621 τῆς
2109 550 2265 619 δόξης
2309 545 2404 600 τοῦ
2451 541 2683 613 μεγάλου
2734 536 2869 592 Θεοῦ
2921 532 3017 588 καὶ
3074 529 3333 600 Σωτῆρος
3372 528 3545 599 ἡμῶν

1971 641 2146 713 Ἰησοῦ
2178 636 2436 711 Χριστοῦ.
2467 655 2483 687 ι
2518 636 2578 687 Et
2612 634 2825 686 πάντων
2859 628 3013 690 ἐλπίς
3047 627 3194 677 ἐστιν
3222 625 3249 675 ὁ
3278 622 3541 693 Χριστὸς,

1959 733 2072 786 ἐστι
2100 732 2155 785 δὲ
2180 732 2274 784 καὶ
2300 728 2431 790 Θεὸς
2477 727 2649 796 μέγας
2684 721 2780 776 καὶ
2803 718 3016 787 Σωτὴρ,
3043 715 3162 777 πῶς
3189 713 3250 766 οὐ
3276 712 3400 766 λίαν
3432 712 3543 765 εἰσὶ

1958 822 2237 885 δυσσεδεῖς
2285 820 2381 873 καὶ
2425 817 2771 887 παράφρονες
2798 814 2846 865 οἱ
2890 808 3102 878 ποίημα
3138 806 3390 875 λέγοντες
3447 803 3543 857 τὸν

1961 912 2113 976 Υἰὸν,
2151 911 2244 964 καὶ
2273 912 2331 963 ἐν
2371 908 2580 970 δούλοις
2632 904 2991 974 κατατάττειν
3019 897 3329 969 τολμῶντες
3359 894 3456 951 τὸν
3495 888 3543 963 ᾧ

1961 1003 2137 1056 πάντα
2169 1000 2482 1072 πρόσεστιν,
2514 996 2618 1050 ὅσα
2663 994 2799 1066 μόνῃ
2839 991 3041 1063 πρέπει
3067 992 3136 1061 τῇ
3178 988 3300 1061 θείᾳ
3347 986 3543 1058 φύσει,

1961 1094 2055 1147 καὶ
2081 1092 2149 1145 δι’
2178 1084 2253 1145 ὧν
2276 1090 2444 1152 ὅντως
2467 1085 2626 1142 τοῦτο
2648 1082 2780 1139 οῦσα
2802 1082 3127 1153 γινώσκεται
3146 1097 3163 1147 3

2645 1200 2847 1253 ΑΛΛΟ.

2030 1323 2114 1384 Εἰ,
2150 1320 2289 1375 κατὰ
2320 1318 2420 1389 τὴν
2455 1313 2551 1371 τοῦ
2594 1315 2878 1388 Προφήτου
2915 1310 3120 1381 φωνὴν,
3168 1305 3541 1378 εὐλογημένος

1956 1415 1986 1467 ὁ
2016 1411 2299 1484 ἄνθρωπος
2349 1409 2409 1473 ὃς
2458 1407 2715 1461 πέποιθεν
2743 1404 2833 1458 ἐπὶ
2864 1401 2942 1472 τῷ
3000 1400 3228 1472 Κυρίῳ,
3279 1398 3375 1453 καὶ
3423 1396 3543 1452 ἔστι

1957 1502 2164 1575 Κύριος
2197 1500 2351 1564 ἐλπὶς
2380 1496 2862 1568 αὐτοῦ,’κρατήσει
2894 1492 3111 1556 πάντως
3133 1491 3229 1546 καὶ
3257 1488 3538 1544 ἐναντίον·

1956 1595 2062 1661 ἔξω
2106 1594 2213 1665 γὰρ
2260 1594 2479 1661 ἀπάσης
2534 1589 2784 1659 εὐλογίας
2825 1585 3072 1641 κείσεταί
3132 1601 3216 1648 τις
3252 1582 3353 1637 οὐκ
3399 1581 3543 1652 ἔχων

1956 1688 2048 1741 ἐπὶ
2074 1686 2206 1739 Θεὸν
2230 1684 2330 1754 τὴν
2375 1682 2585 1737 ἐλπίδα.
2625 1680 2801 1754 Εἴπερ
2838 1673 2930 1732 οὗν
2965 1676 3171 1747 κτίσμα
3198 1675 3295 1731 καὶ
3322 1673 3545 1744 ποίημά

277 1783 472 1823 servus
515 1769 696 1840 itaque
751 1780 856 1834 εει,
896 1781 950 1825 ει
988 1787 1093 1826 non
1141 1780 1334 1827 natura
1367 1771 1650 1828 Dominus.
1704 1773 1851 1840 Quo·
1884 1793 1928 1848 B
1959 1777 2106 1828 ἐστιν
2138 1772 2341 1840 ὀΥίὸςι,
2372 1770 2559 1833 δοῦλος
2589 1769 2697 1842 ἄρα
2735 1767 2873 1831 ἐστὶ,
2899 1767 2994 1821 καὶ
3016 1766 3078 1819 οὐ
3110 1763 3270 1835 φύσει
3309 1762 3542 1832 Κύριος.

281 1860 442 1912 modo
473 1859 658 1929 igitur,
680 1860 835 1927 juxta
867 1870 1116 1915 sanctum
1146 1860 1512 1926 psalmistam,
1535 1882 1554 1914 ι
1579 1864 1856 1920 Benedicti

281 1964 381 2003 nos
413 1964 440 2001 a
480 1948 727 2015 Domino,
749 1950 848 2018 qui
885 1963 1164 2017 speramns
1193 1952 1246 2029 in
1291 1953 1406 2021 ipso
1434 1953 1519 2007 ¹²?
1547 1971 1567 2006 t
1597 1954 1703 2008 Aut
1730 1969 1858 2023 quo·

280 2038 442 2092 modo
483 2052 608 2092 vere
645 2038 776 2093 dicit
807 2039 921 2109 ipse
946 2040 1144 2095 Paulus
1171 2058 1184 2095 ι
1219 2058 1239 2093 ι
1276 2041 1601 2098 Benedictus
1633 2045 1772 2100 Deus
1800 2054 1857 2100 et

278 2128 443 2183 Pater
469 2126 636 2199 299
680 2128 890 2185 Domini
925 2132 1092 2187 nostri
1123 2130 1251 2188 Jesu
1289 2133 1513 2196 Christi.
1544 2136 1633 2204 qui
1687 2136 1852 2199 bene-

275 2219 412 2273 dixit
440 2234 537 2275 nos
566 2218 781 2275 inomni
806 2220 1177 2278 benedictione
1203 2224 1529 2294 spirituaii&
1564 2225 1853 2282 Filiusita-

273 2322 380 2375 que
411 2318 493 2363 εει
548 2318 741 2363 natura
787 2308 1062 2365 Dominus.
1093 2311 1163 2368 At
1207 2303 1253 2367 si
1304 2314 1427 2381 hoc,
1459 2330 1590 2386 ergo
1638 2331 1742 2371 non
1770 2326 1853 2371 est

273 2407 542 2452 creatura.
587 2396 661 2452 Dc
692 2401 960 2455 creaturis
1001 2403 1146 2456 enim
1177 2403 1410 2459 dicitur:
1450 2424 1469 2456 ι
1505 2407 1640 2473 Quia
1670 2408 1851 2462 omnia

272 2490 519 2543 serviunt
549 2488 642 2543 tibi
670 2490 735 2544 ¹⁸.
777 2508 797 2542 s

680 2599 766 2655 Ex
795 2602 1010 2658 Actibus
1040 2604 1436 2673 Apostolorum.

347 2733 366 2765 ι
423 2714 862 2771 pertransierant
943 2726 1126 2775 autem
1208 2720 1497 2792 Phrygiam
1570 2732 1625 2779 et
1662 2726 1844 2796 regio-

269 2820 392 2860 nem
448 2803 675 2862 Galatiae
700 2845 715 2874 ,
749 2819 805 2861 et
839 2810 1097 2877 prohibiti
1163 2820 1291 2867 sunt
1321 2827 1352 2867 a
1388 2811 1590 2883 Spiritu
1655 2826 1844 2873 sancto

268 2896 564 2967 praedicare
605 2898 660 2954 in
698 2897 849 2955 Asis.
887 2899 1182 2959 Venientes
1222 2915 1407 2961 autem
1455 2919 1552 2976 pcr
1593 2906 1839 2980 Mysiam,

267 2990 547 3044 tentabant
577 2990 628 3044 in
662 2990 973 3063 Bithyniam
998 2994 1100 3061 ire,
1133 3004 1188 3051 et
1215 3011 1321 3051 non
1355 2998 1564 3054 dimisit
1584 3013 1681 3055 eos
1710 2997 1837 3072 Spi-

269 3083 409 3136 ritus
442 3081 569 3137 Jesu
605 3081 671 3138 ¹⁸.
704 3100 724 3134 ι
754 3083 895 3139 Ecce
945 3086 1257 3144 manifeste·
1281 3089 1521 3158 Spiritus
1576 3102 1798 3149 sanctus
1821 3134 1838 3159 ,
1866 3125 1915 3182 G

268 3174 502 3243 Spiritus
528 3173 655 3230 Jesu
694 3176 915 3232 dicitur.
949 3178 1082 3234 Cum
1114 3180 1285 3249 igitur
1347 3180 1584 3252 Spiritus
1618 3184 1795 3242 Patris
1820 3226 1837 3253 ,

265 3265 427 3319 etiam
480 3265 604 3321 Filii
656 3267 891 3337 Spiritus
921 3271 1029 3337 sit,
1073 3274 1341 3342 quomodo
1366 3280 1485 3342 gnon
1537 3278 1606 3331 sit
1650 3287 1839 3333 natura

268 3355 426 3424 Deus,
463 3358 554 3426 qui
583 3358 903 3415 naturaliter
935 3362 1248 3418 exsistentis
1277 3364 1371 3420 Dei
1404 3380 1468 3421 ac
1505 3366 1683 3422 Patris
1716 3383 1842 3437 pro·

265 3449 523 3520 prietates
554 3465 616 3504 ac
655 3452 1044 3520 praerogativas
1092 3455 1420 3512 naturaliter
1462 3457 1513 3512 in
1542 3473 1600 3514 se
1633 3459 1842 3514 habet?

263 3539 481 3610 Alioqui
542 3540 710 3595 etiam
742 3542 847 3598 boc
872 3545 1325 3601 considerandum
1352 3558 1456 3603 est.
1499 3547 1634 3603 Nam
1667 3551 1712 3604 si
1743 3564 1842 3603 an·

265 3632 368 3698 geli
426 3641 519 3687 aut
580 3634 808 3690 alterius
861 3634 1164 3707 cujuspiam
1220 3638 1501 3694 rationalis
1557 3640 1843 3709 potestatis

266 3721 444 3774 dictus
500 3737 735 3792 unquam
772 3733 854 3779 est
887 3725 935 3778 is
985 3726 1077 3794 qui
1131 3727 1186 3780 in
1232 3704 1352 3781 beo
1394 3729 1718 3784 naturaliter
1758 3740 1841 3786 est

267 3812 501 3880 Spiritus
524 3826 765 3881 sanctus,
786 3824 1059 3871 statuatur
1075 3817 1235 3870 etiam
1260 3817 1430 3874 Filius
1455 3820 1599 3876 inter
1619 3832 1839 3878 creatu·

271 3917 379 3968 ras,
410 3903 609 3972 qnippe
632 3907 720 3974 qui
750 3907 885 3961 nibil
911 3918 1171 3977 quantum
1205 3911 1271 3963 ad
1299 3911 1400 3965 boc
1417 3912 1483 3967 ab
1518 3912 1584 3968 iis
1605 3913 1835 3981 differat,

272 3995 491 4048 tametsi
531 3993 768 4064 Spiritus
821 4007 1060 4064 sanctus,
1114 3997 1347 4068 Spiritus
1393 3999 1562 4069 ipsius
1606 4003 1834 4059 dicatur.

267 4082 324 4135 Si
358 4097 487 4139 vero
543 4084 645 4140 boc
688 4095 894 4141 tantum
933 4088 1132 4144 dicitur
1162 4090 1229 4144 de
1275 4104 1341 4145 eo
1382 4091 1472 4160 qui
1520 4095 1840 4149 naturaliter

265 4170 410 4228 Deus
439 4183 522 4228 est
552 4215 569 4242 ,
621 4177 891 4245 quomodo
922 4179 995 4231 sit
1032 4177 1274 4246 ejusdem
1309 4182 1524 4248 generis
1567 4199 1687 4238 cum
1719 4187 1839 4243 aliis

264 4266 551 4330 creaturis,
588 4267 678 4335 qni
714 4277 863 4321 tanto
892 4269 1013 4323 illas
1057 4269 1298 4336 excellit,
1333 4280 1392 4324 ut
1422 4272 1540 4341 ipse
1580 4274 1838 4341 praeditus

262 4353 336 4408 sit
366 4355 545 4410 divina
576 4365 812 4427 paternae
835 4359 1086 4413 essentiae
1107 4360 1388 4431 dignitate,
1411 4373 1465 4418 et
1492 4378 1830 4423 communem

262 4443 461 4503 babeat
490 4462 613 4504 cum
650 4445 812 4505 Patre
846 4452 1144 4508 essentiam
1174 4453 1197 4505 ?

920 4563 1028 4619 ΑΜ
1041 4564 1148 4622 ut).

337 4691 358 4723 ι
396 4670 565 4726 Media
612 4686 792 4729 autem
846 4687 1004 4733 nocte
1073 4677 1275 4734 Paulus
1339 4691 1395 4737 et
1455 4682 1613 4756 Sylas
1664 4700 1830 4741 oran·

263 4774 344 4820 tes
402 4762 691 4819 laudabant
741 4766 909 4823 Deum
956 4786 970 4824 :
1027 4780 1082 4825 et
1129 4772 1419 4828 audiebant
1465 4790 1558 4830 eos
1622 4778 1712 4846 qui
1776 4780 1827 4833 in

262 4856 504 4912 custodia
543 4867 718 4911 erant.
754 4858 946 4914 Subito
998 4878 1126 4916 vero
1156 4873 1495 4922 terraemotus
1528 4867 1703 4925 sactus
1748 4881 1831 4926 est

264 4965 491 5020 magnus
529 4990 544 5014 ,
603 4951 673 5004 ita
723 4960 780 5004 ut
846 4966 1192 5011 moverentur
1241 4957 1590 5016 fundamenta
1644 4977 1828 5017 carce·

268 5041 344 5092 ris
381 5058 393 5094 :
430 5050 485 5093 et
514 5041 697 5094 statim
745 5051 934 5110 aperta
978 5054 1103 5099 sunt
1137 5049 1314 5102 omnia
1366 5051 1501 5104 ostia
1533 5092 1547 5114 ,
1603 5060 1657 5106 et
1707 5053 1828 5106 nni·

263 5145 544 5184 versorum
601 5130 811 5184 vincula
856 5131 1031 5186 soluta
1090 5147 1212 5192 sunt
1265 5139 1330 5195 ¹⁸.
1372 5159 1390 5192 t
1429 5142 1651 5208 Deinde,
1701 5158 1825 5197 cuin

263 5220 538 5274 custodem
571 5223 809 5277 carceris
841 5225 1212 5291 perterritum,
1245 5233 1472 5284 eti-erbo
1497 5232 1647 5286 Pauli
1666 5248 1827 5287 enar-

267 5309 657 5375 ravit,snbdit:
684 5331 702 5363 ι
733 5312 992 5368 Tremens
1010 5325 1192 5370 custos
1222 5321 1455 5375 carceris
1475 5337 1646 5391 genna
1678 5322 1827 5377 flexit

265 5400 431 5453 Paulo
456 5414 508 5454 et
537 5402 676 5471 Syke
709 5421 723 5459 ε
771 5417 823 5461 ει
854 5407 1088 5463 educens
1136 5424 1229 5464 cos
1267 5408 1428 5478 foras,
1465 5416 1638 5469 dixit:
1679 5415 1820 5482 Quid

1960 1862 2085 1926 Πῶς
2112 1856 2225 1924 οῦν,
2262 1860 2405 1914 κατὰ
2430 1858 2523 1912 τὸν
2560 1859 2713 1925 ἅγιον
2745 1853 3072 1925 Ψαλμῳδὸν,
3109 1871 3129 1905 ι
3164 1850 3540 1922 Εὐλογημένοι

1956 1954 2117 2024 ἡμεῖς
2155 1950 2233 2021 τῷ
2261 1945 2472 2021 Κυρίῳ,
2496 1949 2545 2001 οί
2586 1947 2685 2016 τὴν
2711 1944 2900 1999 ἐλπίδα
2927 1944 3141 2014 ἔχοντες
3162 1943 3244 2006 είς
3273 1942 3476 2008 «αὐτόνς
3504 1961 3525 1991 ι

1957 2041 2081 2106 Πῶς
2104 2040 2161 2093 δὲ
2196 2038 2292 2093 καὶ
2319 2038 2481 2101 αὐτὸς
2510 2035 2799 2108 ἀληθεύσει
2824 2032 3003 2102 λέγων
3025 2032 3054 2084 ὁ
3097 2029 3345 2094 Παῦλος·
3371 2048 3394 2081 c
3423 2027 3523 2081 Εὖ-

1954 2132 2179 2204 λογητὸς
2200 2134 2228 2185 ὀ
2266 2131 2399 2195 Θεὸς
2442 2130 2536 2184 καὶ
2579 2128 2770 2200 Πατὴρ
2801 2125 2895 2180 τοῦ
2926 2125 3131 2196 Κυρίου
3170 2122 3319 2196 ἡμῶν
3346 2121 3520 2196 Ἰησοῦ

1945 2212 2189 2294 ’Χριστοῦ
2216 2222 2245 2275 ὀ
2274 2220 2573 2291 εὐλογήσας
2596 2218 2745 2290 ἡμᾶς
2777 2219 2835 2270 ἐν
2857 2216 3011 2288 πάσῃ
3030 2214 3257 2287 εὐλογία
3286 2230 3525 2285 πνευμα·

1950 2316 2115 2384 τικῇ;
2144 2333 2161 2364 ι
2198 2311 2404 2383 Κύριος
2434 2312 2543 2381 ἄρα
2576 2308 2719 2365 κατὰ
2755 2307 2917 2377 φύσιν
2948 2307 3094 2361 ἐστὶν
3141 2305 3348 2369 ὁ-Υίός.
3375 2304 3441 2357 Εἰ
3474 2305 3532 2359 δὲ

1950 2404 2125 2467 τοῦτο,
2158 2404 2219 2456 οὐ
2251 2402 2481 2474 ποίημα.
2528 2399 2689 2454 Κατὰ
2716 2399 2825 2470 γὰρ
2873 2396 2982 2452 τῶν
3013 2396 3342 2469 ποιημάτων
3379 2394 3534 2465 λέγε-

1948 2511 2040 2548 ται
2061 2510 2075 2523 ·
2108 2512 2126 2544 ι
2158 2495 2280 2546 Ὅτι
2308 2492 2377 2546 τὰ
2411 2492 2702 2563 σύμπαντα
2729 2490 2892 2545 δοῦλα
2926 2488 3013 2543 σά.
3046 2508 3064 2541 ι

2452 2608 2545 2660 Ἐκ
2582 2604 2702 2660 τῶν
2734 2604 3033 2674 Πράξεων.

2023 2737 2042 2769 ι
2076 2716 2301 2788 Διῆλθον
2328 2716 2388 2770 δὲ
2420 2716 2519 2786 τὴν
2550 2714 2793 2785 Φρυγίαν
2822 2714 2918 2767 καὶ
2955 2715 3056 2785 τὴν
3090 2714 3405 2787 Γαλατικὴν
3435 2714 3539 2786 χώ-

1949 2829 2068 2885 ραν,
2105 2809 2439 2871 κωλυθέντες
2470 2808 2575 2861 ὐπὸ
2613 2808 2709 2861 τοῦ
2747 2808 2904 2877 ἁγίου
2942 2807 3263 2877 Πνεύματος
3304 2807 3538 2877 λαλῆσαι

1942 2903 2034 2956 τὸν
2071 2900 2227 2969 λόγον
2267 2900 2327 2953 ἐν
2358 2900 2423 2969 τῇ
2465 2899 2636 2970 Ἀσίᾳ.
2676 2897 2952 2962 Ἐλθόντες
2992 2897 3049 2951 δὲ
3089 2897 3233 2952 κατὰ
3269 2898 3377 2971 τὴν
3413 2900 3535 2953 Mu-

1943 2998 2083 3060 σίαν,
2113 2992 2470 3066 πειράζοντες
2522 2992 2601 3057 είς
2624 2991 2724 3063 τὴν
2747 2991 3001 3047 Βιθυνίαν
3034 2990 3405 3063 πορευθῆναι,
3441 2994 3536 3047 καὶ

1943 3090 2044 3144 οὐκ
2083 3089 2265 3144 εἴασεν
2311 3087 2507 3149 αὐτοὺς
2554 3088 2615 3140 τὸ
2651 3086 2877 3157 Πνεῦμα
2910 3084 3105 3157 Ἰησοῦ.
3133 3105 3153 3140 ι
3191 3084 3325 3143 Ἰδοὺ
3367 3083 3534 3140 πάλιν

1945 3182 2131 3238 ἐνθάδε
2172 3181 2356 3250 σαφῶς
2380 3180 2440 3233 τὸ
2465 3178 2691 3251 Πνεῦμα
2716 3180 2777 3232 τὸ
2806 3179 2983 3248 ἅγιον,
3009 3176 3233 3250 Πνεῦμα
3261 3177 3534 3250 κέκληκεν

1954 3273 2151 3346 Ἰησοῦ.
2176 3273 2305 3326 Ὅτε
2335 3270 2514 3325 τοίνυν
2539 3267 2605 3324 τὸ
2633 3270 2729 3325 τοῦ
2754 3269 2965 3342 Πατρὸς
2990 3268 3236 3337 Πνεῦμα,
3264 3267 3363 3323 καὶ
3398 3265 3534 3322 Υίοῦ

1942 3363 2165 3435 Πνεῦμά
2197 3365 2338 3425 ἐστι,
2367 3363 2484 3425 πῶς
2508 3364 2608 3416 οὐκ
2658 3361 2814 3417 ἔσται
2848 3361 2989 3417 κατὰ
3018 3360 3179 3432 φύσιν
3214 3358 3348 3425 Θεὸς
3372 3363 3405 3415 ὀ
3435 3360 3538 3442 τρῇ

1942 3450 2084 3505 κατὰ
2122 3451 2283 3519 φύσιν
2320 3450 2474 3522 δντος
2505 3448 2640 3502 Θεοῦ
2680 3450 2776 3501 καὶ
2806 3449 3020 3520 Πατρὸς
3063 3449 3226 3519 ἔχων·
3249 3446 3536 3515 aba&

1940 3542 2010 3596 τά
2045 3542 2152 3597 [δια
2179 3542 2271 3596 καὶ
2300 3540 2586 3611 ἐξαίρετα;
2618 3541 2822 3605 Ἀλλως
2855 3558 2912 3593 τε
2946 3541 3168 3594 κάκεῖνο
3204 3543 3345 3611 πρὸς
3391 3538 3534 3613 τῷδε

1942 3635 2262 3708 θεωρητέον.
2289 3636 2352 3688 Εἰ
2394 3635 2491 3705 μὲν
2519 3635 2623 3705 γὰρ
2651 3634 2882 3702 ἀγγέλου
2908 3634 3069 3704 τυχὸν
3096 3634 3128 3704 ἢ
3158 3634 3358 3705 ἐτέρας
3384 3633 3533 3698 τινὸς

1940 3726 2165 3796 λογικῆς
2213 3727 2495 3797 δυνάμεως
2537 3725 2751 3797 εἴρηταί
2786 3744 2915 3780 ποτε
2958 3726 3186 3796 Πνεῦμα
3215 3726 3279 3780 τὸ
3320 3728 3381 3779 ἐν
3408 3726 3529 3796 Θεῷ

1942 3818 2185 3886 φυσικῶς
2216 3817 2369 3886 ἅγιον
2407 3818 2661 3888 Πνεῦμα,
2692 3817 2936 3888 τετάχθω
2969 3817 3107 3888 μετὰ
3138 3817 3248 3870 τῶν
3288 3817 3523 3888 ποιημά·

1940 3924 2046 3961 των
2087 3909 2180 3960 καὶ
2203 3910 2232 3960 ὀ
2270 3907 2417 3973 Υἱὸς,
2445 3908 2597 3961 οὐδὲν
2626 3907 2763 3978 ἔχων
2793 3907 2868 3972 ὡς
2898 3908 3033 3978 πρὸς
3068 3907 3242 3960 ταῦτα
3269 3908 3333 3962 τὸ
3359 3905 3511 3961 πλέον

1939 3995 2104 4051 αὐτοῦ
2123 4003 2164 4064 “,
2183 3997 2287 4050 κᾶν
2310 3996 2533 4067 Πνεῦμα
2558 3998 2725 4050 αὐτοῦ
2758 3997 2984 4068 λέγηται
3012 3998 3071 4052 τὸ
3099 3997 3252 4066 ἅγιον
3278 3997 3514 4068 Πνεῦμα.

1940 4089 2002 4141 Et
2028 4087 2085 4141 δὲ
2121 4088 2212 4141 ἐπὶ
2243 4087 2403 4158 μόνου
2447 4087 2673 4159 φέρεται
2710 4087 2803 4141 τοῦ
2839 4090 2979 4142 κατὰ
3020 4089 3178 4158 φύσιν
3207 4089 3363 4152 ὄντος
3392 4085 3523 4142 Υίοῦ

1937 4180 1998 4234 τὸ
2014 4179 2273 4245 τοιοῦτον,
2305 4178 2421 4242 πῶς
2438 4178 2503 4232 ἂν
2523 4180 2605 4250 εἴη
2633 4182 2744 4242 τοῖς
2768 4179 2945 4241 ἄλλοις
2968 4180 3257 4252 ὁμογενὴς,
3282 4181 3312 4233 ὁ
3336 4177 3526 4232 τοσοῦ-

1937 4286 2028 4323 τον
2062 4266 2241 4322 αὐτῶν
2280 4266 2698 4338 ὑπερκείμενος,
2740 4268 2815 4330 ὡς
2856 4269 3015 4338 μόνον
3065 4266 3208 4338 ἔχειν
3233 4267 3399 4320 αὐτὸν
3425 4266 3525 4336 τῆς

1940 4358 2195 4432 πατρῴας
2239 4359 2452 4427 φύσεως
2492 4340 2552 4411 τὸ
2587 4359 2888 4429 θεοπρεπὲς
2931 4358 3147 4430 ἀξίωμα
3168 4397 3183 4421 ,
3218 4359 3313 4412 καὶ
3344 4375 3524 4412 κοινο-

1866 4451 1911 4506 D
1940 4451 2208 4506 ποιεῖσθαι
2235 4453 2302 4506 τὰ
2327 4452 2423 4522 τῆς
2448 4450 2633 4512 οὐσίας
2658 4450 2737 4521 τῷ
2770 4450 2883 4521 ἰδίῳ
2913 4451 3230 4522 γεννήτορις

2623 4565 2827 4618 Attae.

2014 4697 2033 4729 ι
2067 4678 2224 4730 Κατὰ
2252 4678 2308 4730 δέ
2347 4677 2406 4729 τὸ
2456 4676 2805 4747 μεσονύκτιον
2846 4674 3053 4740 Παῦλος
3100 4690 3158 4727 τε
3202 4671 3298 4727 καὶ
3342 4673 3521 4738 Σύλας

1938 4768 2359 4840 προσευχόμενοι
2391 4768 2589 4837 ὕμνουν
2614 4767 2705 4820 τὸν
2749 4767 2910 4821 Θεόν·
2946 4765 3300 4838 ἐπηκροῶντο
3327 4764 3388 4818 δὲ
3420 4765 3523 4819 αὐ-

1937 4862 2046 4915 τῶν
2087 4861 2136 4913 οἱ
2182 4860 2413 4929 δέσμιοι.
2457 4860 2644 4927 Ἀφνω
2673 4859 2730 4912 δὲ
2777 4858 3001 4930 σεισμὸς
3055 4859 3226 4929 μέγας
3273 4857 3519 4926 ἐγένετο,

1936 4953 2076 5007 ὥστε
2113 4952 2436 5023 σαλευθῆναι
2479 4951 2548 5004 τά
2590 4951 2820 5021 θεμέλια
2848 4951 2943 5004 τοῦ
2975 4948 3383 5021 δεσμωτηρίου·
3420 4949 3520 5002 ἀν-

1937 5043 2224 5115 εῴχθησαν
2250 5043 2306 5095 δὲ
2344 5044 2399 5097 αί
2432 5041 2590 5112 θύραι
2630 5044 2830 5105 πᾶσαι,
2862 5042 2955 5096 καὶ
2998 5041 3213 5094 πάντων
3236 5038 3309 5091 τὰ
3342 5037 3525 5109 δεσμὰ

1936 5136 2121 5205 ἀνέθη.
2149 5155 2166 5184 ι
2198 5131 2330 5188 Εἶτα
2359 5134 2445 5186 διὰ
2500 5134 2661 5204 μέσον
2705 5133 2818 5197 θεὶς
2844 5133 2932 5186 τὸν
2979 5133 3071 5184 ἐπὶ
3098 5131 3273 5201 τούτῳ
3299 5128 3397 5184 τοῦ
3437 5131 3525 5184 δε-

1935 5227 2277 5297 σμοφύλακος
2341 5225 2588 5297 θόρυὸον,
2624 5225 2715 5279 καὶ
2762 5224 2861 5288 τὰς
2900 5222 2994 5277 τοῦ
3041 5221 3253 5277 Παύλου
3292 5223 3520 5291 φωνὰς,

1934 5319 2093 5374 πάλιν
2123 5320 2400 5386 ἐπιφέρει·
2436 5335 2455 5367 ι
2487 5319 2785 5388 Ἐντρομος
2816 5316 2872 5369 δὲ
2920 5314 3208 5385 γενόμενος
3238 5314 3288 5384 (ὀ
3315 5313 3517 5384 δεσμο·

1933 5410 2107 5479 φύλαξ
2130 5409 2411 5480 δηλονότι),
2443 5410 2746 5480 προσέπεσε
2773 5407 2848 5477 τῷ
2882 5407 3079 5477 Παύλῳ
3107 5406 3203 5460 καὶ
3240 5403 3319 5475 τῷ
3345 5404 3517 5475 Σύλα.

265 5500 478 5561 oportet
507 5506 588 5544 nte
617 5491 813 5558 snt-cre,
840 5497 1066 5564 domini,
1094 5509 1151 5552 nt
1173 5499 1352 5556 salvus
1374 5502 1506 5556 sint?
1533 5503 1608 5558 tttt
1632 5515 1811 5558 autent
1924 5503 2031 5557 Καὶ
2078 5501 2412 5572 προαγαγὼν
2440 5502 2636 5564 αὐτοὺς
2667 5501 2746 5564 είς
2787 5500 2845 5552 τὸ
2873 5500 2996 5564 ἔξω,
3036 5498 3139 5567 ἔφη
3164 5516 3177 5530 ·
3210 5497 3429 5569 Κύριοι,
3466 5495 3520 5549 τί

351 5643 502 5701 ²·t'n.
538 5666 597 5713 tt,
631 5648 803 5710 1¹45,

276 5717 319 5749 ¹⁸
343 5719 461 5773 Act.
495 5737 604 5785 xit,
634 5721 685 5782 (i,
730 5721 779 5771 7.

882 5652 924 5681 ¹⁰
960 5652 1098 5703 ΙέιιΙ.
1133 5654 1401 5719 xxxtx‚'.“i.

862 5722 902 5751 '⁸
938 5721 1064 5776 ibid.
1100 5723 1191 5790 23,
1215 5725 1305 5778 2⁶³.

1485 5659 1522 5687 ⁸¹
1564 5656 1703 5710 ΡειιΙ.
1737 5672 1939 5723 cxxvii,
1971 5658 2060 5725 2¹,
2098 5657 2186 5711 22.

2288 5658 2328 5687 ⁸²
2360 5654 2497 5710 Psai.
2539 5671 2689 5718 extu,
2736 5656 2814 5708 tfi.
2935 5653 2975 5683 ¹³
3014 5651 3151 5707 Psat.
3180 5666 3374 5716 cxvtn,
3415 5649 3508 5706 0¹.
