3809 6125
290 261 392 318 961

1355 267 1442 323 1)ss
1485 268 1586 327 58.
1626 269 2003 326 'rtttNt‘rA'rE
2039 272 2385 329 ntALoths
2424 274 2484 329 V.

3458 276 3567 333 9⁶2

287 373 498 429 κατίδοι
530 389 614 437 τις
640 373 727 438 ἂν,
761 376 857 427 καὶ
880 373 1003 427 λίαν
1028 376 1289 447 ἀμογητὶ,
1317 378 1466 451 ζωῆς
1494 382 1624 437 ὄντα
1637 385 1873 455 χορηγὸν
1903 394 1948 450 Α
1978 388 2100 442 vitae
2134 388 2374 443 datorem
2418 404 2559 455 esse,
2602 404 2708 444 non
2753 404 2857 458 qua
2904 389 3045 444 Deus
3090 390 3421 461 intelligitur,
3466 394 3560 447 sed

286 463 468 535 ἐαυτῷ
495 463 588 518 τὸν
626 464 774 530 Υίὸν,
811 467 907 519 καὶ
955 464 1075 519 οὔτι
1105 466 1208 519 πού
1248 485 1450 539 φαμεν,
1509 473 1647 528 καθὸ
1675 478 1876 529 νοεῖται

282 556 439 621 Θεὸς,
466 553 604 608 καθὸ
625 555 682 609 δὲ
711 555 952 626 πέφηνεν
981 555 1287 628 ἄνθρωπος,
1314 553 1359 628 ᾧ
1380 562 1532 618 δοτόν
1558 582 1620 618 τε
1646 564 1742 620 καὶ
1763 566 1874 619 εἰσ-

284 646 616 717 κεκριμένον
638 644 892 719 ἐξωθενή
929 648 1064 722 ζωή.
1096 652 1243 725 Ἔφη
1276 653 1376 725 μὲν
1407 653 1517 725 γὰρ
1541 657 1570 709 ό
1599 656 1872 728 μακάριος

281 739 501 803 Παῦλος
523 752 538 767 ·
581 756 600 789 ι
631 738 696 791 ΕΙ
726 737 786 791 δὲ
815 737 877 791 τὸ
906 740 1133 813 Πνεῦμα
1176 742 1270 797 τοῦ
1311 744 1626 815 ἐγείραντος
1662 744 1870 817 Ἰησοῦν

279 833 346 885 ἐκ
378 828 614 902 νεκρῶν,
642 830 782 882 οίκεί
809 829 870 882 ἐν
899 829 1028 900 ύμῖν
1048 848 1063 863 ·
1086 831 1116 885 ό
1148 832 1371 904 ἐγείρας
1399 835 1464 887 ἐκ
1491 834 1703 907 νεκρῶν
1728 835 1864 906 Χρι-

280 924 409 978 στὸν
442 919 673 991 Ἰησοῦν,
699 918 1029 991 ζωοποιήσει
1056 923 1152 978 καὶ
1174 924 1248 980 τά
1260 924 1444 997 ,θνητὰ
1459 924 1691 997 σώματα
1711 926 1866 998 ὑμῶν

274 1015 370 1070 διὰ
411 1011 508 1068 τοῦ
537 1009 875 1076 ἐνοικοῦντος
907 1013 1072 1068 αὐτοῦ
1107 1014 1425 1088 Πνεύματος
1467 1018 1528 1071 ἐν
1561 1017 1712 1089 ὑμῖν.
1743 1036 1763 1071 ι
1806 1018 1866 1073 Ὀ

273 1108 336 1162 δέ
370 1123 435 1177 γε
468 1103 677 1176 Κύριος
717 1104 876 1175 ἡμῶν
904 1104 1113 1177 Ἰησοῦς
1145 1108 1402 1179 Χριστὸς,
1448 1109 1572 1182 οὐχὶ
1598 1112 1719 1175 ταῖς
1750 1109 1866 1164 ἐτέ-

277 1217 374 1272 ρου
421 1196 646 1269 μᾶλλον.
689 1194 826 1251 ἀλλὰ
867 1200 990 1262 ταῖς
1028 1199 1190 1264 ίδίαις
1242 1200 1548 1273 ἐνεργείαις
1578 1203 1638 1256 τὸ
1671 1202 1865 1274 χρῆμα

1978 490 2249 550 quatenus
2269 479 2435 535 homo
2452 481 2662 536 exsistit
2688 481 2771 535 cui
2792 482 2897 533 vita
2919 481 3039 536 data
3063 496 3149 537 rea
3165 490 3249 537 est
3270 491 3323 537 et
3342 483 3565 540 aliunde

1980 571 2173 624 ascita.
2189 571 2410 627 Dicebat
2427 572 2572 626 enim
2592 572 2780 628 beatus
2791 570 2990 627 Paulus
3010 591 3024 627 :
3056 574 3238 639 «Quod
3260 575 3306 629 si
3327 573 3561 644 Spiritus

1977 658 2094 729 ejus
2138 659 2243 729 qui*
2282 659 2565 715 suscitavit
2611 659 2797 716 lesum
2849 676 2878 715 a
2928 662 3189 727 mortuis,
3246 663 3454 718 inabitat
3504 664 3559 717 in

1975 750 2128 805 vobis
2157 772 2171 806 ;
2212 751 2305 821 qui
2353 752 2636 808 suscitavit
2688 750 2870 809 lesum
2920 752 3194 809 Christum
3240 770 3269 809 a
3305 756 3556 819 mortuis,

1974 841 2268 897 vivificabit
2294 852 2346 897 et
2372 842 2621 899 mortalia
2652 858 2881 914 corpora
2911 854 3116 910 vestra.
3152 856 3373 917 propter
3404 848 3555 901 iniia-

1974 933 2232 988 bitantem
2262 930 2521 998 Spiritum
2550 932 2666 1005 ejus
2688 934 2742 989 in
2775 934 2927 992 vobis
2946 935 3016 993 ¹¹⁸.
3042 954 3061 988 ο
3088 935 3347 991 Dominus
3372 948 3557 992 autem

1973 1032 2157 1079 noster
2174 1023 2329 1079 lesus
2345 1022 2593 1079 Christus
2622 1039 2729 1079 non
2756 1023 3111 1091 alterius,sed
3141 1028 3256 1083 suis
3277 1025 3480 1081 viribus
3502 1025 3555 1081 id

1974 1114 2237 1179 tribuens,
2269 1114 2337 1169 de
2366 1128 2465 1169 suo
2506 1130 2730 1187 corpore
2757 1116 2825 1171 ad
2851 1114 3063 1173 Judaeos
3098 1118 3216 1173 iniit
3245 1137 3259 1173 :
3297 1129 3329 1168 ι·
3352 1116 3555 1175 Solvite

1971 1203 2230 1274 templum
2261 1205 2387 1271 hoc,
2422 1206 2561 1269 etin
2582 1206 2756 1263 tribus
2786 1207 2976 1264 diebus
3006 1209 3255 1265 excitabo
3278 1209 3407 1264 iiiud
3428 1209 3493 1263 ”.
3524 1226 3548 1262 a

270 1292 486 1356 διδοὺς,
525 1288 662 1360 πρὸς
703 1286 986 1353 Ἰουδαίους
1022 1290 1158 1362 φησὶ
1194 1292 1326 1362 περὶ
1368 1289 1466 1346 τοῦ
1499 1292 1631 1349 ίδίου
1683 1293 1968 1364 σώματος·
2007 1313 2026 1348 ι
2051 1294 2266 1351 Λύσατε
2300 1296 2393 1352 τὸν
2432 1296 2559 1352 ναὸν
2597 1298 2789 1353 τοῦτον
2842 1299 2937 1354 καὶ
2980 1301 3042 1354 ἐν
3073 1300 3255 1373 τρισὶν
3312 1301 3552 1373 ἡμέραις

271 1384 457 1457 ἐγερῶ
483 1382 669 1439 αὐτόν.
692 1399 716 1435 ν
1099 1456 1103 1459 .

346 1482 408 1535 B.
447 1478 572 1543 Πῶς
615 1473 712 1533 οὖν
759 1479 1067 1550 ἐνήργηκεν
1103 1480 1133 1534 ό
1165 1479 1356 1552 Πατὴρ
1395 1480 1455 1535 ἐν
1494 1479 1575 1553 τῷ
1615 1481 1730 1553 Υίῷ
1759 1481 1861 1554 τὴν

268 1574 446 1646 ζωὴν,
471 1571 631 1642 εἴπερ
659 1569 862 1625 ἀνεδίω
886 1571 1121 1642 Χριστὸς
1139 1573 1261 1635 ταῖς
1285 1570 1482 1626 ἐαυτοῦ
1508 1570 1772 1644 δυνάμεσί
1798 1590 1859 1628 τε

267 1664 367 1719 καὶ
397 1662 746 1733 ἐνεργείαιςς

341 1752 408 1805 Δ.
439 1750 562 1803 Ὅτι
594 1748 741 1820 ζωῆς
769 1749 924 1816 ὄντος
959 1751 1052 1805 τοῦ
1088 1751 1324 1824 Πατρὸς,
1368 1751 1484 1825 ζωὴ
1532 1752 1772 1825 πέφηνεν
1802 1753 1864 1820 ἐξ

265 1843 442 1901 αὐτοῦ
477 1842 621 1898 κατὰ
668 1842 832 1911 φύσιν
876 1860 938 1897 τε
972 1844 1067 1898 καὶ
1108 1843 1327 1916 ἀληθῶς
1368 1846 1397 1898 ό
1430 1844 1596 1910 Υἱὸς,
1631 1845 1733 1915 τῆς
1769 1843 1864 1898 τοῦ

263 1937 524 1999 τεκόντος
548 1934 741 1997 οὐσίας
773 1934 1133 2005 ἐμφαντικὸς,
1175 1934 1271 1989 καὶ
1303 1934 1425 1999 ὅλος
1467 1934 1569 2006 μὲν
1601 1933 1865 2005 ὑπάρχων

267 2029 332 2082 ἐν
382 2027 462 2098 τῷ
517 2023 726 2096 Πατρὶ,
781 2025 964 2096 φέρων
1021 2024 1078 2079 δὲ
1111 2020 1180 2079 αὗ
1211 2024 1524 2096 ὁλοκλήρως
1577 2026 1636 2078 ἐν
1684 2022 1864 2094 ἐαυτῷ

263 2122 365 2175 τὸν
391 2118 630 2191 Πατέρα.
658 2117 847 2187 Ταύτῃ
875 2116 962 2171 τοί
1003 2133 1183 2188 φαμεν
1224 2117 1286 2171 τὸ
1318 2116 1531 2189 Πατρὸς
1576 2115 1865 2188 ἐνέργημα

267 2213 371 2268 καὶ
399 2210 495 2266 τοῦ
527 2206 682 2274 Υίοῦ,
728 2209 824 2263 καὶ
855 2209 995 2280 ὅπερ
1025 2208 1092 2262 ἂν
1131 2210 1160 2261 ὁ
1191 2207 1317 2273 Υἱὸς
1365 2206 1663 2280 ἐργάσαιτο
1703 2206 1862 2260 τοῦτό

275 2306 428 2357 ἐστιν
463 2300 746 2372 ἐνέργημα
781 2297 878 2353 τοῦ
924 2297 1157 2370 Πατρός.
1190 2300 1299 2353 Καὶ
1347 2298 1500 2369 γοῦν,
1547 2298 1648 2371 τὴν
1677 2298 1757 2363 ὠς
1796 2299 1863 2351 ὲκ

281 2394 493 2468 Πατρὸς
520 2395 802 2467 ἐνέργειαν
831 2392 969 2446 ίδίαν
1000 2388 1168 2446 οὖσαν
1208 2392 1545 2457 ἐπιδεικνὺς,
1579 2391 1674 2445 καὶ
1709 2390 1773 2446 τὸ
1802 2393 1861 2445 ὲν

279 2488 476 2545 ἅπασιν
501 2486 756 2559 ίσουργὸν
787 2484 888 2556 τῆς
929 2483 1068 2555 πρὸς
1107 2482 1271 2537 αὐτὸν
1303 2481 1721 2554 όμοουσιότητος
1751 2481 1863 2556 μή·

271 2595 427 2635 νυσιν
473 2577 683 2649 ἐναργῆ
721 2578 834 2637 τοῖς
881 2572 1211 2644 φιλομαθέσι
1253 2572 1615 2644 παρατιθεὶς,
1652 2589 1671 2624 ι
1699 2571 1764 2626 m
1796 2572 1860 2626 ού

267 2670 412 2724 ποιῶ
441 2672 510 2723 τὰ
550 2668 687 2740 ἔργα
729 2668 824 2723 τοῦ
859 2664 1074 2737 Πατρός
1114 2681 1243 2735 μου,
1285 2662 1363 2735 μὴ
1406 2662 1693 2717 πιστεύετέ
1731 2679 1857 2733 μοι,

267 2761 466 2833 φησίν·
493 2762 542 2814 εἰ
565 2760 623 2814 δε
649 2758 809 2823 ποιῶ,
834 2756 937 2812 κᾶν
955 2757 1081 2827 ἐμοὶ
1104 2755 1182 2828 μὴ
1203 2754 1519 2826 πιστεύητε,
1547 2757 1661 2818 τοίς
1677 2753 1861 2825 ἔργοις

268 2870 378 2923 μου
402 2852 706 2906 πιστεύετε.
721 2869 740 2902 ι
771 2848 890 2903 ‘ost
911 2848 969 2903 δὲ
985 2844 1072 2902 αὖ·
1093 2867 1112 2899 ι
1138 2847 1195 2900 Ὀ
1211 2845 1269 2900 δέ
1285 2845 1476 2917 Πατὴρ
1495 2845 1524 2898 ό
1543 2846 1602 2899 ὲν
1619 2844 1745 2917 ἐμοὶ
1766 2843 1861 2915 μὲ-

267 2961 402 3011 νων,
430 2946 577 2999 ποιεί
593 2943 663 2995 τὰ
683 2941 822 3012 ἔργα
842 2939 1028 3003 αὐτός.
1057 2957 1076 2990 ι
1112 2938 1185 2991 Οὐ
1203 2934 1314 3009 γὰρ
1333 2934 1399 3008 δή
1413 2934 1609 3007 χρῆναι
1627 2934 1860 3006 πρέπειν

2035 1482 2098 1540 Β.
2154 1483 2435 1552 Quomodo
2482 1484 2649 1555 igitur
2688 1495 2946 1554 operatus
2992 1495 3077 1542 eat
3118 1485 3281 1543 Pater
3321 1487 3374 1543 in
3410 1488 3547 1547 Filio

1964 1572 2153 1636 vitam.
2182 1574 2229 1628 si
2251 1573 2499 1631 Christus
2530 1589 2627 1631 sua
2663 1576 2713 1631 vi
2747 1586 2803 1632 et
2830 1574 3069 1633 efficacia
3102 1578 3338 1634 revixit!
3499 1602 3543 1637 ο

2034 1751 2103 1807 Α.
2136 1750 2336 1823 Nempe
2367 1753 2513 1822 quod
2541 1767 2665 1808 cum
2692 1752 2855 1809 Pater
2884 1754 2957 1811 sit
3004 1754 3135 1822 vita,
3170 1755 3279 1811 vita
3318 1770 3384 1811 ex
3426 1756 3546 1825 ipso

1965 1842 2168 1912 prodiit
2202 1843 2499 1899 secundum
2531 1853 2783 1900 naturam
2819 1860 2884 1901 ac
2909 1860 3037 1901 vere
3060 1845 3248 1912 Filius,
3284 1848 3542 1903 substan-

1969 1934 2096 1988 tiam
2131 1933 2182 1989 in
2222 1948 2282 1990 se
2324 1932 2501 1991 Patris
2537 1936 2870 2005 exprimens,
2900 1946 2956 1990 et
2990 1943 3136 1992 totus
3177 1935 3394 2005 quidem
3444 1953 3542 1993 ex·

1964 2023 2164 2079 sistens
2191 2024 2247 2077 in
2280 2022 2459 2089 Patre.
2484 2024 2669 2080 serens
2696 2036 2877 2081 autem
2916 2041 3107 2081 rursus
3130 2026 3184 2080 in
3211 2042 3272 2082 se
3304 2028 3545 2098 perfecte

1966 2115 2203 2172 Patrem.
2251 2116 2462 2173 idcirco
2510 2117 2742 2174 dicimus
2789 2116 2967 2175 Patris
3015 2134 3153 2190 opus
3198 2134 3321 2176 esse
3375 2120 3541 2175 etiam

1964 2202 2110 2271 Filii,
2134 2215 2187 2259 et
2214 2206 2356 2275 quod
2390 2203 2561 2261 Filius
2582 2217 2838 2273 operatus
2864 2208 3051 2275 ruet-it,
3082 2208 3186 2263 hoc
3213 2221 3335 2264 esse
3364 2208 3544 2265 Patris

1963 2312 2119 2367 opus.
2145 2296 2411 2373 Quocirca
2441 2298 2592 2355 iilam
2625 2298 2806 2355 Patris
2838 2300 3212 2371 operationem
3242 2315 3395 2356 suam
3419 2315 3543 2357 esse

1963 2389 2275 2454 ostendeuS,
2294 2396 2349 2443 et
2362 2388 2617 2459 operandi
2641 2388 3011 2446 omnimodam
3032 2390 3395 2461 aequaiitatem
3412 2404 3541 2446 con·

1966 2479 2441 2537 substantialitatis
2476 2493 2640 2552 quam
2671 2481 2833 2538 habet
2868 2481 3031 2555 564
3065 2496 3189 2538 cum
3232 2481 3343 2547 iiio,
3378 2496 3541 2553 argu·

1965 2580 2203 2625 mentum
2225 2570 2570 2628 manifestum
2599 2572 2838 2628 discendi
2866 2572 3075 2643 cupidis
3095 2571 3360 2627 exhibens
3387 2585 3404 2626 ι
3438 2589 3460 2624 ι
3480 2570 3541 2628 Si

1964 2676 2070 2716 non
2117 2661 2255 2717 sat-io
2282 2676 2447 2732 opera
2481 2660 2658 2717 Patris
2695 2661 2824 2734 mei,
2869 2661 3067 2733 inquit,
3105 2663 3273 2720 nolite
3315 2664 3539 2721 credere
3575 2669 3586 2680 ‘

1963 2752 2097 2808 milii
2126 2771 2140 2807 ε
2174 2751 2221 2808 si
2250 2764 2433 2808 autcm
2456 2753 2619 2822 facio,
2651 2763 2706 2809 et
2732 2757 2777 2810 si
2811 2753 2942 2810 mihi
2976 2770 3081 2810 non
3111 2754 3272 2811 vultis
3294 2758 3539 2826 credere,

1959 2845 2212 2914 operibus
2248 2845 2457 2901 credite
2494 2845 2565 2902 ¹¹⁸.
2610 2863 2632 2898 a
2669 2844 2802 2901 ltem
2848 2864 2863 2900 ε
2904 2863 2924 2896 ι
2958 2844 3117 2902 Pater
3153 2858 3331 2903 autem
3371 2848 3425 2903 in
3455 2864 3543 2905 mo

1963 2952 2193 2993 manens
2219 2935 2357 3007 ipse,
2389 2937 2522 2993 facit
2551 2952 2717 3009 opera
2743 2938 2814 2993 ”.
2838 2956 2858 2991 ι
2892 2936 3012 2994 Non
3036 2939 3182 2993 euim
3214 2939 3266 2994 iu
3294 2939 3547 2996 humani-

265 3040 383 3103 τοῖς
418 3035 524 3108 τῆς
569 3030 987 3103 ἀνθρωπότητος
1025 3027 1245 3100 μέτροις
1283 3025 1355 3082 τά
1383 3023 1704 3100 θεοπρεπῶς
1741 3027 1858 3099 είρ-
1882 3039 1930 3101 c
1969 3027 2096 3084 tatis
2128 3028 2492 3085 conditionem
2530 3027 2727 3085 cadere
2756 3028 2977 3100 putabat
3009 3041 3075 3084 ea
3122 3041 3243 3098 quae
3283 3026 3545 3085 divinitu

184 3192 191 3199 .
263 3129 527 3202 γασμένα
567 3120 821 3176 διενοεῖτό
843 3136 967 3184 που,
1009 3121 1078 3190 τῇ
1105 3118 1166 3172 δέ
1207 3135 1272 3187 γε
1309 3119 1534 3190 ἀρρήτῳ
1577 3121 1673 3179 καὶ
1719 3117 1862 3188 ὑπὲρ

180 3262 185 3267 -
263 3219 403 3276 νοῦν
443 3211 677 3269 ἀνετίθει
707 3209 899 3280 φύσει·
927 3208 1017 3264 διά
1043 3225 1127 3263 τοι
1151 3207 1308 3262 τοῦτό
1341 3223 1508 3278 φησι·
1541 3227 1567 3280 ιΙ
1586 3208 1706 3264 Κάν
1738 3209 1864 3280 ἐμοὶ

272 3309 359 3381 μὴ
388 3302 699 3374 πιστεύητε,
726 3302 838 3365 τοῖς
881 3299 1066 3373 ἔργοις
1104 3315 1208 3370 μου
1243 3296 1552 3355 πιστεύετε.
1576 3316 1598 3352 a
1633 3299 1864 3388 Tauxdp

263 3418 358 3455 τοι
383 3397 700 3469 θεοπρεπῶς
724 3395 821 3450 καὶ
845 3394 984 3467 ὑπὲρ
1003 3393 1160 3464 λόγον
1180 3389 1603 3464 ἐξειργασμένα,
1630 3396 1741 3457 τοῖς
1765 3394 1864 3464 τῆς

267 3489 563 3553 κενώσεως
595 3487 817 3560 μέτροις
839 3486 1236 3558 ἐμφιλοχωρείν
1257 3483 1359 3539 οὐκ
1387 3485 1452 3555 ἐᾷ
1481 3483 1578 3556 τήν
1606 3485 1694 3538 ἐπ’
1717 3485 1866 3559 αὐτῷ

166 3610 175 3615 -
269 3581 433 3646 δόξαν
465 3596 524 3633 τε
554 3580 651 3634 καὶ
679 3578 882 3642 πίστιν,
911 3577 1126 3650 αἴρεται
1153 3575 1211 3629 δὲ
1245 3573 1434 3645 ὥσπερ
1454 3573 1612 3644 ὑψοῦ,
1647 3577 1744 3629 καὶ
1773 3577 1866 3631 ἀν-

274 3673 497 3743 θρωπος
549 3669 648 3740 μὲν
673 3667 789 3721 οὔτι
817 3686 920 3721 που
950 3665 1126 3738 ψιλὸς,
1156 3664 1289 3728 Θεὸς
1312 3663 1370 3718 δέ
1397 3662 1480 3717 ὅτι
1510 3665 1606 3717 καὶ
1633 3666 1697 3717 ὲκ
1727 3664 1864 3720 Θεοῦ

277 3762 627 3835 γινώσκεται.
650 3759 728 3814 Ἥ
760 3761 861 3814 ούκ
890 3758 1092 3831 ἀληθὲς
1115 3758 1144 3812 ὃ
1173 3773 1348 3828 φημι;

351 3855 414 3910 Β.
449 3855 598 3909 Πάνυ
635 3851 732 3923 μὲν
759 3847 874 3905 οὗν.

352 3951 419 4001 Α.
462 3944 624 3999 Ἀλλά,
663 3960 729 4014 με
761 3942 958 4015 μικροῦ
987 3941 1081 3995 καὶ
1108 3940 1224 3994 τόδε
1252 3939 1643 4012 παριππεῦσαν
1671 3939 1862 4011 ᾤχετο.

357 4040 421 4095 Β.
455 4039 528 4092 Τὸ
558 4039 708 4092 ποῖόν
736 4055 788 4090 τι
821 4039 958 4108 φής;

356 4133 423 4187 Α.
458 4131 532 4184 Τὸ
564 4128 857 4201 παροισθὲν
884 4126 1084 4199 ἀρτίως
1114 4125 1206 4179 τοῦ
1247 4125 1461 4180 Παύλου
1495 4123 1696 4193 λόγιον,
1735 4126 1791 4179 ἐν
1822 4117 1868 4192 ᾧ

287 4224 386 4278 καὶ
411 4221 555 4294 μάλα
582 4218 761 4290 σαφὴς
787 4221 821 4290 ή
844 4215 1044 4282 δίδαξις
1067 4213 1157 4289 ἦν,
1184 4216 1259 4280 ὠς
1284 4215 1373 4271 διὰ
1398 4216 1494 4270 τοῦ
1522 4217 1675 4286 ἀγίου
1702 4216 1871 4271 Πνεύ-

1966 3121 2188 3188 nebant,
2219 3120 2314 3177 sed
2344 3119 2600 3177 ineflabili
2627 3128 2682 3176 et
2708 3133 2974 3190 supremae
3004 3126 3213 3174 naturae
3240 3133 3304 3174 ea
3335 3122 3542 3174 tribue-

1966 3213 2075 3268 bat.
2125 3212 2331 3269 idcirco
2368 3213 2447 3268 ait
2485 3230 2501 3268 ι
2542 3232 2564 3266 ι
2602 3211 2659 3268 Si
2696 3211 2826 3268 mihi
2874 3226 2982 3268 nou
3014 3211 3259 3280 creditis,
3289 3211 3545 3283 operibus

1966 3305 2100 3360 meis
2130 3305 2356 3362 credite.
2384 3322 2403 3355 ι
2432 3303 2563 3371 Quae
2585 3303 2730 3359 cuim
2758 3302 2869 3359 Deo
2889 3303 3271 3359 convenienter
3293 3313 3348 3358 et
3374 3317 3544 3374 supra

1964 3409 2127 3463 quam
2177 3392 2281 3447 dici
2329 3393 2502 3465 possit
2548 3393 2852 3450 eminenter
2896 3391 3036 3448 sacta
3089 3401 3239 3456 sunt,
3290 3406 3395 3447 non
3448 3407 3544 3462 pa·

1967 3488 2169 3541 tiuntur
2196 3494 2253 3539 ut
2282 3499 2404 3540 eum
2439 3484 2582 3540 intra
2622 3485 2975 3540 humanitatis
3028 3481 3243 3539 modum
3276 3482 3544 3537 contineri

1967 3585 2217 3647 putemus
2243 3590 2309 3632 ac
2350 3575 2655 3642 credamus,
2702 3577 2797 3632 sed
2839 3575 2893 3631 in
2938 3575 3107 3630 altum
3148 3573 3548 3642 quodammodo

1970 3667 2190 3730 tollitur,
2218 3682 2318 3723 nec
2341 3666 2454 3738 jam
2491 3669 2668 3724 nudus
2708 3673 2891 3733 homo,
2919 3667 3014 3723 sed
3055 3666 3198 3721 Deus
3238 3672 3296 3718 et
3327 3679 3392 3718 ex
3436 3663 3548 3722 Deo

1968 3774 2089 3816 esse
2120 3759 2485 3830 cognoscitur.
2521 3757 2789 3830 Numquid
2830 3774 3016 3818 verum
3050 3767 3134 3814 est
3166 3757 3310 3825 quod
3339 3757 3459 3812 dicu
3478 3757 3506 3812 ἲ

2037 3847 2098 3904 Β.
2130 3849 2206 3904 ita
2246 3863 2488 3920 prorsus.

2039 3941 2103 3995 Α.
2136 3939 2243 3994 Sed
2274 3955 2361 3995 me
2391 3942 2494 3996 hoc
2524 3955 2661 4011 pene
2686 3940 2839 4012 sugit.

2040 4032 2101 4089 B.
2137 4031 2443 4101 Quidnam?

2042 4124 2110 4180 A.
2144 4121 2299 4192 Quod
2331 4135 2503 4191 nuper
2532 4122 2691 4179 attuli
2734 4122 2886 4180 Pauii
2927 4127 3232 4193 oraculum,
3274 4142 3381 4197 quo
3421 4142 3545 4198 per-

1968 4219 2155 4288 spicue
2183 4218 2370 4287 utique
2398 4215 2699 4272 docebatur
2738 4231 2832 4288 per
2867 4228 3118 4275 sanctum
3165 4219 3426 4292 Spiritum
3461 4221 3548 4277 vi-

289 4331 462 4388 ματος
501 4315 535 4384 ή
571 4313 724 4383 παρὰ
780 4310 992 4382 Πατρὸς
1037 4308 1367 4381 ζωοποίησις
1404 4309 1465 4362 ἓν
1509 4325 1568 4361 τε
1603 4308 1753 4379 αὐτῷ
1790 4309 1868 4381 τῷ
1970 4310 2331 4366 vilicationem
2362 4306 2511 4364 iliam
2539 4321 2570 4362 a
2617 4305 2779 4365 Patre
2818 4323 2942 4367 cum
2982 4309 3035 4366 in
3072 4308 3312 4375 Christo.
3348 4322 3458 4367 tum
3489 4312 3545 4367 in

288 4404 512 4480 Χριστῷ
537 4405 632 4459 καὶ
661 4406 720 4458 ἐν
740 4404 876 4474 ἡμῖν
899 4402 1289 4474 ἐκπράττεται.
1315 4401 1462 4472 Ἔφη
1490 4398 1619 4473 γὰρ,
1641 4400 1724 4454 ὅτι
1747 4417 1767 4450 ι
1803 4401 1864 4454 Ei
1896 4389 1944 4445 D
1969 4401 2127 4457 nobis
2152 4415 2368 4469 quoque
2410 4399 2549 4456 neri.
2582 4397 2726 4454 Dixit
2760 4401 2904 4456 enim
2930 4419 2945 4456 z
2990 4419 3010 4452 ι
3042 4402 3197 4470 Quod
3232 4403 3277 4459 si
3311 4401 3548 4474 Spiritus

283 4499 345 4553 δὲ
376 4497 442 4552 τὸ
478 4497 704 4568 Πνεῦμα
759 4494 854 4550 τοῦ
906 4493 1223 4565 ἐγείραντος
1274 4494 1339 4546 ἐκ
1391 4491 1601 4564 νεκρῶν
1659 4492 1866 4564 Ἰησοῦν

230 4654 239 4659 ,
284 4592 433 4645 οίκεῖ
460 4590 519 4643 ἐν
551 4590 699 4661 ὑμῖν,
728 4590 758 4643 ό
784 4585 1004 4657 ἐγείρας
1060 4582 1268 4656 Ἰησρῦν
1295 4582 1532 4656 Χριστὸν
1560 4585 1626 4638 ἐκ
1659 4580 1868 4655 νεκρῶν

288 4683 620 4753 ζωοποιήσει
640 4683 733 4735 καὶ
755 4679 825 4735 τὰ
849 4677 1019 4750 θνητά
1069 4675 1224 4747 ὑμῶν
1252 4673 1482 4746 σώματα
1505 4674 1595 4730 διὰ
1617 4672 1712 4729 τοῦ
1738 4676 1873 4730 ένοι-

288 4773 516 4836 κοῦντος
550 4772 714 4826 αὐτοῦ
751 4771 1069 4840 Πνεύματος
1096 4770 1154 4822 ἐν
1191 4768 1342 4839 ὑμῖν.
1370 4784 1388 4818 ²
1421 4766 1520 4820 Διά
1557 4765 1874 4836 Πνεύματος

287 4862 391 4924 οὖν
414 4866 523 4936 ἄρα
570 4863 832 4929 ζωοποιὸς
871 4863 900 4916 ὁ
946 4859 1157 4932 Πατὴρ,
1203 4859 1304 4929 οὐχ
1332 4858 1408 4921 ὡς
1438 4857 1526 4912 διὰ
1575 4855 1872 4928 κτίσματος

289 4956 576 5027 ζωογονῶν
600 4956 699 5027 τὴν
728 4954 927 5016 κτίσιν,
959 4952 1075 5008 ἀλλ’
1096 4953 1171 5016 ὡς
1198 4952 1256 5004 ἐν
1287 4947 1500 5021 μεθέξει
1530 4945 1745 5017 φύσεως
1773 4947 1876 5018 τῆς

292 5049 463 5113 ἰδίας,
509 5049 589 5109 είς
628 5047 728 5119 τὴν
769 5043 961 5098 ἑαυτοῦ
1002 5042 1395 5114 μεταπλάττων
1442 5039 1607 5111 ζωὴν,
1637 5038 1697 5093 τὸ
1729 5037 1875 5110 ζωήν

288 5140 395 5195 οὐκ
424 5139 546 5208 ἔχον
589 5140 647 5190 ἐν
679 5137 786 5208 ἰδίᾳ
812 5136 990 5206 φύσει.
1021 5135 1182 5189 Δοτὸν
1200 5135 1310 5206 γάρ
1349 5149 1453 5187 που
1475 5134 1632 5202 φαῖεν
1662 5129 1749 5196 ἀν,
1779 5124 1875 5184 οἷδ’

290 5231 400 5293 ὅτι,
429 5231 497 5300 τῇ
532 5229 710 5282 κτίσει
748 5226 809 5280 τὸ
841 5225 960 5298 ζῇν.

367 5320 427 5373 Β.
461 5323 622 5375 Φαῖεν
646 5321 755 5391 γὰρ
777 5319 863 5383 ἂν,
891 5318 1146 5389 ἐρήσεται
1169 5316 1225 5370 δὲ
1247 5316 1342 5371 καὶ
1367 5314 1503 5387 πρὸς
1523 5311 1682 5385 ήμῶν
1704 5310 1843 5383 αὐτῇ
1857 5325 1874 5342 ·

293 5427 318 5465 ε
350 5412 396 5464 Τ
403 5411 418 5463 ί
450 5411 559 5484 γὰρ
588 5411 731 5482 ἔχεις
756 5410 784 5462 ὃ
809 5410 911 5463 ούκ
943 5408 1165 5474 ἔλαόεςς
1198 5428 1217 5462 ι

366 5501 434 5556 Α.
470 5501 739 5556 zoom-‚bv
765 5496 857 5555 οὗν
883 5501 991 5573 ἄρα
1023 5501 1084 5555 τὸ
1123 5498 1346 5570 Πνεῦμα
1378 5496 1440 5551 τὸ
1475 5497 1650 5567 ἅγιον,
1681 5485 1744 5549 οῦ
1780 5493 1875 5549 καὶ

296 5721 375 5774 tv,
403 5706 453 5762 7.

369 5639 592 5695 ’‘iiom.
627 5654 742 5707 νιιι,
770 5637 856 5693 ii.
933 5634 1151 5694 '’Joatt.
1188 5651 1249 5701 ιι,
1284 5633 1372 5690 ¹9.
1445 5633 1491 5666 ⁷⁸
1514 5628 1669 5687 ioan.
1708 5643 1767 5696 x,
1794 5627 1885 5694 57,
1916 5624 2008 5682 38.
2083 5624 2306 5684 '’loan.
2356 5643 2467 5697 xiv,
2493 5629 2581 5685 10.
2658 5630 2704 5662 ⁸·
2730 5630 2885 5687 Rom.
2922 5645 3039 5695 vttt,
3073 5629 3163 5685 ii.

1968 4490 2089 4561 ejus
2118 4490 2209 4560 qui
2243 4489 2525 4546 suscitavit
2549 4489 2733 4547 lesum
2762 4505 2795 4546 a
2840 4491 3067 4548 mortuis
3109 4492 3317 4549 habitat
3354 4494 3408 4548 in
3447 4507 3545 4549 ro·

1970 4582 2074 4650 bis,
2122 4583 2214 4654 qui
2244 4581 2527 4638 suscitavit
2550 4579 2732 4638 lesum
2765 4582 3037 4640 Christum
3066 4598 3097 4639 a
3129 4586 3378 4653 mortuis,
3409 4584 3546 4641 vivi·

1973 4676 2156 4733 iicebit
2180 4686 2235 4733 et
2260 4674 2510 4732 mortaiia
2538 4689 2766 4746 corpora
2799 4684 2999 4741 vestra,
3029 4692 3127 4748 per
3158 4677 3546 4734 inhabitantem

1975 4765 2235 4839 Spiritum
2276 4766 2395 4837 eius
2448 4766 2505 4822 in
2549 4766 2704 4822 vobis
2746 4766 2816 4824 ⁸⁰.
2858 4783 2879 4820 ι
2918 4766 3024 4823 Ρει·
3078 4765 3337 4837 Spiritum
3385 4768 3546 4839 igitur

1977 4860 2222 4916 vivificus
2262 4871 2346 4916 est
2389 4860 2571 4929 Pater,
2625 4875 2733 4917 non
2791 4867 3049 4930 tanquam
3094 4873 3191 4929 per
3242 4867 3547 4914 creaturam

1980 4948 2257 5002 vivificans
2310 4959 2639 5015 creaturam,
2690 4950 2784 5005 sed
2839 4958 3089 5019 tanquam
3144 4949 3547 5020 participatione

1981 5053 2093 5094 suae
2136 5046 2340 5095 naturae
2382 5040 2437 5096 in
2466 5053 2622 5095 suam
2670 5040 2837 5094 vitam
2882 5037 3276 5095 transformans
3322 5039 3375 5095 id
3409 5038 3553 5108 quod

1980 5129 2146 5185 vitam
2176 5144 2281 5186 non
2322 5129 2484 5185 habet
2521 5130 2575 5186 in
2625 5145 2723 5186 sua
2770 5138 2982 5186 natura.
3010 5128 3207 5187 Vivere
3247 5130 3418 5195 enim,
3467 5134 3555 5186 sat

1977 5220 2114 5287 scio,
2153 5220 2408 5286 dixerint,
2445 5234 2556 5275 rem
2591 5221 2769 5275 datam
2798 5234 2921 5276 esse
2946 5230 3230 5278 creatura.

2052 5309 2115 5366 Β.
2150 5310 2687 5381 Dixerinti1uiden1;
2730 5324 2855 5367 nam
2896 5313 2997 5383 ipsi
3039 5326 3140 5370 nos
3164 5324 3378 5382 quoque
3405 5309 3555 5365 dice-

1978 5414 2099 5457 mus
2129 5422 2143 5457 ;
2175 5417 2194 5452 ι
2232 5401 2369 5468 Quid
2401 5401 2547 5457 enim
2593 5401 2763 5458 habes
2792 5404 2934 5473 quod
2974 5417 3080 5458 non
3113 5401 3368 5472 accepisti
3387 5399 3501 5454 ’.Ὗ
3527 5417 3551 5454 ι

2046 5494 2112 5548 Α.
2147 5491 2406 5550 Viviiicus
2424 5509 2554 5567 ergo
2585 5504 2671 5553 est
2696 5495 2934 5568 Spiritus
2960 5504 3205 5560 sanctus,
3234 5492 3388 5563 eujus
3424 5489 3553 5548 sacti

3267 5629 3334 5662 ⁸⁹·
3368 5627 3392 5683 1
3422 5625 3554 5686 Cor·
