3809 6125
277 336 378 391 ⁶31

1270 334 1332 393 S.
1372 330 1646 391 CYRtLLt
1682 331 2156 388 ALEXANDRlNI
2189 331 2502 388 Ancillae.

3423 309 3533 366 (532

276 446 417 503 diem
477 448 531 503 in
585 461 694 519 quo
735 448 1080 520 iudicaturus
1129 455 1214 504 est
1263 448 1451 506 orbem
1500 449 1556 504 in
1600 447 1835 518 justitia.
1865 449 2156 522 Αήμέραν
2200 450 2258 501 ὲν
2304 441 2339 520 ᾗ
2375 445 2553 517 κρινεῖ
2599 441 2699 511 τήν
2735 433 3060 505 οἰκουμένην
3100 430 3161 484 ιν
3189 425 3532 497 δικαιοσύνῃ.

348 536 545 594 flauo.
579 555 693 606 xxi,
729 540 819 595 52.
856 540 1015 596 Venit
1041 538 1281 595 Joannes
1311 542 1380 596 ad
1414 555 1514 597 vos
1552 540 1607 596 in
1642 540 1729 596 vla
1757 540 1848 611 ju-

268 623 462 695 ititiae,
485 641 541 686 et
567 647 676 687 non
713 632 1024 689 credidistis
1046 632 1118 688 ei.
1147 631 1428 688 Publicant
1452 644 1630 689 autem
1653 641 1710 691 et
1735 648 1847 690 me-

278 721 503 776 retrices
536 722 889 779 crediderunt
917 722 1046 793 ipsi.

348 808 545 867 ΠαιιΙι.
575 828 649 881 vt,
676 813 767 867 55.
801 812 1041 881 Quaerite
1082 814 1314 885 primurn
1354 814 1622 884 justitiam
1668 814 1763 872 Dei
1792 824 1850 873 et

274 915 503 971 regnum
537 904 674 972 ejus,
705 912 762 960 et
783 905 898 961 liaec
926 908 1110 963 omnia
1134 906 1467 976 adjicientur
1488 907 1666 963 vobis.

346 1080 538 1137 flaute.
567 1097 620 1148 v,
653 1082 741 1138 to.
781 1083 935 1139 Beati
962 1083 1051 1154 qui
1080 1085 1516 1156 persecutionem
1561 1086 1846 1156 patiuntur

277 1181 496 1242 propter
540 1174 831 1244 justitiam,
881 1174 1007 1246 quia
1049 1175 1293 1247 ipsorum
1352 1185 1440 1233 est
1478 1191 1703 1248 regnum
1733 1191 1848 1233 coe-

276 1262 475 1320 lorum.
620 1317 631 1331 ,

344 1354 532 1410 Mattio.
556 1372 609 1423 v,
642 1357 695 1413 6.
726 1356 982 1429 Beatiqui
1012 1359 1329 1417 esuriuntet
1344 1358 1536 1416 sitiunt
1556 1359 1851 1432 justitiam,

275 1448 530 1516 quoniam
561 1447 663 1518 ipsi
691 1448 1103 1505 saturabuntur.

347 1538 579 1593 Halae-h.
605 1554 678 1603 tv,
709 1538 764 1594 2.
795 1540 860 1595 Et
887 1541 1098 1597 orietur
1124 1543 1279 1600 vobis
1306 1542 1624 1599 timentibus
1650 1557 1847 1598 nomen

274 1640 455 1682 meum
485 1627 566 1683 soi
586 1627 836 1697 justitia,
870 1638 927 1686 et
955 1632 1166 1687 sanitas
1204 1633 1257 1688 in
1289 1632 1484 1704 pennis
1509 1631 1648 1703 ejus.

345 1813 504 1867 Amor
535 1826 587 1876 v,
621 1810 673 1878 7,
702 1811 754 1867 8.
791 1810 1052 1869 Dominus
1088 1812 1294 1871 faciens
1347 1814 1400 1869 in
1443 1812 1663 1870 excelso
1702 1813 1848 1884 iudi-
1881 1799 1926 1855 Β

274 1904 419 1960 cium
446 1943 462 1969 ,
520 1915 578 1960 et
626 1905 897 1973 justitiam
957 1907 1011 1960 in
1052 1915 1199 1962 terra
1251 1905 1559 1962 collocavit.
1618 1906 1849 1962 Faciens

275 1997 394 2051 haec
424 1996 607 2051 omnia
641 2004 696 2050 et
724 2011 1040 2067 praeparans
1065 2013 1152 2063 ea,
1185 1995 1448 2053 Dominus
1478 2012 1678 2054 nomen
1707 1998 1846 2069 eius.

345 2083 491 2139 Dan.
519 2099 599 2147 tx,
627 2082 722 2150 2⁴,
756 2083 848 2141 25.
882 2085 949 2141 Et
986 2086 1125 2141 dixit
1160 2084 1385 2142 Gabriel
1413 2084 1482 2140 ad
1508 2083 1792 2140 Danielem
1829 2102 1843 2138 :

277 2173 631 2245 Septuaginta
660 2173 1026 2231 hebdomades
1057 2175 1386 2232 abbreviatae
1401 2184 1532 2231 sunt
1561 2190 1726 2245 super
1748 2190 1845 2246 po·

273 2265 456 2336 pulum
476 2271 726 2331 tuum,et
756 2280 922 2336 super
954 2267 1142 2322 urbem
1159 2274 1404 2323 sanctam
1427 2275 1595 2332 tuam,
1628 2276 1687 2321 ut
1710 2280 1845 2322 con·

274 2364 579 2412 summetur
589 2357 989 2427 praevaricatio,
1004 2367 1060 2415 et
1078 2361 1240 2413 linem
1271 2357 1502 2427 accipiat
1528 2366 1838 2429 peccatum,

272 2455 331 2502 et
353 2446 600 2504 deleatur
619 2449 902 2519 iniquitas,
931 2460 988 2507 et
1013 2450 1315 2506 adducatur
1334 2450 1544 2520 justitia
1568 2451 1850 2521 sempiter-

274 2552 366 2605 na,
383 2548 441 2595 et
471 2538 762 2608 impleatur
785 2542 926 2598 visio
948 2552 1003 2597 et
1032 2542 1338 2614 prophetia,
1359 2551 1416 2598 et
1443 2553 1676 2614 ungatur
1703 2541 1846 2598 San-

275 2638 395 2684 ctus
411 2638 749 2686 sanctorum.
781 2631 934 2688 Scito
955 2645 1086 2702 ergo
1120 2639 1176 2687 et
1200 2630 1577 2687 animadverte
1598 2631 1669 2686 ab
1696 2630 1844 2687 exitu

236 2771 241 2778 .
274 2731 610 2778 sermonum.

347 2906 461 2963 1⁸0.
496 2923 608 2973 ut,
631 2909 686 2962 3.
719 2905 785 2960 Et
813 2906 1151 2963 vocabuntur
1195 2908 1576 2978 generationes
1609 2908 1855 2981 iustitiae,

273 2996 436 3072 373
463 2998 724 3068 plantatio
764 2996 978 3052 Domini
1016 3000 1069 3053 in
1098 2998 1352 3071 gloriam.

347 3087 463 3144 Ιεα.
498 3102 570 3149 ιι,
612 3087 662 3144 5.
705 3088 1117 3160 Appropinquat
1153 3090 1338 3146 statim
1365 3091 1577 3162 justitia
1622 3106 1764 3160 mea,
1792 3099 1849 3151 et
1873 3130 1919 3191 c

272 3180 583 3250 egredietur
615 3191 671 3233 ut
719 3178 898 3234 lumen
945 3179 1186 3237 salutare
1237 3195 1458 3246 meum,
1501 3189 1558 3237 et
1606 3180 1664 3237 iu
1713 3181 1845 3238 bra-

273 3270 459 3324 chium
497 3284 675 3325 meum
700 3281 891 3341 gentes
925 3272 1247 3340 sperabunt.

346 3357 710 3426 Prahcxvnt,
751 3360 874 3417 160.
929 3361 1261 3431 Principium
1296 3363 1586 3421 verborum
1632 3371 1845 3421 tuorum

276 3452 499 3515 veritaS,
530 3460 585 3506 et
627 3453 680 3506 in
713 3453 970 3507 saeculum
1001 3453 1182 3509 omnia
1213 3451 1416 3522 judicia
1445 3452 1672 3526 justitiae
1719 3465 1844 3513 tuae.

341 3632 495 3687 Ρεαί.
527 3647 718 3698 cxviii,
743 3633 862 3689 ΗΞ.
884 3632 1102 3690 lustitia
1134 3635 1545 3708 tua,justitiain
1566 3638 1842 3708 saecuium,

272 3736 329 3784 et
364 3726 583 3781 verbum
609 3736 780 3790 tuunt,
811 3720 1060 3793 Domine,
1094 3730 1316 3785 veritas.

345 3815 497 3872 Ρεαί.
520 3831 710 3885 cxvttt,
740 3816 791 3882 7,
817 3817 871 3872 8.
902 3816 958 3872 ln
976 3833 1041 3873 eo
1068 3822 1209 3887 quod
1229 3821 1392 3877 didici
1408 3821 1612 3894 judicia
1625 3824 1844 3896 justitia!

273 3920 398 3977 tuae,
417 3909 831 3979 iustificationes
859 3919 976 3967 tuas
1001 3914 1324 3971 custodiam.

342 4000 492 4057 Ρεσί.
538 4015 707 4067 xcvn,
741 4001 801 4055 2.
848 4001 1042 4059 Notum
1088 4004 1214 4062 lecit
1274 4007 1536 4066 Dominus
1606 4010 1842 4068 salutare

270 4107 466 4160 suum,
515 4092 570 4148 in
622 4103 921 4165 conspectu
968 4097 1209 4167 gentium
1261 4099 1523 4157 revelavit
1571 4103 1839 4173 justitiam

267 4195 445 4238 suam.

339 4270 491 4328 Ριαί.
526 4289 683 4338 xciii,
720 4273 808 4338 lh,
846 4275 936 4329 15.
973 4274 1108 4343 Quia
1141 4293 1247 4334 non
1300 4280 1522 4351 repellet
1553 4283 1696 4342 Deus
1723 4286 1838 4357 ple-

265 4363 390 4420 bem
425 4378 599 4429 suam,
629 4375 681 4420 et
731 4364 1106 4423 haereditatem
1143 4384 1294 4426 suam
1333 4387 1437 4427 non
1476 4375 1834 4449 derelinquet.

2031 542 2127 594 Ἐν
2153 535 2234 607 τῷ
2262 535 2625 605 Εὐαγηπελίφ.
2677 527 2881 583 Ἦλθεν
2924 522 3180 594 Ἰωάννης
3213 518 3354 591 πρὸς
3386 519 3537 589 ὑμᾶς

1949 637 2009 689 ὲν
2029 633 2136 705 ὀδῷ
2162 630 2528 698 δικαιοσύνης,
2557 624 2651 678 καὶ
2673 623 2774 676 οὐκ
2795 613 3160 673 ἐπιστεύσατε
3186 609 3360 684 αὐτῷ.
3383 611 3449 665 Οί
3476 609 3536 665 δε

1945 725 2177 781 τελῶναι
2198 722 2292 778 καὶ
2323 723 2376 775 αἰ
2406 718 2600 789 πόρναι
2625 713 2952 768 ἐπίστευσαν
2977 705 3149 777 αὐτῷ.

2033 819 2140 871 Ἐν
2180 810 2262 879 τῷ
2310 809 2464 865 κατὰ
2518 800 2842 862 Ματθαῒον.
2895 799 3118 869 Ζητείτε
3168 793 3390 866 πρῶτον
3433 790 3538 861 τὴν

1948 904 2296 976 δικαιοσύνην
2344 897 2511 955 αὐτοῦ
2560 897 2657 951 καὶ
2695 895 2798 965 τὴν
2843 889 3120 964 βασιλείαν
3139 927 3155 955 ,
3217 886 3314 941 καὶ
3355 882 3537 939 ταῦτα

1949 997 2128 1052 πάντα
2162 992 2595 1067 προστεθήσεται
2621 988 2772 1059 ὑμῖν.

2021 1087 2301 1159 Μακάριοι
2327 1085 2377 1138 οἱ
2408 1078 2760 1151 δεδιωγμένοι
2814 1075 3002 1129 ἕνεκεν
3049 1067 3423 1158 δικαιοσύνης,
3449 1066 3538 1122 ὅτι

1950 1179 2132 1235 αὐτῶν
2155 1178 2302 1231 ἐστιν
2323 1175 2358 1247 ή
2385 1171 2633 1246 βασιλεία
2650 1167 2760 1224 τῶν
2787 1161 3057 1237 οὐρανῶν.

2024 1358 2302 1430 Μακάριοι
2352 1354 2406 1408 οἰ
2455 1349 2749 1412 πεινῶντες
2804 1344 2900 1400 καὶ
2921 1341 3178 1405 διψῶντες
3197 1336 3300 1411 τὴν
3325 1336 3537 1394 δικαιο-

1953 1454 2140 1525 σύνην,
2164 1453 2247 1506 ὄτι
2274 1446 2428 1503 αὐτοὶ
2453 1441 2936 1517 χορτασθήσονται.

2037 1546 2136 1600 Ἐν
2157 1542 2239 1610 τῷ
2268 1538 2571 1607 Maxalla.
2601 1533 2709 1589 Καὶ
2753 1527 3006 1585 ἀνατελεῖ
3036 1525 3167 1596 ὑμῖν
3191 1524 3312 1586 τοῖς
3337 1519 3537 1590 φοδου-

1956 1638 2138 1710 μένοις
2158 1635 2221 1689 τὸ
2249 1633 2422 1702 ὄνομα
2457 1626 2624 1683 αὐτοῦ
2679 1623 2831 1695 ήλιος
2867 1614 3234 1687 δικαιοσύνης,
3264 1613 3364 1668 καὶ
3391 1612 3535 1675 ἴασις

1953 1730 2010 1783 ἐν
2048 1728 2164 1791 ταῖς
2193 1720 2451 1795 πτέρυξιν
2479 1714 2668 1773 αὐτοῦ.

2034 1821 2138 1873 ’Er
2168 1815 2251 1883 τῷ
2283 1810 2494 1883 Ἀμῶς.
2526 1808 2732 1880 Κύριος
2758 1806 2786 1859 ὀ
2828 1801 2999 1857 ποιῶν
3035 1800 3116 1863 εἰς
3150 1796 3285 1867 ὕψος
3323 1797 3531 1866 κρῖμα,

1950 1910 2047 1964 καὶ
2073 1904 2419 1974 δικαιοσύνην
2443 1901 2523 1964 εἰς
2548 1898 2651 1969 γῆν
2673 1895 2894 1966 ἔθηκεν.
2943 1893 3004 1946 ’0
3037 1888 3210 1944 ποιῶν
3235 1887 3413 1944 πάντα
3433 1884 3532 1939 καὶ

1953 1994 2396 2074 μετασκευάζων,
2428 1992 2634 2066 Κύριος
2657 1989 2828 2059 ὄνομα
2848 1983 3018 2057 αὐτῷ.

2033 2096 2130 2146 'Er
2156 2091 2238 2158 τῷ
2260 2088 2510 2156 Aur-uia.
2536 2085 2648 2141 Καὶ
2675 2077 2796 2136 εἰπε
2844 2075 3086 2150 Γαδριὴλ
3121 2073 3252 2148 πρὸς
3277 2070 3514 2143 Δανιήλ·

1959 2185 2361 2257 Ἐὁδομήκοντα
2382 2178 2675 2249 ἑὸδομάδες
2721 2170 3141 2244 συνετμήθησαν
3162 2166 3256 2220 ἐπὶ
3277 2165 3363 2219 τὸν
3385 2164 3520 2218 λαόν

1951 2295 2067 2343 σου,
2095 2277 2188 2331 καὶ
2220 2273 2316 2330 ἐπὶ
2340 2272 2439 2343 τὴν
2462 2269 2616 2324 πόλιν
2654 2265 2755 2337 τὴν
2776 2263 2955 2333 ἁγίαν,
2990 2260 3083 2316 τοῦ
3115 2253 3530 2324 συντελεσθῆναι

1950 2365 2361 2443 ἀμαρτίαν,καὶ
2389 2362 2484 2419 τοῦ
2532 2357 2829 2431 σφραγίσαι
2849 2351 3146 2425 ἁμαρτίας,
3179 2347 3282 2402 καὶ
3301 2343 3534 2445 amitat:

1946 2464 2048 2535 ψαι
2078 2458 2329 2532 ἀνομίας,
2357 2456 2454 2510 καὶ
2492 2451 2589 2506 τοῦ
2638 2444 2992 2515 ἐξιλάσασθαι
3023 2439 3269 2505 ἀδικίας,
3301 2436 3404 2492 καὶ
3439 2450 3536 2490 του

1948 2556 2176 2625 ἀγαγεῖν
2206 2545 2556 2617 δικαιοσύνην
2600 2540 2822 2598 αἰώνιον
2845 2579 2861 2604 ,
2920 2535 3016 2591 καὶ
3070 2530 3166 2587 τοῦ
3225 2528 3534 2601 σφραγίσαι

1948 2644 2137 2716 ὅρασιν
2169 2639 2265 2694 καὶ
2287 2636 2600 2709 προφήτην,
2635 2632 2733 2687 καὶ
2753 2627 2847 2685 τοῦ
2886 2626 3078 2698 χρίσαι
3104 2624 3308 2692 ’Δγιον
3341 2619 3520 2690 &Tim-

1947 2734 2062 2791 Καὶ
2080 2732 2265 2806 γνώσῃ
2283 2730 2381 2786 καὶ
2403 2725 2659 2797 συνήσεις
2686 2722 2797 2779 ἀπὸ
2847 2719 3028 2786 ἐξόδου
3064 2714 3246 2785 λόγων
3273 2711 3377 2768 τοῦ
3405 2715 3526 2768 ἀπ-

1948 2841 1984 2879 κ
2024 2822 2225 2877 ιθ”ναι.

1989 2839 2136 2965 ρ’.Εἶιν
2165 2907 2246 2975 τῷ
2281 2905 2516 2976 Ἡσαΐᾳ.
2560 2902 2671 2957 Καὶ
2698 2899 3062 2972 κληθήσονται
3106 2893 3307 2966 γενεαὶ
3331 2892 3538 2948 δικαιο-

1947 3003 2138 3074 σύνης,
2170 3000 2423 3073 φύτευμα
2450 2994 2656 3068 Κυρίου
2696 2994 2776 3057 εἰς
2803 2990 2981 3057 δόξαν.

2036 3093 2277 3164 Ἐγγίζει
2305 3090 2444 3162 ταχὺ
2473 3090 2508 3160 ή
2542 3084 2858 3156 δικαιοσύνη
2900 3099 3023 3155 μου,
3057 3078 3153 3136 καὶ
3182 3076 3539 3149 ἐξελεύσεται

1951 3185 2026 3250 ὡς
2060 3183 2177 3254 φῶς
2202 3182 2266 3236 τὸ
2292 3177 2561 3252 σωτήριόν
2604 3194 2728 3249 μου,
2765 3175 2860 3229 καὶ
2905 3174 2986 3236 εἰς
3011 3171 3103 3226 τὸν
3133 3166 3411 3243 βραχίσνά
3435 3181 3536 3239 μου

1953 3278 2082 3348 ἔθνη
2110 3258 2410 3330 ἐλπιοῦσιν.

2035 3373 2140 3426 Ἐν
2168 3367 2249 3434 τῷ
2289 3365 2627 3433 Ψαλτηρίφ.
2682 3358 2849 3432 Ἀρχὴ
2892 3357 2999 3412 τῶν
3042 3356 3225 3425 λόγων
3275 3370 3376 3409 σου
3407 3348 3534 3425 ‹uq-

1953 3464 2095 3529 Θεια,
2128 3459 2224 3516 καὶ
2254 3459 2334 3522 εἰς
2377 3457 2468 3510 τὸν
2511 3453 2682 3508 αἰῶνα
2715 3451 2892 3507 πάντα
2919 3449 2988 3503 τὰ
3026 3447 3284 3522 κρίματα
3308 3444 3414 3519 τῆς
3449 3442 3532 3499 &-

1952 3553 2245 3623 καιοσύνης
2268 3567 2385 3604 σου.

2014 3642 2337 3712 Δικαιοσύνη
2381 3656 2474 3693 σου
2518 3634 2834 3705 δικαιοσύνη
2862 3633 2941 3697 εἰς
2970 3631 3062 3684 τὸν
3107 3628 3308 3695 αἰῶνα,
3341 3623 3428 3679 καὶ
3475 3623 3506 3675 6

1949 3741 2104 3810 λόγος
2127 3755 2245 3802 σου,
2273 3734 2466 3803 Κύριε,
2495 3730 2743 3798 ἀλήθεια.

2032 3829 2121 3882 Ἐν
2150 3825 2227 3888 τῶ
2256 3821 2635 3896 μεμαθηκέναι
2668 3818 2737 3873 τά
2763 3816 3008 3890 κρίματα
3042 3813 3145 3885 τῆς
3177 3808 3512 3881 δικαιοσύνης

1951 3938 2067 3986 σου,
2100 3917 2171 3972 τὰ
2197 3912 2541 3984 δικαιώματά
2571 3929 2664 3966 σου
2691 3907 2931 3978 φυλάξω.

2032 4008 2328 4081 Ἐγνώρισε
2370 4005 2576 4075 Κύριος
2620 4003 2682 4057 τὸ
2736 4003 3006 4073 σωτήριον
3045 3996 3239 4062 αὐτοῦ,
3285 3994 3520 4056 ἀναν-τίον

1946 4100 2056 4156 τῶν
2083 4097 2255 4154 ἐθνῶν
2274 4095 2593 4166 ἀπεκάλυψε
2624 4093 2722 4166 τὴν
2757 4089 3106 4161 δικαιοσύνην
3145 4088 3339 4143 αὑτοῦ.

2017 4285 2142 4339 Ὀτι
2182 4280 2282 4335 οὑκ
2311 4279 2589 4334 ἀπώσεται
2647 4275 2851 4348 Κύριος
2898 4273 2989 4327 τὸν
3030 4271 3164 4325 λαὸν
3209 4267 3402 4333 αὐτοῦ,
3428 4265 3522 4322 καὶ

1943 4376 2043 4448 τὴν
2071 4372 2437 4444 κληρονομίαν
2478 4366 2645 4423 αὐτοῦ
2699 4367 2801 4420 ούκ
2835 4360 3244 4434 ἐγκαταλείψει.
3271 4361 3423 4423 Ἕως
3460 4352 3520 4414 οὗ

262 4455 628 4528 Quoadusque
668 4455 881 4526 justitia
935 4469 1284 4517 convertatur
1338 4465 1388 4519 in
1429 4465 1726 4537 iudicium,
1784 4483 1840 4529 et
1868 4485 1916 4544 D
1943 4466 2255 4536 δικαιοσύνη
2286 4463 2603 4534 ἐπιστρέψει
2632 4463 2711 4524 είς
2732 4458 2934 4532 κρίσιν,
2961 4453 3058 4509 καὶ
3078 4453 3331 4523 ἐχόμενοι
3351 4450 3518 4521 αὐτῆς

126 4548 138 4561 ·
255 4548 413 4618 juxta
445 4548 593 4605 illam
618 4564 810 4606 omnes
830 4551 922 4621 qui
961 4560 1112 4608 recto
1138 4562 1264 4608 sunt
1300 4558 1488 4615 corde.

332 4640 485 4697 Pone.
522 4657 746 4708 mxxxiv,
778 4642 866 4710 ll,
891 4642 979 4696 12.
1014 4643 1384 4703 Misericordia
1419 4659 1474 4705 et
1504 4653 1708 4710 veritas
1731 4657 1834 4712 ob-

260 4731 547 4788 viaverunt
573 4733 700 4799 sibi,
719 4733 931 4802 justitia
960 4746 1015 4790 et
1052 4750 1155 4806 pax
1181 4738 1435 4795 osculatae
1465 4752 1610 4797 sunt.
1634 4775 1697 4785 —
1730 4745 1836 4803 Ve-

259 4822 400 4876 ritas
433 4822 501 4876 de
533 4830 676 4876 terra
719 4831 839 4877 orta
866 4831 973 4889 est,
1018 4832 1074 4878 et
1103 4825 1311 4895 justitia
1342 4830 1409 4883 de
1434 4829 1572 4886 coelo
1609 4847 1834 4905 prospe-

261 4913 364 4968 xit.

331 5001 482 5058 Ρεαί.
510 5002 713 5070 tud.
733 5001 789 5056 ln
826 5012 899 5068 te,
927 5005 1172 5075 Domine,
1198 5011 1432 5081 speravi,
1464 5027 1568 5068 non
1599 5013 1831 5070 confun-

261 5097 362 5151 dar
384 5097 437 5151 in
467 5105 751 5151 aeternum.
777 5093 835 5150 ln
867 5093 1076 5164 justitia
1117 5107 1208 5155 tua
1255 5100 1423 5157 libera
1455 5118 1563 5171 me,
1587 5113 1642 5161 et
1682 5106 1834 5175 eripe

260 5200 366 5243 me.

330 5277 482 5334 Ρεαί.
535 5294 663 5346 xxi,
701 5278 794 5334 31.
826 5275 893 5332 Et
948 5279 1349 5339 annuntiabunt
1379 5285 1503 5342 coeli
1561 5285 1831 5359 justitiam

260 5371 449 5441 ipsius,
482 5371 606 5439 qnia
639 5370 782 5427 Deus
805 5370 968 5441 judex
999 5380 1104 5426 est.

332 5459 483 5514 9⁸01.
528 5464 835 5530 xxxix,10,
869 5464 958 5519 12.
1019 5465 1349 5522 Annuntiavi
1383 5468 1650 5540 iustitiam
1683 5482 1829 5531 tuam

261 5557 318 5610 in
351 5550 580 5607 ecclesia
612 5566 828 5623 magna,
867 5568 998 5610 ecce
1029 5553 1173 5611 labia
1213 5571 1330 5612 mea
1368 5575 1474 5615 non
1506 5562 1827 5631 prohibebo,

1945 4562 2145 4622 πάντες
2173 4559 2222 4611 οἱ
2253 4556 2431 4618 εὐθεῖς
2459 4557 2527 4625 τῇ
2558 4551 2775 4624 καρδίᾳ.

2016 4651 2205 4712 Ἔλεος
2238 4649 2332 4702 καὶ
2380 4646 2606 4718 ἀλήθεια
2660 4642 3020 4713 συνήντησαν,
3067 4631 3390 4704 δικαιοσύνη
3427 4630 3516 4686 καὶ

1940 4744 2134 4815 εἰρήνη
2164 4738 2552 4808 κατεφίλησαν.

2026 4832 2278 4903 Ἀλήθεια
2307 4832 2372 4884 ἐκ
2399 4830 2499 4900 τῆς
2524 4827 2631 4898 γῆς
2673 4823 2932 4892 ἀνέτειλε,
2970 4826 3065 4879 καὶ
3101 4821 3424 4893 δικαιοσύνη
3453 4818 3512 4871 kx

1939 4923 2037 4980 τοῦ
2073 4922 2303 4995 ούρανοῦ
2332 4921 2601 4989 διέκυψεν.

2023 5016 2145 5071 Ἐπὶ
2186 5015 2288 5079 σοὶ,
2324 5013 2518 5084 Κύριε,
2562 5011 2783 5084 ήλπισα,
2821 5009 2896 5081 μὴ
2942 5005 3404 5078 καταισχυνθείην
3434 4999 3510 5061 εἰς

1939 5111 2032 5165 τὸν
2066 5111 2255 5164 αἰῶνα.
2301 5108 2391 5160 Ἔν
2417 5109 2483 5177 τῇ
2509 5103 2825 5177 δικαιοσύνῃ
2845 5119 2939 5156 σου
2973 5101 3137 5174 ῥῦσαί
3173 5115 3268 5171 με,
3302 5095 3400 5153 καὶ
3428 5090 3512 5158 li·

1941 5200 2062 5256 ελοῦ
2097 5217 2184 5272 με.

2008 5294 2121 5346 Καὶ
2141 5289 2527 5359 ἁναγγελοῦσιν
2583 5291 2633 5342 οἱ
2662 5287 2879 5361 οὐρανοὶΙ
2907 5285 3009 5357 τὴν
3034 5279 3392 5353 δικαιοσύνην
3413 5277 3510 5334 αὖ·

1938 5383 2053 5446 τοῦ,
2090 5382 2170 5435 ὅτι
2200 5384 2228 5435 ὁ
2247 5381 2379 5444 Θεὸς
2405 5381 2598 5454 κριτής
2626 5381 2794 5434 ἐστιν.

2008 5472 2467 5544 Εὐηγγελισάμην
2493 5471 2839 5543 δικαιοσύνην
2868 5472 2927 5525 ἐν
2963 5470 3233 5547 taxis-,m
3272 5469 3507 5544 μεγάλῃ,

1939 5564 2050 5620 ἰδοὺ
2071 5564 2141 5619 τὰ
2177 5564 2329 5635 χείλη
2368 5580 2468 5635 μου
2510 5564 2572 5617 οὐ
2607 5563 2683 5634 μὴ
2714 5561 2964 5620 κωλύσω.
2988 5562 3186 5636 Κύριε,
3221 5564 3290 5620 σὺ
3339 5562 3507 5634 lm

261 5640 516 5708 Domine,
548 5650 603 5696 tu
648 5642 821 5700 scisti.
852 5642 1128 5703 'ustitiam
1154 5655 1301 5704 tnam
1332 5664 1441 5706 non
1484 5650 1743 5711 abscondi
1770 5655 1825 5710 in
1933 5658 2034 5730 τήν
2060 5655 2404 5729 δικαιοσύνην
2433 5673 2553 5726 μου.

261 5736 424 5792 corde
452 5748 590 5792 meo.
