3809 6125
262 289 367 344 “7

1243 271 1306 327 S..
1343 263 1619 325 cvntLLt
1657 252 2125 316 ALEXANnRtNt
2167 253 2484 311 Anctttsst’.

3395 232 3510 291 188

262 413 458 473 magna
486 397 695 453 ratione
728 408 825 450 nos
851 393 989 463 cogi,
1023 399 1081 446 nt
1110 389 1237 444 talia
1269 387 1516 441 accidere
1545 381 1655 435 Deo
1689 378 1823 433 ima-
1856 377 1905 433 Α
1929 371 2099 425 λείαν.
2114 372 2360 443 Ὀρῶμεν
2396 373 2455 425 δὲ
2486 373 2567 425 ὅτι
2600 371 2768 430 πολὺς
2796 366 2942 436 ἡμᾶς
2985 355 3285 427 &Vnst-3⁸²
3322 349 3509 421 λόἵθΐ·

262 493 533 565 sinemur,
583 485 800 542 tametsi
830 496 1053 555 prorsus
1078 494 1184 534 non
1213 475 1480 533 accidant.
1509 469 1648 537 Quid
1678 466 1825 522 enim

263 584 508 639 (liceum
561 578 923 648 intelligentes
987 572 1132 643 quod
1203 576 1328 624 ante
1390 561 1826 622 constitutionem

266 670 453 728 mundi
490 668 716 725 Creator
768 664 1064 721 secundnm
1115 657 1410 716 essentiam
1450 666 1604 709 snam
1664 656 1780 703 erat
1809 663 1824 701 ι

265 767 391 813 actu
417 766 594 811 tamen
617 754 892 816 nondum;
927 749 1123 820 quippe
1154 745 1245 815 qui
1278 741 1412 797 nihil
1441 741 1618 795 adhuc
1642 749 1829 791 eorum

267 862 389 918 quae
417 855 544 903 sunt
574 840 945 916 produxerat!
979 838 1115 893 Cum
1149 850 1280 890 vero
1312 832 1561 887 universa
1589 825 1833 887 creavit,

269 938 446 994 lactus
495 945 582 993 est
636 932 1033 1005 quodammodo
1083 936 1320 989 creator,
1370 933 1533 995 atque
1561 921 1611 976 ei
1651 918 1834 986 aliquo

268 1030 432 1085 modo
455 1026 671 1094 accidit,
693 1025 949 1081 nimirum
978 1036 1102 1076 cnm
1152 1020 1265 1089 jam
1301 1016 1353 1071 id
1379 1024 1502 1070 actu
1532 1025 1655 1067 esse
1685 1010 1836 1064 visus

269 1120 362 1176 sit.
418 1118 479 1174 st
511 1131 640 1187 crgo
683 1115 1057 1185 intelliguntur
1101 1108 1357 1167 nonnulla
1408 1116 1664 1175 tanquam
1693 1100 1838 1155 acci·

269 1212 417 1268 disse
448 1212 580 1275 Deo,
606 1224 705 1263 cur
729 1207 935 1262 frustra
979 1202 1308 1261 contenditis
1360 1214 1469 1255 non
1499 1198 1698 1252 debere
1729 1192 1836 1248 dici

273 1295 564 1366 ingenitum
589 1295 701 1350 Deo
725 1292 1012 1356 accidisse,
1024 1305 1144 1347 cum
1169 1287 1336 1344 multa
1375 1287 1429 1342 in
1455 1286 1574 1356 ejus
1600 1280 1836 1339 essentia

271 1389 628 1446 accidentium
649 1387 879 1459 speciem
911 1383 1224 1441 imitentur?

940 1664 1166 1721 amun.

351 1798 723 1870 Respondeant
766 1799 923 1855 nobis
970 1796 1062 1867 qui
1096 1795 1292 1852 coelum
1330 1794 1507 1865 palmo
1535 1795 1715 1851 metiri
1747 1810 1840 1852 co·

274 1900 495 1959 nantur,
524 1899 580 1946 et
608 1890 802 1946 divinae
826 1888 1080 1944 essentiae
1106 1896 1352 1943 naturam
1387 1886 1694 1959 intelligere
1718 1902 1841 1943 sese

267 1982 499 2053 jactant,
552 1980 681 2051 quid
737 1979 952 2034 tandem
1016 1978 1197 2034 dicent
1228 1993 1352 2033 cnm
1411 1992 1606 2034 nomen
1669 1978 1841 2050 patris

273 2072 385 2128 Deo
414 2069 708 2126 tribuitur!
754 2069 1016 2125 Utrumne
1058 2067 1411 2125 substantiam
1469 2069 1588 2140 ejus
1631 2068 1841 2140 signill-

273 2178 423 2226 care,
454 2175 520 2215 an
547 2158 801 2215 accidens
850 2158 1067 2230 aliquod
1110 2157 1472 2227 judicabunt?
1495 2159 1684 2229 Atqui,
1717 2173 1838 2213 cnm

275 2252 408 2309 nibil
434 2253 682 2309 essennoe
709 2250 802 2307 Dei
835 2249 1082 2307 accidere
1109 2258 1389 2315 censeant,
1422 2250 1675 2305 accidens
1722 2264 1841 2305 esse

276 2356 615 2411 nequaqnam
639 2341 959 2397 concedent.
991 2340 1254 2409 Superest
1291 2340 1496 2410 itaque,
1548 2339 1840 2396 essentiam

277 2434 372 2488 Dei
415 2449 484 2490 eo
542 2433 758 2489 nomine
807 2432 1127 2503 significari.
1186 2433 1332 2490 idem
1377 2433 1535 2503 igitur
1581 2440 1664 2487 est
1689 2440 1844 2501 pater

275 2524 416 2593 quod
443 2524 730 2595 ingenitus,
759 2537 827 2579 ne
859 2523 1115 2578 nimirum
1142 2524 1473 2593 compositus
1493 2521 1658 2595 264
1679 2532 1843 2592 atque

274 2630 344 2670 ex
382 2615 588 2669 dnabns
632 2612 886 2669 essentiis
921 2621 1173 2669 constare
1208 2613 1352 2670 Deus
1390 2614 1624 2669 dicatur.
1688 2612 1841 2680 Quod

272 2707 322 2762 si
350 2705 424 2761 ita
440 2716 543 2771 est,
567 2707 850 2762 cumidem
868 2720 934 2762 ex
955 2717 1133 2763 vestra
1163 2706 1435 2763 sententia
1455 2705 1844 2777 fueritingeni-

1932 460 2011 521 ὡς
2037 459 2421 531 συμόεᾶηκότα
2443 462 2510 514 τά
2533 457 2755 513 τοιαῦτα
2782 457 2921 511 νοεῖν
2949 452 3043 505 ἐπὶ
3061 447 3221 507 Θεοῦ,
3236 444 3331 497 καὶ
3356 444 3406 496 si
3433 442 3513 513 μὴ

1934 548 2150 612 πάντως
2188 550 2406 619 συνέᾶη.
2435 550 2499 602 Τί
2526 550 2636 619 γὰρ
2661 545 2895 619 ἐροῦμεν
2928 537 3235 598 ἐννοοῦντες
3273 535 3357 588 ὅτι
3401 532 3515 604 πρὸ

1939 638 2039 709 μὲν
2070 642 2169 707 τῆς
2191 638 2600 709 διακοσμήσεως
2624 636 2773 691 τοῦδε
2795 634 2889 689 τοῦ
2916 630 3133 692 παντὸς,
3158 621 3226 697 ἦν
3249 623 3350 695 μὲν
3374 622 3517 676 κατ’

1935 728 2122 782 ούσίαν
2150 728 2499 799 δημιουργὸς,
2535 727 2689 781 οὔπω
2735 727 2793 780 δὲ
2834 723 2992 779 τοῦτο
3020 722 3090 790 τῇ
3114 713 3386 786 ἐνεργείᾳ,
3422 711 3514 767 διὰ

1937 818 1999 872 τὸ
2034 820 2201 889 μήπω
2248 819 2358 871 τῶν
2406 820 2574 872 ὅντων
2626 835 2680 872 τι
2748 812 3027 885 παρῆχΘαι
3075 807 3210 877 πρὸς
3258 804 3513 875 γένεσινς

1952 908 2171 978 Ἐπειδὴ
2197 908 2253 962 δὲ
2279 908 2503 979 ἐποίησε
2531 908 2592 962 τὸ
2616 910 2744 971 πᾶν,
2775 904 3004 973 γέγονεν
3034 898 3225 966 ὥσπερ
3268 894 3363 949 καὶ
3419 892 3520 965 δη·-

1944 997 2223 1069 μιουργὸς,
2256 1002 2351 1050 καὶ
2391 996 2593 1069 τρόπον
2637 993 2761 1048 τινά
2808 989 3125 1062 συμδέὅηκε
3151 985 3314 1041 τοῦτο
3340 982 3513 1055 αύτιῖ»,

1940 1090 2031 1145 διὰ
2053 1089 2147 1143 τοῦ
2174 1090 2270 1143 καὶ
2298 1088 2359 1155 ἐξ
2384 1087 2665 1160 ἑνεργείας
2692 1085 2923 1155 ὀφθῆναι
2950 1080 3209 1136 τοιοῦτον.
3242 1078 3310 1131 Εἰ·
3332 1076 3519 1132 τοίνυν

1940 1182 2145 1236 νοεῖταί
2188 1197 2312 1234 τινα
2360 1179 2468 1233 τῶν
2515 1177 2856 1251 πραγμάτων
2906 1173 2983 1237 ὡς
3033 1167 3518 1241 ὲπισυμδεδηκότα

1941 1274 2084 1346 Θεῷ,
2113 1274 2165 1326 τί
2212 1273 2390 1343 μάτην
2436 1271 2567 1343 περὶ
2610 1269 2705 1324 τοῦ
2757 1267 2833 1340 μὴ
2873 1266 2982 1321 δεῖν
3014 1258 3519 1333 ὲπισυμὸεὸηκὲναι

1942 1359 2125 1428 λέγειν
2149 1358 2228 1430 τῷ
2256 1356 2377 1429 Θεῷ
2406 1358 2467 1411 τὸ
2487 1357 2759 1428 ἀγένητον
2775 1351 3125 1417 διατείνεσθε,
3145 1352 3204 1404 ὲν
3228 1348 3311 1421 τῷ
3328 1347 3519 1419 τοιῷδε

1946 1451 2185 1520 σχήματι
2219 1448 2561 1519 φαινομένων
2593 1446 2754 1502 τινῶν
2802 1445 2913 1499 τῶν
2959 1441 3168 1513 ὅσαπέρ
3218 1440 3340 1492 ἐστι
3387 1436 3527 1490 κατ’

1944 1541 2132 1597 οὐσίαν
2169 1540 2353 1612 αύτιῖη

2631 1650 2831 1704 ᾹᾹΛΟᾈ

2026 1784 2536 1857 Ἀποκρινάσθωσαν
2584 1784 2715 1855 ἡμῖν
2761 1782 2814 1835 οἱ
2863 1778 3111 1849 σπιθαμῇ
3143 1779 3365 1849 μετρεῖν
3402 1777 3527 1831 ἐπι-

1942 1874 2248 1950 χειροῦντες
2274 1875 2365 1929 τὸν
2389 1872 2638 1945 ούρανδν,
2669 1871 2762 1925 καὶ
2805 1870 2904 1939 τὴν
2946 1867 3096 1922 θείαν
3142 1866 3331 1919 οὐσίαν
3373 1866 3529 1929 ὅπως

1942 1970 2053 2041 ἔχει
2086 1966 2299 2037 φύσεως
2325 1965 2465 2018 νοεῖν
2495 1962 2934 2034 ὑπισχνούμενοι,
2967 1958 3021 2012 τί
3048 1973 3179 2011 ποτε
3202 1956 3312 2029 ἀρα
3334 1955 3520 2028 ἐροῦσι

1941 2061 2003 2114 τὸ
2036 2058 2218 2128 πατὴρ
2248 2056 2421 2127 ὄνομα
2461 2054 2787 2125 ταττόμενον
2841 2053 2934 2107 ἐπὶ
2981 2049 3152 2117 Θεοῦ;
3178 2047 3290 2121 Τῆς
3326 2046 3524 2109 οὐσίας

1941 2150 2108 2208 αὐτοῦ
2153 2148 2560 2221 παραστατικὸν
2602 2147 2634 2219 ἢ
2689 2145 3097 2219 συμῦεὸηκότος
3148 2142 3280 2215 αὑτῇ
3328 2157 3504 2204 τινος;

1953 2246 2092 2301 Ἀλλ’
2118 2243 2270 2298 οὐδὲν
2302 2240 2717 2313 επισυμᾶαίνειν
2737 2240 2803 2310 τῇ
2827 2237 2985 2309 οὐσίᾳ
3009 2236 3108 2290 τοῦ
3127 2234 3257 2290 Θεοῦ
3277 2233 3511 2304 φάσκον-

1940 2319 2053 2404 τες,
2081 2337 2182 2390 οὐκ
2214 2330 2354 2389 εἶναι
2383 2334 2612 2388 δώσουσι
2660 2330 3020 2401 συμόεὸηκός.
3051 2328 3311 2382 Λείπεται
3338 2325 3523 2379 τοίνυν

1943 2432 2116 2485 εἰπεῖν
2146 2430 2228 2484 ὅτι
2256 2429 2353 2500 τῆς
2385 2429 2569 2493 οὐσίας
2614 2426 2910 2499 δηλωτικόν
2940 2426 3077 2479 ἐστι.
3107 2424 3154 2477 Τ
3156 2419 3321 2487 φτδν
3343 2413 3439 2473 οὖν
3461 2415 3523 2470 τδ

1944 2522 2127 2592 πατὴρ
2152 2521 2232 2591 τῷ
2251 2519 2522 2591 ἀγενήτῳ,
2556 2520 2642 2573 ἰ’να
2675 2518 2749 2591 μὴ
2782 2516 3033 2581 σύνθετος
3060 2514 3156 2570 καὶ
3185 2514 3253 2567 ἔκ
3276 2511 3372 2567 δύο
3389 2525 3523 2578 συγ-

1943 2613 2195 2684 κείμενος
2237 2611 2434 2666 οὐσιῶν
2480 2611 2667 2681 νοῆται
2717 2608 2871 2673 Θεός.
2911 2609 2974 2662 Εἰ
3024 2607 3083 2661 δὲ
3124 2602 3308 2670 τοῦτο,
3336 2600 3523 2673 trauan

1940 2703 2137 2759 ταυτὸν
2187 2702 2450 2774 ἀγένητος
2490 2701 2586 2755 καὶ
2617 2700 2799 2770 πατὴρ
2843 2699 2965 2753 καθ’
2995 2700 3161 2770 ὑμᾶς,
3193 2696 3393 2769 ὥσπερ
3432 2694 3525 2750 τοῦ

275 2803 364 2851 tus
391 2805 448 2851 et
501 2806 676 2866 pater,
733 2795 1183 2866 quemadmodum
1245 2811 1371 2853 esse
1424 2812 1531 2851 non
1560 2797 1744 2866 coepit,
1771 2797 1842 2852 ita
1945 2791 2081 2850 sivae
2111 2796 2213 2848 οὐκ
2236 2793 2457 2866 ἣρξατο,
2490 2792 2663 2856 οὕτως
2695 2792 2815 2845 οὐδὲ
2844 2790 2939 2844 τοῦ·
2972 2786 3112 2844 εἶναι
3138 2789 3364 2860 πατήρ·
3401 2786 3534 2843 ἀλλ’

277 2900 453 2955 neque
485 2895 640 2956 pater
666 2902 790 2943 csse
842 2888 1030 2956 coepit,
1085 2888 1182 2943 sed
1213 2903 1426 2957 semper
1462 2889 1565 2945 hoc
1595 2897 1733 2951 erat,
1764 2890 1844 2944 si·
1944 2882 2012 2957 ἦν
2038 2887 2125 2941 ἀεὶ
2150 2883 2331 2951 τοῦτο,
2360 2881 2843 2956 συνεισφερομένου
2865 2882 3065 2955 δηλαδὴ
3090 2881 3187 2937 καὶ
3208 2879 3311 2936 τοῦ
3331 2880 3527 2952 γεννή·

275 2977 494 3047 mulque
517 2992 638 3033 cum
659 2992 726 3034 eo
753 2978 987 3036 etFilius
1014 2981 1124 3035 :ita
1137 2980 1281 3035 enim
1313 2981 1477 3036 luerit
1500 2980 1682 3037 Pater.
1701 2981 1846 3037 Prae·
1950 2995 2147 3051 ματος·
2181 2977 2323 3033 οὕτω
2349 2977 2459 3051 γὰρ
2491 2978 2558 3033 ἂν
2588 2978 2675 3049 εἴη
2713 2977 3052 3049 Πατὴρ.Ἔτι
3074 2993 3136 3030 τε
3166 2975 3309 3048 πρὸς
3329 2973 3524 3047 τούτῳ.

277 3077 421 3123 terea
453 3067 499 3124 si
532 3067 805 3139 ingenitus
829 3077 884 3125 et
914 3077 1070 3141 pater
1097 3070 1386 3126 essentiam
1417 3070 1470 3125 in
1501 3070 1611 3128 Deo
1640 3071 1846 3143 signill-
1869 3066 1915 3124 C
1948 3074 1996 3126 εἰ
2034 3072 2095 3126 τὸ
2121 3072 2382 3142 ἀγένητον
2412 3071 2508 3124 καὶ
2533 3071 2716 3142 πατὴρ
2764 3072 2858 3125 ἐπὶ
2900 3069 3035 3124 Θεοῦ
3073 3069 3173 3140 τὴν
3210 3068 3404 3123 οὐσίαν
3435 3083 3531 3139 ση-

277 3168 425 3220 cant,
447 3158 577 3229 quid
609 3159 1187 3230 obstiteritquominns
1215 3162 1457 3218 dicamus
1487 3162 1605 3218 llaec
1628 3165 1843 3219 nomina
1950 3163 2150 3232 μαίνει,
2182 3162 2234 3215 τι·
2278 3159 2513 3216 κωλύσει
2556 3160 2736 3229 λέγειν
2786 3162 2867 3215 ὅτι
2917 3161 3133 3224 πάντως
3179 3159 3528 3231 ἀντιστρέφει

277 3249 560 3319 reciproca
579 3263 802 3319 prorsus
829 3250 969 3305 inter
1002 3265 1063 3307 se
1115 3266 1278 3308 esse:
1313 3255 1386 3308 ita
1438 3265 1497 3308 ut
1532 3255 1624 3325 qni
1659 3256 1728 3310 sit
1751 3270 1847 3327 pa·

278 3344 388 3402 ter,
420 3339 465 3392 is
491 3339 654 3393 etiam
682 3340 753 3393 sit
778 3338 1095 3410 ingenitus3
1129 3353 1184 3396 et
1229 3343 1320 3414 qni
1354 3344 1645 3412 ingenitus,
1703 3345 1845 3401 idem

280 3443 498 3501 quoqne
526 3430 718 3498 pater?
749 3431 922 3500 Atque
948 3431 1022 3486 ita
1056 3432 1146 3488 liet
1192 3443 1249 3488 nt
1278 3435 1566 3504 appellatio
1587 3437 1844 3508 ingeniti,

281 3535 402 3591 quae
425 3519 525 3576 soli
554 3518 662 3575 Deo
685 3521 897 3590 proprie
926 3536 989 3576 ac
1023 3524 1367 3593 peculiariter
1386 3527 1656 3592 convenit,
1673 3529 1848 3582 omni·

284 3611 386 3668 bus
411 3610 504 3666 liat
534 3615 855 3670 communis.
879 3614 1071 3672 Videte
1095 3617 1258 3688 igitur
1279 3618 1332 3674 in
1367 3629 1624 3688 quantam
1649 3620 1842 3675 absur-

284 3702 505 3758 ditatem
535 3702 913 3761 devolvamini.

954 3816 1184 3874 Amul).

355 3927 415 3984 Si
447 3928 577 3984 nihil
630 3929 740 3986 Deo
776 3929 1024 3986 accidere
1080 3941 1261 3988 mente
1313 3935 1617 4005 concipitis,
1675 3953 1849 4008 neque

285 4019 409 4075 aliis
443 4020 516 4074 ita
547 4022 787 4091 cogitare
812 4023 1161 4093 permittitis,
1198 4039 1405 4095 magnae
1437 4042 1533 4083 vos
1566 4030 1848 4100 undequa-

286 4126 392 4183 que
446 4111 788 4170 difficultates
823 4123 1092 4184 prement,
1125 4124 1182 4172 et
1231 4117 1512 4175 innumera
1565 4121 1847 4191 impiarum

285 4205 674 4276 cogitationum
728 4206 885 4262 turba
937 4202 1315 4265 circumsistet.
1341 4209 1474 4265 Nam
1523 4212 1568 4266 si
1607 4215 1729 4283 quis
1754 4230 1850 4272 vos

285 4297 600 4366 interroget,
665 4306 837 4365 pater,
898 4297 1169 4365 ingenitus
1191 4337 1206 4362 .
1259 4299 1715 4370 incorruptibilis,
1756 4303 1852 4359 im·

287 4385 554 4452 mortalis,
594 4384 903 4450 invisibiliS,
930 4387 1143 4458 aliaque
1180 4388 1295 4456 eius
1351 4389 1565 4460 generis
1597 4406 1716 4462 quae
1749 4408 1846 4449 na-

288 4478 535 4534 turaliter
569 4476 680 4534 Deo
734 4477 938 4543 insunt,
988 4488 1040 4534 et
1094 4480 1159 4534 de
1220 4480 1335 4535 sola
1390 4481 1559 4552 ipsius
1609 4485 1845 4540 essentia

283 4571 667 4640 praedicantur,
699 4577 879 4624 utrum
912 4572 1162 4626 casentiae
1183 4571 1313 4640 sint,
1341 4587 1410 4626 an
1442 4573 1623 4642 potins
1654 4589 1848 4630 unum·

283 4663 533 4733 quodque
591 4663 882 4718 essentiam
931 4662 1228 4732 significet,
1291 4666 1498 4721 necne?
1558 4666 1698 4733 Quid
1735 4677 1847 4722 sta-

284 4754 485 4810 tuetis?
507 4752 638 4810 Nam
666 4753 709 4810 si
740 4753 949 4826 singula
999 4754 1290 4812 essentiam
1325 4755 1653 4825 significant,
1682 4775 1747 4814 ex
1772 4768 1850 4816 tot

283 4845 537 4900 essentiis
566 4844 719 4900 vobis
737 4845 963 4916 simplex
1005 4844 1147 4901 Deus
1176 4847 1514 4916 compositus
1553 4850 1679 4916 erit,
1720 4861 1852 4922 quot

283 4942 410 4988 sunt
436 4946 499 4988 ea
531 4946 653 5001 quae
686 4932 784 5010 ipsi
840 4933 1157 4990 naturaliter
1187 4933 1369 4990 inesse
1393 4948 1713 4994 cernuntur.
1767 4939 1850 4995 Ad

285 5024 402 5079 ltaec
430 5022 557 5077 illud
586 5021 753 5077 etiam
779 5026 1082 5080 necessario
1109 5040 1295 5081 verum
1315 5029 1578 5098 cst,quod
1605 5030 1849 5100 opposita

286 5117 354 5172 iis
381 5129 502 5185 quae
527 5114 783 5180 diximus,
820 5114 1072 5169 nimirum
1100 5128 1363 5181 creatum,
1407 5120 1756 5189 corruptibile
1793 5130 1850 5177 et.

285 5203 520 5268 visibile.
554 5204 734 5260 omnia
763 5211 926 5258 erunt
966 5202 1206 5271 ejusdem
1243 5206 1580 5273 substantiae,
1617 5203 1726 5264 imo
1756 5225 1852 5279 po-

289 5297 398 5351 tius
422 5295 668 5352 eamdem
699 5293 1058 5352 substantiam
1090 5295 1492 5363 significabunt.
1521 5298 1672 5364 Quod
1702 5303 1747 5356 si
1777 5285 1868 5357 ita'

288 5392 393 5450 est,
425 5384 558 5439 nihil
607 5385 863 5454 impediet
915 5382 1205 5454 quominus
1252 5385 1496 5443 dicamus
1553 5388 1693 5443 idem
1734 5405 1853 5445 esse

290 5471 492 5544 lignum
523 5481 578 5528 et
608 5475 800 5539 lilium,
824 5473 1052 5542 lapidem
1081 5482 1136 5528 et
1162 5474 1431 5545 genimen.
1465 5479 1656 5532 creata
1685 5481 1851 5544 enim,

294 5564 664 5633 cornrptibilia
694 5574 748 5620 et
775 5565 1003 5620 visibilia
1044 5567 1156 5620 lraec
1192 5576 1535 5636 sunt;atque
1561 5569 1631 5621 ita
1674 5584 1849 5625 rernm

294 5659 534 5716 munium
557 5659 688 5714 ordo
712 5658 1131 5729 perturbabitur.
1159 5659 1213 5713 Si
1249 5676 1376 5730 crgo
1401 5666 1504 5715 non
1526 5677 1853 5734 quaecunque

1946 3252 2083 3324 πρὸς
2114 3254 2279 3306 ἐαυτά
2303 3254 2370 3308 τά
2396 3253 2657 3325 ὀνόματα,
2690 3254 2764 3318 ὡς
2793 3252 2848 3307 εί
2871 3254 2953 3318 τίς
2984 3254 3098 3307 ἐστι
3138 3252 3345 3323 πατὴρ,
3372 3250 3530 3307 τοῦτ’

1946 3342 2084 3399 εἶναι
2121 3346 2216 3398 καὶ
2245 3346 2538 3417 ἀγένητον·
2585 3346 2678 3401 καὶ
2722 3345 2775 3399 εί
2821 3364 2873 3400 τι
2920 3346 3217 3416 ἀγένητον,,
3232 3343 3396 3399 τοῦτο
3435 3342 3536 3413 x*

1948 3439 2167 3509 πατήρ;
2198 3439 2490 3508 Οίχήσεται
2541 3437 2604 3508 δὴ
2648 3431 2741 3491 οὖν
2781 3437 2884 3492 καὶ·
2927 3438 3169 3508 χωρήσει
3215 3435 3406 3493 λοιπὸν
3434 3432 3538 3491 {A

1949 3530 2157 3594 πάντας
2186 3528 2248 3583 τὸ
2275 3529 2419 3599 μόνῳ
2456 3528 2658 3598 προσὸν
2689 3527 2768 3598 τῷ
2802 3526 2921 3597 Θεῷ
2959 3526 3042 3590 ὡς.
3070 3527 3203 3582 [διον
3237 3523 3406 3583 abac&
3427 3524 3526 3581 nul

1949 3619 2223 3692 ἐξαίρετον
2271 3620 2331 3672 τὸ
2376 3617 2635 3690 ἀγένητον
2668 3612 2806 3672 εἷναί
2836 3616 3208 3687 φημι.’ορ.ἱτε
3242 3615 3416 3673 τοίνυν
3436 3614 3520 3680 εἰς

1948 3713 2081 3783 ὅσην
2108 3711 2337 3768 ἀτοπίαν
2366 3711 2495 3782 ύμῖν
2524 3709 2992 3781 καταστρέφουσιν
3017 3709 3067 3761 οἱ
3099 3709 3275 3777 λόγοι.

2634 3825 2835 3879 ΑΛΑΟ.

2018 3936 2204 4006 Μηδὲν
2264 3935 2386 3989 κατ’
2425 3933 2668 3988 ἐπίνοιαν
2730 3933 3073 4004 συμδεὸηκὸς
3126 3933 3385 4000 νοοῦντες
3435 3934 3520 3990 ἐπὶ

1948 4028 2103 4094 Θεοῦ,
2126 4028 2261 4098 μήτε
2287 4026 2393 4098 μὴν
2419 4025 2563 4081 οὕτω
2589 4026 2731 4079 τισὶν
2759 4029 2899 4080 νοεῖν
2921 4025 3333 4097 ἐπιτρέποντες,
3356 4024 3522 4100 πολλῇ

1948 4117 2235 4190 δυσχερείᾳ
2285 4116 2668 4189 περιπεσεῖσθε
2700 4117 2952 4180 πάντως,
2987 4116 3082 4170 καὶ
3130 4117 3328 4188 μυρίος
3380 4118 3528 4190 ἡμᾶς

1950 4209 2238 4280 νοημάτων
2266 4207 2523 4279 ἀθέσμων
2551 4207 2895 4279 περιεστήξει
2921 4203 3326 4280 θόρυὸος.Ἀρα
3343 4209 3457 4280 γὰρ
3479 4208 3533 4264 εί

1949 4317 2033 4364 τις
2064 4300 2207 4370 ὑμᾶς
2234 4297 2480 4372 ἐρωτῴη,
2508 4297 2569 4351 τὸ
2596 4297 2777 4369 πατὴρ
2799 4298 2891 4352 καὶ
2914 4298 2975 4352 τὸ
3006 4297 3294 4368 ἀγένητος,
3320 4298 3531 4371 ἀφθαρ-

1947 4391 2041 4455 τός
2066 4407 2125 4444 τε
2162 4391 2257 4443 καὶ
2283 4388 2570 4452 ἀθάνατος,
2599 4389 2692 4443 καὶ
2711 4389 2958 4461 ἀόρατος,
2977 4389 3069 4443 καὶ
3097 4390 3197 4442 ὅσα
3219 4388 3396 4460 ἕτερά
3414 4391 3527 4444 ἔστι

1948 4481 2191 4542 τοιαῦτα.
2216 4481 2358 4535 κατὰ
2385 4480 2547 4550 φύσιν
2581 4480 2952 4552 ἐνυπάρχοντα
2983 4477 3059 4550 τῷ
3089 4479 3233 4552 Θεῷ,
3256 4483 3354 4535 καὶ
3384 4481 3524 4536 κατά

1951 4575 2116 4646 μόνης
2164 4574 2264 4642 τῆς
2313 4572 2500 4636 οὐσίας
2560 4571 2724 4626 αὐτοῦ
2779 4571 3248 4644 κατηγορούμενα,
3301 4574 3527 4645 πότερον

1947 4665 2134 4728 οὐσίας
2164 4662 2304 4718 εἶναι
2324 4663 2547 4726 δώσετε,
2575 4664 2772 4734 μᾶλλον
2792 4664 2849 4718 δὲ
2876 4664 3105 4718 ἕκαστον
3134 4665 3318 4720 αὐτῶν
3339 4667 3527 4721 οὐσίαν

1951 4756 2225 4828 σημαίνει,
2269 4755 2302 4827 ἢ
2356 4756 2508 4825 ούχί;
2544 4756 2702 4808 Ποῖον
2738 4754 3050 4809 ἀποδώσετε
3096 4754 3295 4824 λόγονς
3332 4757 3398 4810 Εί
3429 4757 3527 4828 μὲν

1949 4843 2044 4901 οὖν
2068 4846 2297 4899 ἕκαστον
2324 4845 2509 4899 οὐσίαν
2554 4844 2828 4914 σημαίνει,
2858 4848 2924 4899 ὲκ
2955 4844 3227 4900 τοσούτων
3272 4847 3408 4918 ὑμῖν
3439 4847 3529 4902 οὑ-

1955 4936 2105 5002 σιῶν,
2147 4936 2177 4989 ὁ
2225 4935 2428 4999 ἀτελοῦς
2466 4937 2812 5003 συγκείσεται
2841 4936 2993 5001 Θεὸς,
3020 4937 3228 5006 ὅσαπερ
3263 4937 3337 4992 ἀν
3376 4937 3530 5011 αύτῷ

1953 5028 2196 5099 φυσικῶς
2259 5027 2528 5099 προσόντα
2581 5027 2859 5097 φαίνηται.
2911 5028 3055 5098 Πρὸς
3111 5027 3171 5081 δέ
3228 5045 3296 5098 γε
3353 5029 3533 5102 τούτῳ

1952 5121 2170 5174 κάκεῖνο
2196 5119 2413 5182 πάντως
2439 5119 2736 5186 ἀναγκαῖον
2765 5117 3032 5188 ὑπάρχειν
3062 5118 3284 5189 ἀληθὲς,
3320 5121 3408 5174 ὅτι
3434 5123 3532 5176 καὶ

1951 5213 2021 5267 τά
2067 5212 2416 5281 ἀντικείμενα
2465 5214 2579 5275 τοίς
2612 5211 2923 5281 εἰρημένοις
2953 5211 3013 5262 τὸ
3041 5210 3269 5280 γενητὸν
3299 5213 3530 5284 δηλαδὴ,

1952 5303 2014 5357 τὸ
2050 5301 2306 5374 φθαρτὸν,
2326 5301 2387 5355 τὸ
2415 5301 2606 5372 ὁρατὸν
2627 5300 2776 5355 ἔσται
2808 5300 2985 5354 πάντα
3004 5303 3103 5370 τῆς
3124 5301 3298 5371 αὐτῆς
3314 5303 3534 5368 οὐσίας·

1958 5393 2155 5464 μᾶλλον
2201 5392 2257 5445 δὲ
2303 5391 2429 5461 μίαν
2457 5392 2645 5444 οὐσίαν
2670 5390 2940 5460 σημαίνει.
2974 5391 3036 5444 El
3068 5390 3125 5444 δὲ
3156 5389 3341 5459 τοῦτο,
3374 5393 3532 5447 οὐδὲν

1955 5482 2188 5539 κωλύσει
2217 5482 2395 5550 λέγειν
2414 5482 2610 5535 ταυτὸν
2640 5478 2777 5534 εἶναι
2809 5479 2962 5544 ξύλον
2987 5481 3081 5535 καὶ
3106 5480 3241 5546 υίδν,
3256 5480 3414 5537 λίθον
3434 5482 3533 5538 καὶ

1955 5575 2219 5644 γέννημα.
2252 5573 2455 5640 Γενητά
2489 5573 2596 5642 γάρ
2635 5572 2727 5625 καὶ
2768 5571 2982 5643 φθαρτὰ
3012 5573 3107 5626 καὶ
3146 5573 3325 5645 ὁρατὰ
3355 5573 3532 5630 ταῦτά

1958 5669 2101 5721 ἐστι·
2131 5664 2223 5718 καὶ
2258 5664 2581 5734 συγκέχυται
2599 5664 2783 5718 λοιπὸν
2802 5662 2909 5717 τῶν
2934 5664 3273 5735 πραγμάτων
3296 5668 3330 5739 ἡ
3355 5666 3523 5733 τάξις.
