3809 6125
1679 162 1708 193 l

260 295 359 351 ³5¹

1260 301 1318 357 S.
1361 301 1639 358 emina
1684 302 2157 359 ALEXANDntNt
2198 304 2519 362 Ancnffit’.

3429 302 3558 362 55*

2926 374 2957 395 0

262 414 616 470 excellentior
635 458 660 483 ,
709 426 861 474 tanto
919 418 1106 488 majori
1167 420 1518 491 graviorique
1566 421 1839 492 supplicio
1870 428 1917 485 Α
1944 422 2299 494 χαλεπωτέρᾳ
2321 423 2562 495 τιμωρίᾳ
2587 421 2891 476 ὑπεύθυνον
2908 420 3042 478 ὄντα
3061 419 3330 476 δεικνύων
3353 420 3452 477 τὸν
3470 421 3550 484 τὰ

263 508 556 562 obnoxium
585 525 705 565 esse
727 512 1009 567 declarans
1032 529 1152 568 eum
1183 515 1274 583 qui
1303 512 1556 569 mandata
1592 528 1694 570 sua
1722 513 1841 570 sue·

265 600 333 652 rit
376 611 767 670 transgressum.

262 734 494 798 ALtUt),
536 754 601 791 ex
642 739 849 803 iisdem,
883 741 1023 809 quod
1057 741 1193 795 bona
1228 743 1294 795 sit
1333 741 1720 811 utilissimaque
1747 746 1847 798 ad-

336 808 785 862 ministrationum
828 813 1175 876 comparatio,
1213 812 1519 878 anqelorttnt
1565 813 1768 868 scilicet
1795 826 1842 869 et

337 874 385 928 1⁶·
389 876 491 940 tln
542 880 641 930 vim
688 880 825 932 vocis
863 898 882 931 ι
915 880 1099 933 ntelior
1126 899 1144 932 ι
1182 881 1493 950 explanans.
1535 882 1653 965 Quo
1693 895 1843 951 pacto

332 945 470 998 enim
514 948 699 1001 melior
733 952 935 1020 anqelin
974 951 1065 1013 sit,
1094 962 1141 1004 et
1176 964 1397 1021 quanto,
1433 970 1499 1007 ex
1546 956 1612 1009 iis
1645 954 1846 1009 intelli·-

334 1032 537 1087 ycmus.

334 1148 520 1217 Angeli
540 1149 711 1221 legem
731 1153 1052 1219 edixerunt3
1080 1156 1174 1210 sed
1211 1155 1291 1211 lex
1346 1157 1479 1212 nihil
1517 1158 1744 1227 perfecit
1772 1160 1841 1213 ¹⁸.

261 1241 434 1298 Filius
477 1254 657 1298 autem
704 1245 932 1315 perfecit
973 1262 1112 1316 opus
1146 1247 1346 1304 Patria.
1381 1249 1662 1308 Perfectus
1700 1250 1843 1307 enim

261 1345 346 1388 est
382 1335 433 1387 in
476 1334 674 1402 pietate
697 1335 788 1405 qui
822 1336 992 1405 ipsius
1032 1338 1242 1409 legibus
1277 1340 1577 1395 instructus
1607 1350 1712 1396 est.
1737 1339 1844 1396 Re-

263 1426 449 1496 gnavit
466 1440 611 1483 mors
627 1429 791 1483 etiam
811 1429 944 1500 legis
966 1438 1236 1501 tempore:
1261 1433 1515 1488 nimirum
1536 1453 1554 1486 ι
1568 1434 1633 1488 ab
1650 1434 1844 1500 Adam,

266 1516 472 1587 inquit,
503 1533 677 1589 usque
708 1519 774 1575 ad
796 1520 979 1575 Mosen
1015 1521 1080 1577 ¹⁸.
1111 1541 1132 1575 ι
1154 1523 1367 1579 Abolita
1392 1534 1573 1581 autem
1593 1537 1678 1580 est
1700 1541 1846 1580 mors

268 1625 354 1679 pe·
433 1609 753 1679 Cliristuni;
822 1629 998 1684 neque
1047 1616 1192 1670 enim
1248 1617 1484 1687 amplius
1557 1618 1610 1671 in
1673 1619 1843 1671 Adam

270 1706 536 1760 morimur
570 1746 584 1769 ‚
637 1709 730 1763 sed
782 1707 833 1761 in
882 1710 1103 1764 Christo
1158 1710 1599 1764 vivificamur-¹¹.
1640 1712 1685 1765 Α
1734 1712 1845 1765 Dan

1945 515 2111 568 αὑτοῦ
2147 514 2576 586 παραδαίνοντα.

1944 740 2035 794 ΑΛ
2042 740 2151 801 ΛΟ,
2173 739 2243 792 ἐκ
2266 738 2384 793 τῶν
2411 737 2642 805 αὐτῶν,
2670 736 2758 792 ότι
2793 755 2886 791 κα
2891 736 2968 806 ἰὴ.
2979 736 3077 791 καὶ
3112 733 3542 815 χρησιμωτάτη

2020 810 2135 863 τῶν
2168 808 2488 863 διακονιῶν
2521 810 2559 876 ἡ
2590 809 2932 877 σύγκρισις
2962 808 3075 876 τῆς
3102 824 3165 860 τε
3209 824 3332 860 των
3365 806 3407 860 ἀ

2014 884 2142 935 λων
2173 880 2269 933 καὶ
2300 880 2405 934 τοῦ
2446 879 2601 944 nos),
2633 880 2739 932 τοῦ
2784 898 2811 929 ι
2844 879 3127 946 κρείττων-
3153 896 3171 928 ι
3210 875 3328 942 τὴν
3360 876 3548 931 δύναι-

2010 968 2121 1019 ptr
2147 950 2584 1018 ἑρμηνεύουσα.
2624 948 2759 1013 Πῶς
2779 950 2890 1036 γὰρ
2915 949 3197 1014 κρείττων
3222 945 3347 1001 τῶν
3366 946 3544 1017 ‹tn-6

2015 1025 2143 1076 λων
2174 1020 2306 1074 ἐστὶ
2334 1019 2433 1074 καὶ
2460 1018 2677 1083 πόσον,
2709 1019 2778 1083 ἐξ
2809 1017 3011 1073 αὐτῶν
3034 1019 3439 1088 γνωσόμεθα.

2022 1155 2192 1225 ἐΑγγ
2197 1155 2279 1209 λοι
2311 1154 2401 1209 τὸν
2437 1154 2599 1225 νόμον
2636 1154 2928 1225 ὲλὰληησαι
2957 1152 3072 1207 ἀλλ’
3105 1153 3259 1207 οὐδὲν
3299 1152 3545 1207 ἐτελείω-

1949 1246 2280 1317 σενόνόμος.
2296 1246 2354 1299 ‘0
2377 1246 2433 1300 δὲ
2447 1246 2573 1309 Υἱὸς
2599 1247 2882 1299 ἐτελείωσε
2906 1246 2965 1299 τὸ
2990 1244 3151 1313 ἔργον
3179 1244 3277 1297 τοῦ
3301 1245 3541 1318 Πατρός.

1947 1336 2165 1402 Τέλειος
2196 1339 2306 1411 γὰρ
2337 1339 2418 1402 είς
2447 1338 2726 1392 εὐσέδειαν
2762 1340 2791 1391 6
2817 1340 2929 1400 τοῖς
2956 1335 3121 1391 αὐτοῦ
3147 1335 3339 1405 νόμοις
3377 1337 3545 1391 παιδ-

1949 1429 2751 1501 αγωγούμενος.Ἐ6ασίλευσεν
2794 1433 2823 1485 6
2857 1430 3089 1494 θάνατος
3134 1429 3233 1483 καὶ
3280 1429 3429 1484 κατὰ
3455 1432 3548 1483 τὸν

1948 1523 2235 1594 τοῦ,νόμου
2258 1524 2467 1596 καιρόν·
2493 1543 2512 1576 ι
2537 1525 2672 1578 Ἀπὸ
2687 1523 2797 1596 γὰρ
2839 1522 3033 1593 Ἀδὰμ,
3068 1520 3225 1593 φησι,
3257 1522 3357 1576 καὶ
3381 1523 3548 1594 μέχρι

1948 1617 2211 1682 Μωσέως.
2240 1636 2262 1670 ι
2296 1618 2529 1672 Λέλυται
2557 1618 2613 1671 δὲ
2654 1618 2881 1680 θάνατος
2914 1615 3006 1669 διὰ
3046 1613 3287 1687 Χριστοῦ
3310 1632 3326 1646 ·
3360 1614 3548 1668 οὐκέτι

1950 1708 2060 1780 γὰρ
2108 1711 2167 1762 ὲν
2210 1709 2378 1780 Ἀδὰμ
2416 1709 2859 1781 ἀποθνήσκομεν,
2897 1707 3011 1761 ἀλλ’
3037 1708 3096 1760 ὲν
3130 1704 3359 1778 Χριστῷ
3410 1706 3549 1771 Can·

267 1798 335 1851 atl
378 1796 644 1854 Bersabee
695 1799 884 1867 legalia
955 1811 1222 1872 praeeepta
1279 1802 1597 1857 deuuntiata
1670 1813 1801 1859 sunt
1829 1846 1842 1869 ,
1880 1795 1921 1849 Β
1951 1797 2269 1871 ποιούμεθα.
2292 1798 2425 1852 Ἀπὸ
2466 1798 2573 1852 Δὰν
2624 1799 2720 1852 καὶ
2764 1798 2869 1861 ἕως
2907 1797 3196 1869 Βηρσαῦεὲ
3227 1798 3554 1869 ’τὰ-νομαὶ

266 1896 491 1958 eratque
515 1888 568 1943 in
595 1890 709 1945 sola
735 1890 919 1946 Judaea
947 1902 1107 1947 notus
1153 1893 1292 1946 Deus
1320 1892 1386 1923 ¹⁷·
1411 1910 1425 1945 :
1457 1908 1600 1946 nunc
1629 1907 1755 1947 vero
1787 1894 1842 1947 in

266 1996 482 2037 omnem
514 1990 715 2037 terram
755 1983 925 2038 exivit
951 1999 1119 2043 sonus
1147 1984 1265 2054 ejus
1290 1984 1356 2052 ¹⁸,
1389 1999 1687 2055 omnesque
1718 1985 1847 2041 etlo-

267 2074 340 2129 cti
369 2083 496 2127 sunt
541 2089 571 2127 a
601 2072 734 2140 Deo,
769 2091 874 2131 non
921 2076 989 2131 ab
1029 2075 1257 2145 angeliS,
1292 2076 1389 2133 sed
1422 2093 1450 2131 a
1481 2077 1590 2133 Deo
1625 2076 1714 2131 ¹⁸‘.
1754 2079 1844 2134 Dei

267 2163 413 2220 enim
441 2165 606 2219 etiam
626 2163 711 2221 lex
724 2174 827 2227 est.
850 2168 946 2222 sed
972 2181 1071 2237 per
1085 2166 1307 2237 angelos
1335 2168 1545 2238 prolata
1575 2170 1619 2202 ¹⁸
1640 2184 1657 2235 ;
1679 2168 1848 2226 Filius

269 2263 448 2309 autem
484 2255 656 2325 inquit
683 2272 696 2310 :
735 2275 755 2308 ι
801 2256 910 2329 Ego
931 2257 1046 2327 ipse
1077 2257 1304 2328 loquens
1327 2258 1517 2314 adsum
1545 2259 1630 2314 ¹⁹2
1661 2279 1680 2312 ι
1704 2260 1850 2327 Quo-

266 2343 435 2408 circa,
462 2343 618 2413 juxta
643 2342 795 2399 Pauli
821 2346 1173 2412 sententiam,
1201 2358 1403 2417 quanto
1428 2347 1848 2407 differentiorem

267 2444 462 2491 nactus
488 2444 573 2491 est
593 2436 1143 2504 administrationem,
1175 2449 1233 2495 et
1264 2451 1470 2508 quanto
1499 2442 1742 2500 melioris
1769 2453 1850 2499 te-

267 2529 522 2585 stamenti
566 2543 797 2599 sponsor
835 2530 1012 2587 sactus
1041 2541 1124 2587 est
1149 2533 1219 2600 ⁹⁰,
1259 2541 1408 2589 tanto
1448 2535 1613 2590 etiam
1662 2536 1848 2591 excel·

269 2620 471 2677 lentior
493 2623 598 2677 erit
621 2623 831 2694 angelis
861 2641 876 2679 ι
907 2639 1016 2697 non
1048 2626 1260 2681 ratione
1278 2634 1489 2683 naturae
1515 2628 1597 2684 eis
1625 2643 1848 2700 eompa-

180 2747 185 2753 -
269 2723 444 2780 ratus,
473 2716 568 2771 sed
603 2724 754 2771 tanto
786 2717 1036 2790 superior
1065 2728 1269 2788 quanto
1293 2719 1437 2776 Deus
1464 2721 1716 2778 essentiae
1756 2738 1848 2778 ra-

272 2807 418 2863 tione
436 2818 617 2864 creata
645 2809 940 2865 antecellit.
968 2807 1145 2867 Dictio
1176 2811 1359 2881 itaque
1381 2812 1517 2879 haec,
1538 2832 1557 2865 ι
1583 2814 1801 2882 melior,
1825 2834 1844 2867 ι

273 2903 342 2957 ael
389 2903 916 2959 administrationem
967 2902 1161 2971 relata,
1217 2914 1418 2977 quanto
1466 2920 1587 2961 eam
1636 2906 1850 2963 illorum

271 2996 742 3051 administratione
790 2997 1226 3068 praestantiorem
1276 2998 1685 3071 dignioremque
1729 3014 1852 3055 esse

269 3089 538 3153 ostendit,
577 3096 728 3143 tanto
759 3090 929 3161 magis
965 3089 1160 3145 Filium
1200 3105 1363 3160 supra
1405 3101 1644 3146 creatam
1693 3101 1853 3146 natu·

1953 1892 2355 1964 προστάγματα
2382 1890 2751 1963 διηγγέλλετο,
2783 1891 2879 1945 καὶΙ
2919 1887 2988 1963 ἦν
3035 1892 3095 1945 ὲν
3144 1890 3283 1963 μόνῃ
3311 1893 3383 1962 τῇ
3423 1892 3554 1945 ’lou'

1952 1987 2079 2059 δαίᾳ
2105 1985 2347 2055 γνωστὸς
2368 1988 2397 2039 6
2430 1985 2564 2049 Θεός
2585 2001 2600 2013 ·
2633 1985 2751 2039 νυνὶ
2777 1985 2847 2038 δὲ’
2866 1986 2946 2049 είς
2975 1973 3162 2039 πᾶσαν
3192 1983 3298 2055 τὴν
3336 1986 3449 2056 γῆν
3478 1985 3557 2051 ἐξ·

1952 2080 2119 2150 ἦλθεν
2140 2080 2170 2131 6
2199 2077 2437 2148 φθόγγος
2470 2077 2658 2144 αὐτοῦ,
2678 2078 2773 2132 καὶ
2802 2078 3060 2147 γεγόνασι
3087 2077 3294 2141 πάντες
3312 2076 3553 2131 διδακτοὶ

1954 2171 2111 2239 Θεοῦ,
2150 2172 2251 2226 οὐκ
2273 2171 2550 2241 ἀγγέλων,
2580 2171 2714 2226 ἀλλὰ
2744 2170 2900 2224 Θεοῦ.
2934 2169 3069 2223 Θεοῦ
3117 2168 3221 2240 μὲν
3265 2169 3380 2243 γὰρ
3408 2172 3505 2224 καὶ
3525 2173 3553 2225 6

1956 2263 2139 2335 νόμος,
2178 2263 2314 2320 ἀλλὰ
2346 2264 2412 2318 δι’
2443 2265 2693 2335 ἀγγέλων
2712 2284 2727 2297 ·
2763 2267 2793 2319 6
2820 2267 2876 2320 δὲ
2909 2265 3038 2330 Υίός
3088 2283 3260 2336 φησιν
3280 2281 3297 2297 ·
3332 2285 3352 2318 ι
3382 2266 3553 2330 Αὐτὸς

1954 2355 1984 2408 6
2011 2354 2188 2409 λαλῶν
2216 2355 2469 2428 πάρειμι.
2504 2376 2523 2409 ι
2581 2356 2793 2412 Οὐκοῦν
2845 2356 2988 2411 κατὰ
3033 2355 3134 2428 τὴν
3187 2357 3290 2412 τοῦ
3338 2358 3549 2413 Παῦλον

1957 2446 2166 2516 φωνὴν,
2197 2447 2308 2517 ὅσῳ
2332 2446 2745 2519 διαφορωτέρας
2765 2445 3032 2518 τετύχηκε
3053 2446 3416 2519 λειτουργίας,
3454 2446 3543 2499 καὶ

1956 2535 2065 2605 ὅσῳ
2109 2536 2418 2605 κρείττονος
2461 2535 2728 2608 διαθήκης
2769 2536 2993 2605 γέγονεν
3042 2535 3262 2606 ἔγγυος,
3292 2534 3534 2590 τοσοῦτον

1957 2626 2214 2699 ὑπερέξει
2241 2628 2367 2692 τοὺς
2396 2628 2682 2698 ἀγγέλους,
2710 2629 2810 2700 οὐχ
2835 2629 2911 2693 ὡς
2941 2629 3080 2701 πρὸς
3105 2629 3300 2695 αὐτοὺς
3317 2644 3530 2700 συγκρι-

1958 2719 2017 2774 νό
2024 2737 2181 2791 μενος
2197 2719 2341 2775 κατὰ
2353 2719 2450 2792 τὴν
2471 2719 2541 2791 φῦ
2550 2738 2653 2786 σιν,
2672 2720 2810 2775 ἁλλὰ
2823 2722 3079 2775 τοσοῦτον
3095 2719 3532 2795 ὑπεραιρόμενος,

1958 2812 2081 2868 ὅσον
2113 2811 2421 2884 ἀπῴκισται
2471 2812 2580 2868 τῶν
2626 2814 2872 2883 γενητῶν
2903 2815 2932 2867 6
2964 2814 3096 2879 Θεὸς
3123 2815 3275 2871 κατὰ
3322 2812 3415 2869 τὸν
3450 2812 3545 2883 τῆς

1957 2906 2148 2970 οὐσίας
2180 2905 2356 2976 λόγον.
2387 2907 2461 2961 Τὸ
2488 2906 2598 2980 ἄρα
2637 2926 2656 2959 ι
2686 2908 2950 2979 κρείττων
2977 2927 2995 2959 ι
3022 2909 3115 2962 ἐπὶ
3144 2909 3247 2979 τῆς
3280 2906 3552 2969 διακονίας

1960 2998 2284 3072 φερόμενον,
2309 2999 2436 3053 ὅσον
2476 3000 2645 3073 αὐτὴν
2676 3000 2777 3071 τῆς
2806 2999 3030 3054 ἐκείνων
3059 2999 3303 3054 δεικνύει
3336 2998 3557 3072 μείζονι

1960 3091 2058 3146 καὶ
2103 3092 2462 3165 ὑψηλοτέραν,
2490 3093 2749 3147 τοσοῦτον
2792 3094 3001 3166 ἐξαίρει
3031 3094 3129 3164 τῆς
3169 3093 3284 3147 τῶν
3314 3090 3557 3166 γενητῶν

268 3194 387 3236 ram
422 3181 654 3236 extollit.
691 3180 757 3236 Et
801 3182 1009 3251 angelis
1037 3182 1254 3254 quidem
1285 3182 1451 3255 208
1476 3194 1534 3237 ut
1568 3184 1745 3240 servis
1776 3186 1855 3239 in·
1882 3156 1927 3214 C
1961 3183 2179 3255 φύσεως
2222 3183 2317 3238 τὸν
2340 3184 2489 3238 Υίόν.
2515 3185 2627 3238 Καὶ
2672 3187 2786 3249 τοῖς
2822 3184 2921 3255 μὲν
2962 3185 3216 3253 ἀγγέλοις
3242 3185 3325 3249 ὡς
3354 3183 3561 3248 δούλοις

272 3272 529 3327 seriorem
600 3273 1127 3329 administrationem
1196 3275 1385 3330 tribuit
1414 3313 1431 3341 ,
1473 3275 1610 3330 Filio
1676 3285 1857 3333 antem

272 3382 393 3420 eam
429 3381 550 3437 quae
575 3365 715 3424 Filio
744 3375 800 3422 et
830 3367 1062 3422 Domino
1092 3377 1377 3438 congruat.
1408 3367 1544 3424 Nam
1583 3370 1636 3424 iu
1668 3369 1859 3426 melio·

275 3460 444 3524 ribus,
488 3469 547 3513 ut
581 3459 755 3530 inquit
781 3458 1086 3531 Scriptura,
1120 3460 1637 3530 repromissionibus
1680 3463 1860 3519 sanci-

277 3561 364 3608 tus
399 3563 484 3608 est
507 3551 574 3606 ¹¹.

275 3687 523 3752 Amul),
568 3689 709 3758 quod
758 3687 947 3741 melior
986 3690 1054 3743 sit
1112 3688 1208 3742 Dei
1255 3687 1412 3742 Verbi
1465 3690 1912 3748 administratio

344 3776 502 3829 quant
550 3758 888 3827 anqelorum,
934 3760 1094 3811 etiam
1151 3759 1274 3811 aliis
1318 3759 1491 3812 modis
1520 3773 1537 3811 .·
1566 3769 1614 3812 et
1661 3773 1860 3829 quanto

347 3830 533 3883 melior
559 3839 631 3882 est
664 3829 1079 3892 administratio,
1109 3836 1253 3882 tanto
1287 3837 1334 3882 et
1369 3830 1860 3886 administratorem

353 3900 622 3953 meliorem
652 3914 783 3953 ease.

351 4033 550 4090 Paulus
598 4035 675 4089 ait
722 4053 739 4090 t
791 4033 1104 4101 «Quoniam
1150 4033 1294 4104 quod
1350 4033 1685 4105 impossibile
1742 4046 1861 4092 erat

282 4126 407 4198 legi,
439 4127 492 4181 in
527 4142 635 4197 quo
670 4127 1048 4182 infirmabatur
1092 4142 1188 4196 per
1210 4127 1463 4193 earnem,
1500 4128 1641 4183 Deus
1664 4125 1858 4183 Filium

282 4235 439 4272 suum
471 4220 690 4273 mittens
719 4219 770 4272 in
798 4219 1209 4273 similitudinem
1234 4218 1417 4271 carnis
1448 4218 1676 4287 peccati,
1712 4228 1768 4274 et
1794 4221 1862 4275 tle

284 4321 508 4381 peceato
535 4310 807 4363 damnavit
846 4317 1125 4379 peccatum
1161 4309 1216 4363 in
1257 4323 1445 4375 carne,
1480 4317 1538 4363 ut
1583 4310 1859 4380 significa·

286 4406 361 4460 tio
400 4403 536 4474 legis
588 4403 906 4472 impleretur
941 4402 994 4457 in
1045 4402 1223 4468 nobis,
1273 4403 1363 4473 qni
1411 4417 1516 4456 non
1565 4404 1860 4458 secundum

1959 3277 2222 3348 ἀπονέμει
2270 3276 2550 3332 διακονίαν
2600 3277 2701 3348 τὴν
2744 3277 3036 3331 ἐλάττονα·
3081 3275 3162 3346 τῷ
3204 3275 3263 3329 δὲ
3292 3275 3435 3347 Υἰῷ,
3468 3275 3563 3345 τὴν

1958 3368 2075 3440 Υίῷ
2123 3368 2444 3438 πρέπουσαν
2490 3370 2588 3425 καὶ
2635 3367 3045 3437 Δεσπότῃ.“Επὶ
3089 3367 3198 3438 γὰρ
3252 3369 3564 3440 κρείττοσι,

1961 3459 2149 3533 φησὶν,
2185 3462 2542 3529 ἐπαγγελίαις
2573 3459 3013 3530 νενομοθέτηται.

1960 3685 2167 3751 Alme,
2196 3685 2284 3738 ὅτι
2326 3685 2605 3754 κρείττων
2630 3683 2669 3752 ἡ
2714 3683 2821 3739 τοῦ
2860 3660 3006 3737 Θεοῦ
3039 3683 3234 3750 Λόγου
3274 3681 3568 3738 διακονῶ

2034 3754 2145 3822 τῆς
2190 3755 2310 3809 τῶν
2358 3755 2651 3826 ἀγγέλων,
2683 3755 2782 3809 καί
2812 3755 2940 3808 καθ
2968 3752 3208 3820 ἑτέρους
3252 3757 3562 3821 τρόπους·

2032 3825 2159 3892 ὅσῳ
2190 3824 2259 3879 δὲ
2290 3827 2575 3893 κρείττων
2600 3825 2776 3892 αὕτη,
2820 3824 3090 3890 τοσούτῳ
3126 3824 3226 3876 καὶ
3274 3828 3308 3877 ὀ
3352 3821 3567 3877 διακο-

2032 3894 2235 3962 νήσας
2261 3898 2469 3950 αὐτόν.

2043 4031 2107 4086 '0
2138 4029 2348 4093 Παῦλός
2380 4046 2546 4100 φησιν
2564 4047 2577 4061 ·
2622 4031 2778 4083 «Ὅτι
2801 4030 2862 4084 τὸ
2889 4030 3153 4084 ἀδύνατον
3181 4027 3284 4081 τοῦ
3307 4027 3479 4098 νόμου
3500 4027 3560 4080 ἰν

1960 4116 2007 4193 ᾧ
2034 4122 2253 4194 ἠσθένει
2297 4121 2387 4176 διὰ
2426 4122 2529 4192 τῆς
2565 4124 2788 4195 σαρκὸς,
2832 4126 2862 4178 6
2911 4123 3043 4186 Θεὸς
3085 4122 3174 4175 τὸν
3206 4121 3399 4180 ἑαυτοῦ
3431 4122 3567 4186 Υίὸν
3652 4138 3668 4155 ·

1964 4216 2189 4287 πέμψας
2232 4217 2292 4270 ὲν
2333 4214 2640 4287 ὁμοιώματι
2691 4215 2893 4289 σαρκὸς
2942 4214 3232 4287 ἁμαρτίας,
3272 4213 3368 4265 καὶ
3426 4217 3568 4286 περὶ

1965 4307 2242 4380 ἁμαρτίας
2272 4305 2566 4380 κατέκρινε
2600 4307 2704 4378 τὴν
2735 4307 3009 4378 ἁμαρτίαν
3041 4309 3095 4358 ὲν
3125 4308 3188 4374 τῇ
3215 4303 3400 4369 σαρκί.
3441 4324 3461 4357 ι
3500 4307 3567 4361 Et

1962 4399 2019 4453 δὲ
2040 4397 2340 4470 ἠσθένησεν
2366 4400 2394 4452 6
2418 4398 2582 4472 νόμος
2612 4402 2942 4471 κατακρίναι
2972 4395 3068 4470 τὴν
3094 4396 3369 4468 ἁμαρτίαν
3397 4398 3463 4449 ὲν
3493 4401 3563 4471 τῇ

282 4513 502 4553 carnem
550 4496 909 4562 attibulamuS,
969 4494 1066 4550 sed
1110 4496 1406 4550 secuudum
1445 4494 1710 4564 Spiritum
1737 4495 1803 4549 ”.
1835 4513 1857 4548 ι
1894 4499 1938 4554 n
1969 4489 2155 4562 σαρκὶ,
2192 4492 2484 4562 κατέκρινε
2513 4491 2570 4546 δὲ
2599 4494 2627 4545 6
2660 4492 2915 4564 Χριστὸς,
2936 4491 3195 4560 δεκτικὴν
3221 4489 3394 4561 αὐτὴν
3424 4491 3563 4544 &no-

284 4591 435 4658 Qnod
467 4592 510 4647 si
545 4591 630 4646 lex
671 4607 773 4646 non
804 4590 980 4660 potuit
1004 4598 1285 4660 peccatum
1316 4589 1368 4642 in
1399 4603 1565 4645 carne
1596 4590 1860 4644 condem-

285 4698 436 4748 nare,
486 4680 872 4736 condemnavit
940 4690 1122 4736 autem
1187 4678 1473 4744 Cltristus;
1526 4682 1726 4749 quippe
1768 4680 1860 4749 qui

285 4791 504 4830 carnem
546 4772 782 4845 Spiritus
819 4774 993 4829 sancti
1021 4785 1277 4840 capacem
1305 4768 1505 4834 effecit,
1547 4769 1620 4823 ita
1650 4780 1709 4823 ut
1738 4785 1861 4838 pos·

285 4870 455 4922 sinnas
496 4866 678 4920 dicere
707 4883 721 4919 ι
750 4862 868 4919 «lam
921 4879 1026 4919 non
1073 4875 1263 4918 sumus
1311 4862 1363 4915 in
1413 4874 1611 4923 carne,
1666 4861 1760 4915 sed
1806 4860 1859 4916 in

287 4959 490 5028 Spiritu
514 4957 559 4989 ¹⁸
587 4975 601 5011 :
637 4957 810 5010 factus
846 4956 1008 5025 igitur
1041 4963 1125 5010 est
1156 4953 1319 5010 etiam
1360 4953 1461 5008 liae
1503 4953 1714 5028 ratione
1745 4968 1861 5008 me-

286 5052 384 5105 lior
411 5048 618 5119 angelis
646 5063 741 5117 per
765 5062 899 5116 quos
929 5047 1012 5102 lex
1042 5047 1187 5102 edita
1221 5053 1305 5101 est
1333 5061 1346 5100 :
1374 5054 1429 5100 et
1455 5059 1668 5099 rursum
1697 5061 1858 5099 ιιιιιιι·

284 5148 387 5197 «lus
428 5140 671 5211 sublege
718 5139 1115 5194 condemnatus
1136 5147 1248 5193 ‘est
1294 5147 1514 5207 propter
1549 5144 1860 5207 peceatum.

287 5231 522 5285 Advenit
571 5239 752 5283 autem
793 5225 962 5281 Filius
1001 5241 1108 5280 non
1155 5237 1212 5280 ut
1262 5227 1550 5282 damnaret
1581 5230 1861 5294 mundum,

290 5323 386 5378 sed
414 5331 471 5377 ut
497 5321 734 5378 salvaret
761 5316 1019 5374 muntium
1041 5315 1114 5384 ¹⁸,
1142 5331 1316 5386 neque
1336 5319 1656 5388 supplicium
1687 5327 1865 5372 sumat

290 5417 356 5469 «le
389 5425 635 5484 peccato,
681 5415 774 5468 sed
809 5422 866 5466 ιιι
898 5417 1247 5481 peccatorum
1282 5411 1657 5465 remissionem
1686 5411 1865 5466 omni·

294 5507 395 5564 bus
422 5505 705 5577 largiatur.
743 5504 931 5560 Melior
964 5503 1131 5574 igitur
1159 5507 1244 5554 est
1271 5500 1362 5569 qui
1387 5499 1670 5568 justificat,
1703 5517 1865 5573 quam

368 5623 410 5653 ¹⁸
438 5620 601 5676 llebr.
636 5635 730 5680 νιι,
772 5618 853 5671 19.
926 5618 968 5647 ¹⁸
1000 5617 1156 5669 Rom.
1197 5631 1248 5678 v,
1282 5616 1365 5669 14.

302 5691 368 5725 ¹⁸⁶
397 5691 530 5747 Joan
584 5706 633 5743 νι
659 5729 673 5749 ,
715 5688 801 5741 45.

302 5766 357 5826 5,
386 5764 438 5817 4.
513 5762 557 5794 ¹⁸
583 5761 709 5816 inid.
739 5758 792 5814 9.
870 5758 913 5789 “
947 5755 1100 5812 Joan.
1133 5771 1214 5823 ιιι,
1242 5754 1325 5812 17.

1437 5615 1479 5646 ⁸⁷
1512 5615 1530 5670 1
1571 5615 1696 5670 Cor.
1738 5615 1822 5677 ¹5,
1855 5615 1944 5668 22.

885 5687 927 5718 ¹⁹
968 5685 1087 5740 Gal.
1115 5699 1208 5751 ιιι,
1259 5687 1342 5741 19.
1423 5686 1486 5716 ”·
1528 5687 1632 5742 Ιειι.
1679 5701 1772 5747 ιιι,
1812 5687 1863 5739 o.
1943 5686 1988 5717 '⁹
2021 5685 2182 5741 lit-br.
2226 5703 2297 5741 vn
2324 5730 2337 5750 ,
2380 5688 2469 5744 ἐξ.
2547 5689 2589 5720 ¹¹
2626 5686 2789 5743 llelir.

1968 4582 2148 4650 δείξας
2198 4583 2294 4637 τοῦ
2343 4584 2501 4654 ἁγίου
2556 4585 2894 4656 Πνεῦματος,
2942 4585 3018 4649 ὡς
3068 4583 3326 4637 δύνασθαι
3377 4583 3565 4652 λέγειν

1968 4677 2119 4747 ἡμᾶς
2136 4692 2151 4707 ·
2169 4677 2283 4731 Οὐκ
2307 4677 2474 4749 ἐσμὲν
2501 4680 2558 4731 ὲν
2587 4679 2773 4751 σαρκὶ,
2794 4678 2911 4732 ἀλλ’
2928 4679 2987 4731 ἐν
3013 4676 3316 4747 Πνεῦματι·
3334 4677 3566 4745 γέγονεν

1969 4767 2077 4838 ἄρα
2103 4768 2198 4821 καὶ
2222 4768 2364 4822 κατὰ
2391 4767 2550 4822 τοῦτο
2580 4769 2847 4839 κρείττων
2869 4767 3138 4838 ἀγγέλων,
3163 4765 3229 4819 δι’
3246 4759 3323 4820 ὧν
3349 4768 3378 4820 6
3397 4768 3568 4836 νόμος

1968 4857 2277 4930 λελάληται·
2310 4861 2404 4914 καὶ
2442 4860 2601 4913 πάλιν
2640 4861 2669 4913 6
2700 4861 2903 4930 κόσμος
2950 4859 3055 4912 ὑπὸ
3104 4857 3203 4929 μὲν
3248 4857 3345 4910 τοῦ
3391 4858 3566 4926 νόμου

1968 4951 2321 5024 κατεκρίνετο
2351 4951 2438 5005 διὰ
2463 4953 2563 5025 τὴν
2582 4952 2879 5023 ἁμαρτίαν.
2899 4949 3243 5020 Ἐπεδὴμησε
3275 4948 3334 5001 δὲ
3355 4951 3385 5002 6
3407 4948 3568 5015 Υἱὸς,

1966 5042 2067 5114 οὐχ
2096 5043 2183 5098 ἴνα
2214 5044 2375 5116 κρίνῃ
2406 5044 2500 5098 τὸν
2530 5045 2756 5114 κόσμον,
2778 5044 2892 5098 ἁλλ’
2917 5044 3003 5095 ἵνα
3034 5040 3183 5112 σώσῃ
3211 5039 3301 5093 τὸν
3329 5039 3570 5111 κόσμον,

1965 5134 2087 5188 οὐδὲ
2135 5135 2453 5205 ἀπαιτήσων
2492 5136 2614 5190 τινὰ
2643 5136 2935 5206 τιμωρίαν,
2969 5132 3084 5186 ἁλλ’
3114 5131 3203 5184 ἴνα
3230 5133 3367 5185 πᾶσι
3398 5133 3570 5202 χαρί-

1969 5243 2152 5297 σηται.
2188 5228 2301 5298 Κρε
2309 5228 2467 5281 ίττων
2501 5225 2561 5281 03
2567 5248 2594 5280 ν
2643 5231 2672 5282 6
2712 5227 2938 5281 δικαιῶν
2981 5224 3075 5279 τοῦ
3110 5224 3564 5295 κατακρίναντος,

1970 5320 2236 5391 κρείττων
2272 5320 2367 5373 τοῦ
2400 5321 2754 5384 ἀπαιτοῦντος
2798 5323 2827 5374 6
2873 5317 3250 5390 χαριζόμενος,
3290 5318 3568 5388 κρείττων

1968 5411 2062 5464 τοῦ
2102 5413 2177 5483 μὴ
2214 5411 2532 5483 ἰσχυσαντςο
2562 5415 2886 5484 κατακρῖνια
2933 5409 3034 5481 τὴν
3081 5409 3358 5482 ἁμαρτίαν
3399 5411 3463 5464 ἐν
3494 5414 3565 5481 τῇ

1973 5503 2157 5572 σαρκὶ,
2203 5505 2231 5555 6
2276 5503 2370 5557 καὶ
2415 5504 2575 5558 τοῦτο
2621 5501 2912 5574 πληρώσας
2941 5500 3087 5566 Υίός.
3115 5501 3400 5572 Κρείττων
3449 5501 3566 5571 ἄρα

2025 5617 2092 5647 ”·
2129 5615 2271 5669 Psal.
2307 5634 2473 5678 mxxv,
2501 5619 2558 5672 2.
2640 5618 2683 5650 ¹⁸
2719 5616 2859 5670 Psal.
2888 5632 2998 5671 xvtt
3031 5655 3045 5675 .
3076 5612 3149 5672 ὃς
3178 5613 3337 5668 nom.
3383 5616 3558 5680 x.18.

2840 5702 2970 5744 vin.
3029 5686 3063 5738 i.
3134 5685 3179 5716 '¹
3222 5683 3383 5742 Rom.
3419 5701 3558 5755 vm,
