3809 6125
348 346 385 402 ,6
393 340 462 396 65

1355 338 1411 392 S.
1447 338 1629 394 (ΣΥΜ-
1660 335 1721 390 l,t
1762 331 2229 389 animandum
2264 334 2585 390 Attentssl'.

3482 309 3612 395 ἰοι

358 462 544 523 aperte
568 454 641 509 ait
674 454 839 510 Deum
868 468 985 508 esse
1012 453 1103 523 qui
1128 453 1351 507 suscitat
1378 464 1640 507 mortuos.
1676 451 1729 506 ld
1750 461 1928 505 autem
1961 454 2003 508 Α
2033 450 2297 520 ἐγείροντι
2329 449 2454 512 τοὺς
2476 447 2721 519 νεκρούς.
2757 467 2775 499 ι
2816 447 2947 502 Ἰδοὺ
2994 448 3155 503 πάλιν
3203 445 3391 501 ἐνθάδε
3422 454 3617 521 σοι’,ρῶς

357 546 605 604 Christus
630 546 782 609 facit,
805 545 1005 600 alicubi
1065 544 1282 614 quidem
1339 541 1524 602 dicens
1553 564 1566 599 :
1595 563 1615 596 ι
1652 544 1760 613 Ego
1805 558 1924 598 snm

360 639 689 695 resurrectio
713 646 769 694 et
805 638 910 693 vita
942 637 1025 703 ⁸⁷3
1059 656 1077 689 ι
1104 636 1298 691 alicubi
1346 651 1473 692 vero
1506 655 1519 691 :
1554 654 1572 687 ι
1608 635 1710 703 Qui
1750 633 1921 691 credit

359 727 413 781 in
437 742 544 793 ιιιε,
575 728 740 782 habet
760 727 922 782 vitam
950 737 1235 791 aeternam,
1271 735 1325 781 et
1369 741 1468 796 ego
1495 726 1764 781 suscitabo
1801 740 1925 781 enm

357 816 412 872 ἰιι
439 819 729 873 novissimo
759 818 844 872 die
865 817 933 871 ⁸⁸.
964 836 982 869 »
1021 816 1190 871 Filius
1218 818 1400 885 itaque
1424 825 1511 871 est
1540 825 1728 869 natura
1761 813 1923 879 Deus,

359 906 557 976 quippe
580 907 668 975 qui
702 922 765 961 ea
792 906 1024 961 faciendi
1074 915 1399 975 potestatem
1449 905 1612 960 babet
1654 920 1772 975 quae
1825 904 1925 959 soli

360 996 470 1052 Deo
517 997 786 1051 convenit.
845 994 961 1052 Nun
1040 1006 1123 1051 est
1190 1010 1319 1067 ergo
1395 1006 1640 1053 creatura
1671 1037 1687 1064 ,
1756 1011 1927 1067 neque

358 1102 510 1157 opus.

1022 1200 1179 1257 AtAt)
1194 1199 1254 1254 1).

326 1347 331 1352 -
431 1335 450 1369 ι
480 1314 701 1380 Fidelis,
731 1315 923 1384 inquit,
979 1313 1142 1379 Deus,
1204 1316 1331 1385 qnia
1381 1329 1561 1369 sermo
1623 1324 1808 1369 noster
1856 1316 1925 1369 ad

354 1423 452 1462 νοε
483 1423 589 1463 ιιοιι
611 1416 712 1471 εει,
737 1408 810 1461 ita
832 1416 887 1462 et
910 1422 1037 1461 non.
1071 1408 1163 1462 Dei
1201 1409 1343 1461 enim
1394 1407 1566 1462 Filius
1587 1406 1744 1464 «lesus
1766 1407 1927 1462 Chri-

357 1505 474 1548 stus
517 1492 607 1563 qni
638 1507 733 1561 per
762 1508 860 1548 nos
925 1493 976 1547 in
1036 1494 1185 1549 vobis
1223 1494 1546 1563 praedicatus
1573 1507 1674 1562 est,
1708 1512 1811 1566 per
1840 1510 1927 1551 me

355 1593 411 1641 et
440 1584 718 1639 Silvanum
755 1593 808 1638 et
832 1585 1176 1640 'l'inmtlteum
1205 1602 1308 1641 non
1345 1596 1448 1655 εει,
1478 1588 1548 1642 ita
1575 1598 1629 1643 et
1655 1605 1758 1644 non
1792 1606 1805 1642 ε
1832 1590 1925 1644 sed

357 1676 431 1729 ita
461 1674 514 1729 in
543 1674 661 1743 ipso
686 1684 771 1730 est
793 1675 858 1730 ⁸⁸.
890 1693 907 1727 ι
933 1675 1205 1742 Quoniam
1237 1692 1367 1747 ergo
1399 1678 1728 1748 praedicatur
1752 1691 1809 1732 ιιι
1834 1678 1925 1733 Fi-

2026 540 2157 597 Θεὸν
2189 536 2329 596 εἶναί
2356 557 2487 611 φησι
2519 540 2609 592 τὸν
2661 540 2943 612 ἐγείροντα
2984 542 3108 603 τοὺς
3157 540 3408 605 νεκρούς.
3440 542 3626 599 Τοῦτο

2026 634 2083 687 δὲ
2133 634 2366 705 Χριστὸς
2435 631 2751 704 ἐργάζεται.
2783 634 2997 702 λέγων,
3035 632 3167 684 ποτέ
3234 632 3366 702 μέν·
3404 651 3425 686 ι
3471 635 3620 706 Ἐγώ

2027 727 2144 798 είμι
2176 728 2209 797 η
2240 727 2538 790 ἀνάστασις
2572 727 2667 780 καὶ
2690 728 2725 797 ὴ
2760 722 2896 796 ζωή·
2937 742 2956 777 ι
2990 724 3121 777 ποτὲ
3152 723 3209 777 δέ
3240 725 3403 780 πάλιν
3423 743 3439 757 ·
3488 745 3509 780 ι
3556 728 3619 783 Ὅ

2027 816 2301 870 πιστεύων
2330 815 2673 886 είςέμὲ,ἔχε·.
2705 814 2849 885 ζωὴν
2879 812 3120 879 αἰώνιον,
3144 815 3300 883 κάγὼ
3318 818 3620 889 ἀναστήσω

2024 908 2187 962 αὐτὸν
2218 909 2277 961 ἐν
2301 910 2369 978 τῇ
2416 906 2623 980 ἐσχάτῃ
2669 905 2874 980 ἡμέρᾳ.
2912 924 2930 959 ι
2984 905 3118 969 Θεὸς
3166 902 3259 961 οὖν
3306 908 3419 981 ἄρα
3470 911 3620 964 κατὰ

2029 996 2191 1067 φύσιν
2222 998 2252 1049 ὀ
2284 996 2436 1061 Υίὸς,
2462 997 2706 1067 ἐνεργεῖν
2747 994 3067 1065 δυνάμενος,
3110 994 3146 1049 δι
3198 995 3346 1068 μόνῳ
3410 997 3618 1069 πρέπει

2027 1088 2169 1160 Θεῷ.
2204 1086 2413 1143 Οὐκοῦν
2439 1087 2503 1143 οὐ
2541 1088 2776 1158 ποίημα,
2815 1085 2937 1138 οὐδὲ
2972 1086 3222 1157 γενητὸς.

2708 1202 2917 1255 ΑΛΛθ.

2105 1332 2124 1367 ι
2171 1314 2370 1379 Πιστὸς
2400 1312 2456 1368 δέ
2493 1314 2521 1365 ὸ
2545 1313 2698 1378 Θεὸς,
2723 1312 2803 1367 ὅτι
2821 1314 2850 1366 ὸ
2877 1310 3034 1381 λόγος
3068 1311 3221 1384 ἡμῶν
3244 1315 3273 1367 ὁ
3303 1312 3443 1388 πρὸς
3468 1316 3616 1388 ὑμᾶς

2026 1406 2127 1458 οὐκ
2148 1404 2285 1469 ἐστι,
2315 1403 2405 1458 ναὶ
2437 1404 2532 1458 καὶ
2557 1402 2638 1457 οὗ.
2688 1402 2746 1456 ‘0
2769 1402 2864 1457 τοῦ
2906 1402 3040 1457 Θεοῦ
3076 1403 3184 1476 γὰρ
3215 1402 3344 1469 Υἱὸς
3376 1403 3616 1479 Χριστὸς

2041 1496 2267 1569 Ἰησοῦς,
2298 1497 2327 1551 ὀ
2355 1497 2411 1552 ἐν
2450 1496 2579 1567 ὑμῖν
2611 1495 2678 1549 δι’
2701 1494 2859 1567 ἡμῶν
2903 1493 3217 1566 κηρυχθεὶς,
3251 1495 3319 1548 δι’
3353 1498 3494 1568 ἐμοῦ
3522 1500 3615 1552 καὶ

2028 1587 2317 1641 Σιλουανοῦ
2358 1587 2454 1641 καί
2510 1584 2798 1655 Τιμοθέου,
2849 1585 2950 1638 οὐκ
2996 1583 3235 1652 ἐγένετο,
3278 1585 3368 1639 ναὶ
3396 1588 3495 1641 καὶ
3529 1585 3610 1640 οὗ·

2028 1678 2167 1734 ἀλλὰ
2190 1680 2280 1734 ναὶ
2305 1679 2362 1732 ἐν
2402 1677 2552 1748 αὐτῷ
2584 1678 2829 1747 γέγονεν.
2871 1696 2892 1731 ι
2926 1676 3095 1729 Ὅταν
3149 1671 3241 1730 οῦν
3270 1677 3612 1751 κηρύττηται

357 1763 462 1819 lius
514 1778 542 1816 a
593 1763 753 1819 Patre
825 1766 1038 1821 dicente
1082 1767 1148 1821 de
1201 1767 1352 1837 ipso:
1398 1787 1416 1820 ι
1481 1767 1578 1824 llic
1619 1780 1703 1825 est
1756 1769 1926 1823 Filius
1956 1799 2000 1855 B
2032 1770 2136 1841 μὲν
2163 1771 2239 1835 ὡς
2262 1768 2410 1835 Υἱὸς,
2451 1770 2546 1823 τοῦ
2576 1768 2789 1838 Πατρός
2817 1767 3068 1837 λέγοντος
3089 1766 3219 1841 περὶ
3246 1769 3441 1822 αὐτοῦ·
3472 1764 3616 1823 ‹ofi-

358 1870 506 1911 nteus
535 1856 625 1909 ⁸⁸:
667 1876 688 1910 ι
730 1867 787 1911 ει
826 1872 1061 1911 rursus:
1102 1876 1121 1910 ι
1161 1858 1242 1913 Ex
1291 1868 1444 1915 utero
1490 1868 1614 1915 ante
1644 1858 1925 1915 luciterum
2027 1862 2118 1927 τός
2152 1863 2299 1916 ἐστιν
2329 1861 2360 1915 ὁ
2414 1861 2545 1924 Υίός
2595 1876 2720 1930 μου·
2747 1878 2766 1911 ι
2817 1858 2913 1913 καὶ
2956 1858 3135 1912 πάλιν·
3172 1876 3191 1911 ι
3244 1859 3341 1913 Ἐκ
3370 1862 3615 1931 γαστρὸς

354 1945 512 2017 genui
533 1945 639 2001 ιεοι
664 1964 679 2013 ;
714 1963 731 1997 ι
763 1960 898 2015 opus
922 1961 1050 2001 vero
1066 1956 1121 2002 et
1139 1957 1389 2002 creatura
1417 1962 1445 2001 a
1467 1948 1738 2003 nonnullis
1763 1964 1927 2003 voca·

2029 1950 2137 2024 πρὸ
2175 1950 2455 2023 ἑωσφόρον
2485 1948 2752 2021 ἐγέννησά
2781 1965 2861 2001 σε·
2895 1966 2914 1999 ι
2954 1947 3165 2019 ποίημα
3186 1948 3243 2002 δὲ
3273 1949 3370 2004 καὶ
3401 1951 3612 2021 κτίσμα

357 2051 466 2105 tur,
495 2039 765 2108 quomodo
790 2054 897 2094 non
924 2040 1051 2105 erit,
1082 2040 1155 2095 ita
1184 2049 1240 2095 ct
1271 2041 1421 2095 non?
1449 2040 1632 2111 Neque
1656 2040 1931 2096 enituerit
2028 2044 2180 2116 παρά
2201 2059 2364 2097 τινων
2404 2041 2749 2112 ὀνομάζεται·
2787 2039 2904 2105 πῶς
2943 2040 3045 2094 οὐκ
3093 2039 3235 2107 ἔστι,
3275 2041 3363 2097 ναὶ
3389 2042 3484 2097 καὶ
3503 2042 3604 2108 οῦς

355 2141 631 2195 creatura,
654 2130 796 2201 quod
825 2144 891 2186 ex
921 2140 1113 2185 natura
1138 2133 1376 2203 genitum
1406 2143 1490 2188 est
1515 2148 1530 2185 ι
1573 2147 1749 2203 neque
1787 2147 1924 2188 con-

358 2231 439 2276 tra
475 2222 580 2277 erit
603 2220 919 2275 naturaliter
944 2222 1355 2291 genitum‚qnod
1386 2233 1629 2278 creatum
1649 2234 1752 2279 εει.
1788 2224 1921 2279 Cum

354 2326 482 2367 vero
510 2312 758 2367 Clu-istus
788 2312 858 2367 sit
882 2312 1106 2379 νεῐίιοε,
1144 2327 1197 2368 ει
1227 2312 1427 2369 sactum
1460 2324 1544 2370 est
1577 2316 1628 2369 in
1659 2315 1777 2385 ipso
1823 2313 1921 2380 ita,

353 2410 414 2457 ut
454 2403 528 2458 ait
561 2401 780 2467 PauluS,
809 2401 979 2458 Filius
1006 2403 1295 2469 exsistens,
1332 2415 1494 2475 atque
1552 2405 1630 2461 ita
1648 2405 1922 2477 ‚ptaedica-

355 2505 464 2561 tus,
493 2509 629 2564 opus
658 2502 808 2552 certe
838 2493 952 2548 sive
977 2503 1223 2549 creatura
1255 2510 1359 2550 non
1392 2498 1514 2552 erit.

1013 2604 1251 2661 Amul).

431 2736 453 2773 ι
483 2718 690 2785 Gratia,
721 2720 916 2791 inquit,
942 2720 1074 2786 Deo,
1101 2722 1192 2791 qni
1220 2736 1435 2795 semper
1491 2724 1789 2795 triumphat
1820 2740 1921 2781 nos

2027 2133 2102 2187 Οὐ
2140 2132 2250 2205 γὰρ
2272 2132 2337 2187 ἂν
2374 2132 2461 2204 εἴη
2490 2132 2697 2202 κτίσμα
2728 2131 2790 2185 τὸ
2816 2130 2975 2201 φύσει
3010 2129 3363 2202 γεννώμενον·
3381 2131 3493 2185 οὐδ’
3530 2132 3601 2187 ἂν

2026 2226 2235 2296 γένοιτο
2276 2225 2439 2295 φύσει
2486 2224 2675 2279 τέκνον
2718 2223 2778 2279 τὸ
2831 2221 3220 2295 πεποιημένον.
3277 2222 3494 2295 Ἐπειδὴ
3537 2224 3598 2278 δέ

2022 2318 2254 2390 ἀλήθειά
2279 2319 2424 2371 ἐστιν
2452 2318 2481 2370 ὸ
2532 2314 2787 2387 Χριστὸς,
2827 2315 2920 2369 καὶ
2973 2314 3197 2383 γέγονεν
3251 2314 3313 2370 ἐν
3344 2314 3496 2386 αὐτῷ
3543 2315 3609 2368 τὸ

2024 2412 2144 2476 ναὶ,
2187 2410 2331 2465 καθά
2351 2426 2514 2481 φησιν
2552 2411 2581 2463 ὁ
2607 2407 2840 2470 Παῦλος,
2871 2406 3002 2471 Υἱὸς
3030 2407 3310 2478 ὑπάρχων,
3337 2407 3435 2462 καὶ
3464 2404 3611 2461 οὕτω

2019 2502 2463 2573 κηρυττόμενος,
2511 2501 2612 2554 οὐκ
2652 2500 2719 2554 ἂν
2743 2499 2830 2569 εἴη
2857 2498 3064 2570 κτίσμα
3089 2499 3124 2571 ἦ
3156 2497 3395 2570 ποίημα.

2711 2612 2917 2668 ΔΑΛΟ.

2101 2746 2120 2780 ι
2157 2725 2246 2798 Τῷ
2280 2725 2336 2779 δὲ
2384 2723 2509 2795 Θεῷ
2548 2724 2727 2794 χάρις,
2756 2725 2910 2795 φησὶ,
2935 2723 3013 2795 τῷ
3068 2723 3287 2789 πάντως
3319 2741 3381 2779 τε
3409 2724 3611 2799 θριαμ-

350 2810 407 2865 in
432 2808 647 2865 Christo
667 2809 820 2877 lesu,
851 2821 904 2867 ει
936 2814 1156 2868 odorem
1203 2812 1424 2883 institioe
1474 2829 1585 2870 snae
1613 2816 1925 2872 manifestat
2018 2817 2236 2874 ’δεύοντι
2261 2817 2408 2890 ἡμᾶς
2432 2821 2488 2871 ὲν
2510 2815 2588 2886 τῷ
2617 2814 2856 2885 Χριστῷ,
2904 2817 2997 2869 καὶ
3023 2814 3121 2886 τὴν
3153 2814 3330 2886 ὀσμὴν
3354 2815 3457 2887 τῆς
3478 2815 3610 2886 γνὼ-

351 2915 450 2972 per
476 2916 581 2956 nos
606 2902 658 2957 in
690 2904 837 2957 omni
871 2904 992 2960 loco
1030 2920 1043 2957 ι
1085 2904 1210 2974 quia
1237 2904 1439 2961 Christi
1473 2908 1607 2962 odor
1641 2924 1828 2965 sumus
1866 2911 1920 2965 in
2023 2923 2163 2971 σεως
2193 2905 2357 2961 αὐτοῦ
2387 2904 2733 2976 φανεροῦντι.
2759 2904 2825 2957 δι’
2860 2904 3017 2975 ἡμῶν
3045 2906 3103 2958 ἐν
3126 2904 3289 2958 παντὶ
3326 2905 3609 2979 τόπῳ,ὅτι

348 2993 464 3047 Deo
487 2992 623 3048 iniis
644 2993 734 3063 qui
759 2993 1060 3061 salvantur,
1093 2995 1224 3051 etin
1247 2995 1314 3051 iis
1339 2997 1432 3067 qui
1460 3008 1690 3067 pereunt
1715 2998 1783 3052 ⁶.
1815 3017 1835 3052 ι
1862 3000 1919 3055 Si
2019 2995 2258 3070 Χριστοῦ
2297 2993 2491 3050 εὐωδία
2532 2993 2699 3066 ἐσμὲν
2731 2994 2808 3066 τῷ
2852 2992 2971 3065 Θεῷ
3011 2995 3070 3046 ἐν
3117 2996 3232 3058 τοῖς
3272 2991 3608 3068 σωζομένοις

347 3097 476 3155 ergo
498 3099 594 3154 per
619 3093 841 3140 sanctes
863 3088 1135 3154 apostolos
1161 3090 1300 3144 Deus
1321 3100 1377 3144 et
1406 3089 1570 3145 Pater
1601 3092 1763 3147 nobis
1805 3107 1921 3145 ma·
1948 3122 1993 3182 c
2022 3088 2119 3143 καὶ
2140 3089 2199 3142 ἐν
2226 3090 2337 3153 τοῖς
2373 3086 2785 3158 ἀπολλυμένοις.
2809 3103 2826 3137 ι
2859 3086 3067 3140 Οὐκοῦν
3089 3087 3138 3139 εἰ
3171 3084 3262 3140 διὰ
3283 3084 3396 3141 τῶν
3429 3087 3609 3157 ὰγῖων

346 3174 566 3231 nil'estat
590 3176 809 3232 odorem
838 3178 1167 3247 cognitionis
1197 3179 1420 3246 Christi,
1449 3180 1549 3235 ltoc
1576 3190 1681 3249 est,
1715 3195 1921 3236 sermo·
2021 3179 2337 3233 ἀποστόλων
2366 3177 2610 3248 φανερὰν
2656 3176 2736 3249 τῷ
2795 3177 2988 3249 κόσμῳ
3036 3177 3363 3250 καθίστησιν
3390 3179 3425 3232 ό
3471 3177 3608 3246 Θεὸς

343 3278 471 3321 nem
497 3265 563 3321 de
589 3267 895 3335 cognitione
922 3269 1113 3338 ipsius,
1135 3285 1291 3340 quem
1316 3270 1405 3340 qui
1434 3281 1781 3341 acceperunt,
1811 3287 1917 3328 non

346 3359 578 3429 amplius
601 3358 986 3432 274ειισιιι,
1019 3375 1194 3430 neque
1225 3361 1404 3432 impiis
1436 3371 1488 3417 et
1512 3377 1660 3432 spem
1689 3379 1793 3419 non
1818 3366 1915 3419 lta-

345 3453 598 3508 bentibus
623 3455 1146 3517 annumerabuntur,
1176 3454 1272 3510 sed
1303 3465 1672 3525 cognoverunt
1697 3457 1916 3525 quidem

348 3544 536 3609 Deum,
570 3556 630 3600 ut
652 3546 822 3616 inquit
851 3544 1053 3601 Paulus
1076 3545 1146 3612 ⁶⁸,
1179 3546 1263 3602 vel
1285 3548 1476 3616 potius
1514 3550 1714 3619 cogniti
1739 3559 1913 3604 sunta

347 3636 474 3692 Deo.
510 3637 759 3713 Christus
783 3637 966 3705 itaque
996 3653 1064 3693 ex
1101 3652 1196 3692 sua
1252 3648 1443 3693 natura
1479 3649 1563 3696 εει
1609 3639 1773 3706 Deus,
1823 3644 1913 3711 qni

341 3737 530 3805 gentes
552 3743 585 3785 a
611 3727 754 3784 cultu
789 3727 1049 3784 salsorum
1077 3729 1299 3786 deorum
1317 3732 1563 3800 abduxit,
1602 3742 1763 3802 atque
1810 3734 1914 3790 liae

341 3824 552 3880 ratione
567 3825 636 3883 ab
664 3825 796 3894 ipsis
814 3815 1062 3894 cognitus
1087 3832 1167 3879 est
1198 3844 1211 3878 ι
1240 3833 1293 3879 ει
1323 3824 1560 3880 vicissim
1591 3840 1683 3881 eas
1713 3841 1912 3897 cogno-

342 3914 439 3978 vit.
467 3930 561 3986 per
588 3915 744 3971 fidem
780 3917 831 3970 in
861 3919 1054 3986 ipsum.
1081 3917 1180 3983 Qui
1214 3925 1392 3974 autem
1426 3933 1611 3975 revera
1639 3930 1722 3977 est
1741 3920 1904 3986 Deus„

340 4008 610 4075 quomodo
631 4009 699 4063 sit
724 4021 857 4076 opus
885 4007 967 4062 vel
988 4009 1274 4064 creatura?

999 4290 1160 4347 ALlU
1173 4292 1231 4351 D.

409 4425 431 4458 ι
458 4403 573 4461 Νοιι
597 4404 740 4460 enim
765 4421 972 4474 surinus,
1001 4407 1196 4478 inquit,
1235 4416 1292 4463 ut
1318 4409 1468 4466 multi
1537 4412 1900 4472 adulterantes
1938 4447 1984 4504 D

2022 3270 2117 3325 καὶ
2146 3270 2338 3340 Πατὴρ
2373 3270 2469 3341 τὴν
2521 3269 2696 3344 ὀσμὴν
2732 3269 2835 3340 τῆς
2880 3269 3135 3339 γνώσεως
3172 3270 3268 3323 τοῦ
3318 3270 3604 3343 Χριστοῦ,

2017 3361 2287 3425 τουτέστι,
2314 3361 2405 3416 τὸν
2432 3379 2498 3415 πε
2510 3363 2560 3431 ρ).
2588 3363 2690 3433 τῆς
2711 3361 3061 3429 ἐπιγνώσεως
3117 3362 3281 3415 αὐτοῦ
3312 3361 3475 3431 λόγον
3493 3379 3508 3396 ·
3553 3364 3606 3421 οἱ

2016 3452 2073 3506 δέ
2099 3451 2286 3506 τοῦτον
2315 3451 2570 3515 λαθὸντες
2594 3452 2693 3503 οὐκ
2723 3449 2804 3502 ἔτι
2853 3450 3188 3518 πλανῶνται,
3238 3450 3364 3509 οὔτε
3393 3452 3505 3527 μὴν
3543 3455 3606 3513 12

2015 3526 2140 3609 *toi-‘f
2149 3545 2330 3608 ἀθέοις
2355 3545 2449 3598 καὶ
2476 3543 2664 3596 ἐλπίδα
2720 3543 2794 3613 μὴ
2833 3543 3014 3612 ἔχουσι
3048 3544 3562 3617 καταταχθὴσοπαι
3582 3587 3602 3614 ,

2014 3638 2130 3694 ἀλλ’
2161 3638 2411 3708 ἔγνωσαν
2446 3639 2542 3707 μὲν
2570 3635 2659 3690 τὸν
2692 3636 2844 3702 Θεὸν,
2877 3631 3095 3711 ᾗφησιν
3124 3638 3151 3688 ὁ
3198 3639 3435 3707 Παῦλος,
3457 3640 3599 3710 μᾶλ-

2012 3728 2104 3782 λον
2124 3727 2184 3782 δέ
2212 3727 2564 3799 ἐγνώσθησαν
2588 3727 2692 3781 ὑπὸ
2715 3729 2871 3781 Θεοῦ·
2893 3726 3023 3790 Θεὸς
3046 3728 3154 3797 ἄρα
3175 3729 3316 3782 κατὰ
3332 3730 3600 3800 ἀλήθειαν

2010 3819 2040 3871 ὸ
2072 3819 2330 3892 Χριστὸς,
2360 3820 2389 3874 ὁ
2440 3819 2547 3874 τῶν
2575 3818 2941 3890 ψευδωνύμων
2973 3819 3111 3873 θεῶν
3156 3820 3477 3892 ἀποστήσας
3525 3824 3600 3877 τὰ

2011 3910 2160 3983 ἔθνη,
2193 3912 2288 3965 καὶ
2319 3911 2583 3981 γνωσθεὶς
2610 3911 2708 3981 μὲν
2749 3911 2934 3974 αὐτοῖς
2968 3911 3107 3963 κατὰ
3127 3909 3311 3976 τοῦτο,
3335 3911 3594 3982 ἐπιγνοὺς

2008 4002 2252 4057 δὲπάλιν
2280 4003 2420 4056 αὐτὰ
2467 4000 2555 4054 διὰ
2616 4001 2716 4071 τῆς
2775 4002 2854 4065 εἰς
2911 4002 3103 4054 ἑαυτὸν
3152 4000 3413 4067 πίστεως.
3445 4001 3586 4057 Ὅδδ

2009 4092 2226 4165 ἀληθῶς
2276 4092 2539 4163 ὑπάρχων
2591 4089 2745 4156 Θεὸς,
2819 4093 2934 4154 πῶς
2993 4092 3058 4144 ἂν
3130 4092 3215 4160 εἴη
3274 4092 3485 4163 κτίσμα
3551 4091 3589 4164 ἢ

2007 4185 2248 4258 ποίημα;

2691 4294 2895 4348 ΑΛΛΟ.

2090 4431 2107 4463 ι
2142 4411 2217 4465 Οὐ
2261 4408 2370 4480 γάρ
2416 4409 2585 4478 ἐσμεν
2610 4406 2689 4470 ὡς
2722 4408 2771 4459 οἱ
2827 4405 3011 4458 πολλοὶ
3058 4403 3457 4474 καπηλεύοντες
3494 4406 3592 4460 τὸν

334 4511 636 4555 sermonem
665 4496 759 4554 Dei
798 4497 882 4552 ⁶⁸2
918 4518 939 4552 ι
967 4497 1024 4554 Si
1058 4514 1187 4573 crgo
1212 4501 1579 4572 apostolorum
1608 4520 1788 4563 sermo
1817 4521 1903 4564 est
2010 4503 2164 4573 λόγον
2192 4500 2287 4554 τοῦ
2313 4499 2468 4554 Θεοῦ·
2508 4519 2527 4552 ⁸
2571 4496 2777 4554 Οὐκοῦν
2799 4499 2849 4551 et
2877 4498 2984 4550 τῶν
3014 4496 3181 4565 ἁγίων
3210 4495 3528 4550 ἀποστόλων
3559 4498 3591 4550 ὁ

332 4589 644 4658 praedicatio
673 4590 738 4645 de
775 4590 1086 4658 servatore,
1107 4594 1248 4650 Deus
1274 4595 1438 4666 igitur
1460 4605 1544 4653 est
1570 4596 1760 4665 Filius,
1806 4616 1900 4656 cn·

326 4680 414 4747 jans
435 4695 742 4736 sermonem
766 4697 873 4737 non
911 4683 1222 4741 adulterant
1256 4687 1347 4755 qui
1393 4688 1467 4742 ita
1498 4691 1815 4758 praedicant,
1842 4701 1895 4749 et

331 4783 637 4827 creaturam
667 4773 782 4829 sive
809 4790 945 4844 opus
981 4791 1102 4831 csse
1135 4786 1351 4847 negant.
1407 4775 1668 4834 Sincerus
1714 4781 1897 4850 itaque

329 4877 394 4918 ac
423 4877 589 4932 purus
614 4870 698 4918 est
738 4863 803 4918 de
831 4865 1058 4921 veritate
1097 4882 1297 4933 sermo,
1331 4865 1483 4924 falsis
1518 4868 1894 4925 haereticorum

327 4955 669 5026 opinionibus
700 4969 1039 5026 nequaquam
1073 4961 1428 5014 adulteratus.

327 5147 556 5217 Auno,
588 5151 642 5203 ιἰι
671 5148 825 5211 illud,
866 5167 885 5201 ι
916 5147 1099 5204 Gratia
1135 5152 1261 5216 Deo.
1304 5157 1395 5225 qui
1456 5173 1656 5226 semper
1710 5162 1900 5214 trium-

395 5228 517 5286 phat
539 5237 630 5273 ιιοι
652 5220 707 5272 in
728 5218 966 5285 Christo,
990 5230 1036 5274 et
1065 5222 1506 5294 odoremjustitioe
1564 5244 1673 5284 stroe
1722 5232 1892 5285 mani-

394 5291 549 5355 [estat
581 5307 674 5358 per
704 5306 818 5344 ιιοε.
843 5308 863 5341 ι
898 5311 906 5319 ·

393 5396 493 5464 Qui
523 5414 618 5466 per
638 5401 984 5468 apostolicam
999 5409 1051 5455 et
1076 5404 1439 5474 evangelicam
1457 5408 1888 5474 pradicationem

329 5485 702 5541 manifestatus
721 5498 825 5552 est,
851 5490 1098 5557 quisnam
1129 5492 1267 5546 alius
1291 5492 1361 5546 sit
1388 5508 1548 5562 quam
1598 5496 1889 5554 Christus?

392 5664 436 5698 ⁸’
472 5662 631 5718 duan.
669 5679 746 5730 τι,
771 5661 862 5717 25.
937 5665 983 5697 ⁸⁸
1009 5665 1163 5722 Joan.
1198 5682 1274 5728 vt,
1299 5667 1389 5720 ko.
1466 5669 1513 5701 ⁸⁹
1544 5670 1739 5732 neor.
1774 5691 1812 5742 ι,
1844 5678 1927 5746 18,
1969 5679 2056 5736 to.

324 5752 382 5804 ιι,
422 5733 504 5802 li,
543 5733 625 5788 15.
699 5734 744 5764 ⁸³
782 5731 915 5788 thid.
956 5735 1040 5790 17.
1113 5737 1178 5768 ‘³‘
1209 5735 1384 5793 Galat.
1420 5755 1493 5805 tv,
1527 5740 1578 5795 9.
1606 5750 1624 5758 ·

2007 4595 2161 4664 λόγος
2190 4594 2250 4647 τὸ
2278 4590 2520 4663 περὶτοῦ
2546 4591 2798 4661 Συτῆρὸς
2841 4593 2956 4643 ἐστι
2998 4590 3277 4658 κήρυγμα,
3311 4585 3447 4651 Θεὸς
3474 4588 3585 4659 ἄρα

2000 4687 2149 4741 ἐστὶν
2178 4688 2206 4739 ὸ
2245 4686 2392 4750 Υἱὸς,
2439 4680 2500 4739 οῦ
2524 4685 2615 4737 τὸν
2643 4682 2799 4751 λόγον
2828 4683 2886 4735 οὺ
2923 4679 3317 4751 καπηλεύουσιν
3350 4680 3402 4731 oi
3437 4678 3584 4733 οὕτω

2001 4776 2391 4849 κηρύττοντες,
2437 4775 2532 4828 καὶ
2584 4773 2797 4842 ποίημα
2848 4772 3025 4840 λέγειν
3076 4768 3239 4824 αὐτὸν
3287 4768 3321 4838 ἢ
3370 4770 3585 4840 κτίσμα

2002 4868 2444 4939 παραιτούμενοι.
2507 4867 2776 4934 ’Ἄκρατος
2825 4860 2917 4919 οῦν
2968 4863 3157 4933 ὥσπερ
3202 4861 3350 4916 ἐστὶν
3390 4863 3421 4914 ὸ
3453 4861 3585 4933 περὶ

1999 4961 2095 5032 τῆς
2129 4958 2386 5030 ἀληθείας
2412 4956 2591 5024 λόγος,
2623 4953 2723 5019 τὰς
2751 4954 3114 5026 ὑδαρεστέρας
3146 4952 3253 5005 τῶν
3282 4951 3582 5026 αἰρετικῶν

1999 5051 2339 5120 ψευδοδοξίας
2363 5050 2463 5102 οὐκ
2491 5047 2651 5119 ἔχων.

2000 5166 2204 5226 ΑΑΛυ,
2243 5166 2331 5229 εἷς
2364 5163 2451 5228 τὸ,
2506 5181 2525 5213 ι
2566 5162 2657 5228 Τῷ
2696 5162 2765 5215 δὲ
2818 5160 2940 5226 Θεῷ
2974 5161 3147 5228 χάρις
3197 5158 3279 5226 τῷ
3313 5159 3581 5215 πάντοτε

2069 5235 2476 5303 optume-doru
2499 5232 2657 5301 ’ἡμᾶς
2670 5233 2740 5285 ἐν
2759 5231 2836 5296 τῷ
2851 5230 3101 5298 Χριστῷ,
3124 5230 3217 5283 καὶ
3245 5229 3362 5299 τὴν
3373 5231 3586 5300 ὀσμὴν

2069 5302 2178 5370 τῆς
2211 5303 2489 5371 γνώσεως
2514 5301 2700 5379 αὑτοῦ
2721 5299 3080 5391 φανερχοῦντι
3105 5299 3181 5354 δι’
3222 5299 3414 5369 ἡμῶν.
3460 5319 3479 5352 ι

2079 5415 2135 5466 ’0
2160 5429 2293 5482 φανε
2304 5411 2558 5483 ρούμενος
2577 5413 2663 5466 διά
2683 5429 2741 5465 τε
2764 5411 2870 5465 τῶν
2895 5408 3270 5465 &atos-,ozanam
3294 5411 3391 5464 καὶ
3410 5412 3582 5479 εὐαγ-

1997 5505 2227 5574 γελικῶν
2248 5505 2636 5576 κηρυγμάτων,
2684 5503 2766 5566 τίς
2821 5501 2886 5556 ἂν
2923 5502 3109 5573 ἕτερος
3142 5503 3227 5571 εἴη
3254 5503 3406 5572 παρὰ
3441 5503 3582 5573 Χρι·

2166 5681 2212 5713 ⁸·
2242 5678 2430 5734 Mattlt.
2467 5693 2548 5747 ιιι,
2576 5677 2665 5733 18.
2743 5678 2785 5710 “
2811 5675 2954 5734 Psat.
2984 5690 3097 5745 ctx,
3131 5675 3185 5733 ὅ.
3265 5675 3310 5707 ⁸⁸
3335 5671 3535 5732 llCor.
