3809 6125
264 271 401 372 ioan.

1260 311 1319 366 S.
1361 308 1640 365 eratum
1679 295 2151 364 ,ammanium
2191 306 2506 363 Anctnsst‘.

3428 294 3568 353 1080

267 435 415 485 nium
458 430 618 487 veluti
645 430 938 502 quoddam,
977 431 1243 502 inquient,
1280 428 1544 485 cessaturi
1575 426 1692 497 ejus
1738 428 1839 481 im-
1872 437 1915 494 Α
1946 428 2302 497 καταργεῖται
2344 426 2372 478 ό
2405 426 2651 488 θάνατος.
2689 441 2705 475 ι
2766 419 2896 475 Ἰδοὺ
2929 416 3057 489 γὰρ,
3094 414 3236 478 ἰδοὺ,
3273 414 3449 482 φαῖεν
3483 411 3568 480 ἀν,

267 525 421 595 perii,
452 540 572 579 cnm
625 525 963 595 principatus
1012 526 1203 579 inanes
1265 522 1471 578 suerint
1526 519 1745 582 redditi,
1791 528 1845 573 et

269 631 412 670 alors
461 627 731 685 prosu-ata
767 632 781 670 ι
813 625 941 673 tunc
998 616 1144 671 enim
1208 609 1494 685 imperium
1530 612 1705 669 tradet
1745 610 1844 667 soli

265 703 374 759 Deo
404 722 464 759 nc
490 706 651 761 l‘atri.

336 886 401 940 Δ.
430 887 614 958 Apage
631 902 756 943 cum
782 886 909 943 anili
975 894 1031 943 et
1073 885 1299 942 ridicula
1337 884 1439 940 ista
1484 880 1841 955 cogitatione!

266 978 367 1047 Qui
396 979 540 1034 enim
575 979 692 1035 baec
713 978 883 1036 sentit
914 993 979 1037 ae
998 977 1260 1050 loquitur,
1287 976 1510 1048 reliquit
1537 976 1651 1030 vias
1677 976 1849 1030 vineae

266 1086 402 1137 snae,
424 1079 479 1126 et
504 1072 716 1127 erravit
742 1086 840 1143 per
882 1071 1109 1130 semitas
1155 1071 1271 1142 agri
1295 1070 1413 1137 sui;
1449 1068 1694 1140 graditur
1719 1060 1849 1120 τίετο

267 1176 365 1231 per
393 1162 744 1218 solitudinem
767 1163 922 1233 aquis
955 1177 1205 1230 vacuam,
1236 1173 1292 1218 et
1323 1171 1527 1217 terram
1555 1159 1610 1213 in
1657 1157 1848 1213 siticu-

266 1254 396 1309 losis
420 1253 553 1310 loeis
573 1254 826 1325 positam,
865 1254 1312 1311 manibusautem
1337 1251 1681 1309 sterilitatem
1718 1263 1849 1305 con-

265 1355 476 1416 gregat,
505 1356 564 1403 ut
589 1348 850 1418 scriptum
882 1355 965 1404 est
987 1346 1056 1403 ⁸¹.
1083 1345 1197 1403 Non
1223 1347 1370 1402 enim
1400 1344 1551 1416 regni
1575 1341 1762 1398 titulos
1796 1350 1852 1396 et

267 1436 555 1506 imperium
589 1438 642 1493 in
665 1449 860 1494 cuncta
892 1438 1256 1508 ⁴perditurum
1311 1436 1604 1505 aliquando
1648 1430 1848 1489 Filium

267 1527 481 1583 divinus
512 1528 667 1584 nobis
720 1529 912 1585 doctor
929 1529 1086 1584 dixit.
1134 1526 1360 1583 Sciebat
1406 1526 1574 1592 enim,
1613 1533 1671 1579 ut
1704 1537 1845 1589 reor,

266 1618 505 1673 divinum
534 1616 803 1674 Davidem
827 1619 999 1691 lyram
1029 1619 1246 1690 pulsare
1281 1617 1607 1690 spiritalem,
1649 1624 1706 1672 et
1759 1630 1853 1671 ac·-

267 1709 451 1765 cinere
471 1707 606 1765 Filio
634 1710 687 1765 in
716 1710 918 1781 Spiritu
942 1727 957 1766 ι
986 1730 1005 1764 ι
1025 1711 1194 1769 Sedes
1211 1720 1322 1775 tua,
1339 1710 1499 1777 DeuS,
1524 1709 1577 1763 in
1599 1706 1852 1764 saeculum

1950 520 2202 591 μεθόριον
2226 517 2415 587 ῶσπερ
2448 534 2499 569 τι
2517 515 2609 569 τοῦ
2640 514 2777 588 πρὸς
2805 507 3107 579 κατάληξιν
3134 506 3244 578 τῆς
3276 502 3569 576 βασιλείας

1947 611 2134 675 αὐτοῦ,
2181 611 2242 665 τὸ
2272 608 2625 681 ἀπρακτῆσαι
2661 606 2759 677 μὲν
2792 601 2987 677 ἁρχάς,
3023 594 3495 669 καταργηθῆναι
3519 596 3571 651 δὶ

1949 700 2197 756 θάνατον·
2240 698 2557 771 παραδώσει
2587 693 2697 766 γὰρ
2737 694 2855 747 τότε
2890 688 3194 761 τδ·χρῆναι
3226 685 3568 757 κατάρχειν,

1952 791 2101 865 μόνῳ
2127 790 2207 863 τῷ
2236 790 2355 862 Θεῷ
2383 792 2480 845 καὶ
2501 786 2699 860 Πατρί.

2019 886 2085 938 Α.
2112 883 2328 949 Ἄπαγε
2354 880 2454 953 τῆς
2480 878 2621 934 οὓτω
2647 870 3029 949 γραοπρεποῦς
3062 871 3159 925 καί
3207 868 3572 941 γελοιοτάτης

1952 970 2191 1037 ἐννοίαςῖ
2225 969 2284 1024 Ὀ
2308 968 2419 1043 γάρ
2442 982 2527 1024 τοι
2552 968 2713 1021 ταυτὶ
2737 960 3102 1035 πεφρονηκώς
3125 977 3194 1014 τε
3235 959 3345 1014 καὶ
3374 958 3572 1029 λέγων,

1953 1062 2188 1118 ἀπέλιπε
2230 1061 2331 1133 μὲν
2368 1059 2526 1125 ὀδοὺς
2558 1057 2654 1113 τοῦ
2699 1054 2891 1111 ἑαυτοῦ
2924 1052 3300 1126 ἀμπελῶνος,
3350 1052 3484 1117 τοὺς
3520 1051 3572 1107 ἃ

1952 1152 2150 1220 ἄξονας
2180 1152 2275 1207 τοῦ
2310 1151 2441 1207 ἰδίου
2465 1152 2732 1222 γεωργίου
2758 1148 3129 1219 πεπλάνηται,
3172 1143 3572 1216 διαπορεύεται

1950 1246 2007 1300 δὲ
2036 1246 2103 1301 δι’
2131 1239 2361 1318 ἀνύδρου
2401 1244 2631 1316 ἐρήμου,
2678 1241 2772 1296 καί
2819 1232 2894 1312 (Ι)
2922 1238 3029 1310 γῆν
3054 1236 3484 1308 διατεταμένην
3519 1236 3572 1290 ἐν

1952 1336 2227 1409 διψώδεσι,
2283 1336 2510 1405 συνάγει
2562 1333 2621 1388 δὲ
2672 1333 2865 1406 χερσὶν
2922 1327 3247 1403 ἀκαρπίαν,
3319 1326 3470 1382 κατὰ
3519 1327 3572 1382 τὶ

1954 1430 2358 1510 γεγραμμένον.
2394 1430 2470 1484 Οὐ
2499 1429 2611 1501 γάρ
2648 1428 2731 1482 ὅτι
2774 1425 2885 1481 τῶν
2916 1425 3018 1497 τῆς
3068 1420 3382 1495 βασιλείας
3411 1438 3571 1476 κατα-

1956 1525 2307 1596 στεμμάτων,
2347 1522 2443 1578 καί
2477 1522 2577 1593 τῆς
2624 1520 2767 1575 κατὰ
2803 1519 3024 1574 πάντων
3071 1515 3272 1589 ἀρχῆς
3329 1515 3572 1588 ἀπόπεμ-

1955 1634 2090 1681 πτος
2129 1616 2284 1674 ἔσται
2334 1616 2477 1671 κατά
2511 1615 2740 1686 καιροὺς
2780 1615 2809 1666 ό
2857 1611 3012 1677 Υἱὸς,
3043 1609 3076 1663 ό
3106 1608 3274 1673 θεῖος
3318 1610 3457 1681 {mlv
3481 1609 3572 1680 ἔφη

1960 1690 2321 1782 μυσταγωγός
2346 1725 2359 1740 ·
2390 1707 2504 1780 ᾔδει
2528 1706 2661 1781 γάρ,
2708 1701 2861 1776 οἴμαι·
2891 1719 3026 1770 που,
3067 1701 3264 1775 λύραν
3303 1700 3419 1773 ,μὲν
3451 1702 3572 1756 ἀισ-

267 1799 470 1866 saeculi,
499 1799 653 1871 virga
682 1801 1020 1868 directionis,
1071 1802 1225 1873 virga
1281 1802 1433 1870 regui
1463 1800 1535 1856 tui
1560 1800 1626 1853 ⁸⁸.
1657 1818 1678 1852 ι
1713 1796 1852 1865 Quid
1887 1788 1929 1842 Β
1959 1798 2229 1870 κρούοντα
2273 1798 2378 1871 τὴν
2439 1794 2818 1868 πνευματικὴν
2872 1794 2967 1848 τὸν
3029 1791 3349 1847 Θεσπέσιον
3399 1791 3572 1856 Aa&

265 1903 430 1957 porro
460 1889 687 1955 saciant,
739 1892 830 1961 qni
868 1892 934 1946 ad
976 1892 1224 1963 quamvis
1274 1891 1665 1947 absurditatem
1716 1889 1852 1945 laxis

268 1976 461 2049 lingttae
494 1977 720 2035 habenis
745 1980 1014 2047 seruntur,
1038 1989 1094 2036 et
1129 1989 1237 2035 tam
1274 1980 1479 2053 agresti
1539 1993 1720 2039 mente
1776 1982 1854 2037 la-

215 2138 226 2148 ·
267 2068 485 2136 borant,
519 2083 642 2124 cnm
669 2070 860 2127 beatus
913 2070 1131 2127 Gabriel
1189 2080 1395 2127 sanctae
1431 2068 1641 2143 Virgini
1691 2073 1850 2129 Chri-

267 2167 412 2215 stum
436 2161 850 2232 praenuntians:
890 2181 908 2215 ι
945 2162 1025 2220 Ne
1057 2164 1202 2220 enim
1255 2164 1468 2233 timeas,
1516 2165 1714 2237 inquit,
1765 2166 1850 2223 in-

267 2253 668 2318 carnationem,
689 2269 722 2310 ο
747 2252 920 2310 Maria
947 2272 961 2311 ι
1008 2255 1258 2312 invenisti
1282 2256 1427 2312 enim
1453 2257 1683 2328 gratiam
1712 2259 1852 2329 apud

266 2343 458 2411 Deum,
483 2354 538 2400 et
567 2359 693 2401 ecce
715 2345 1063 2417 concipiesin
1106 2357 1285 2415 utero,
1324 2357 1378 2404 et
1409 2347 1587 2419 paries
1631 2347 1849 2412 Filium,

269 2447 325 2490 et
359 2438 580 2493 vocabis
604 2452 801 2493 nomen
852 2436 969 2507 ejus
1010 2436 1218 2495 Jesum.
1277 2441 1394 2511 lpse
1423 2440 1566 2494 enim
1613 2439 1853 2497 servabit

269 2528 525 2599 populum
552 2544 710 2585 sunm
732 2542 762 2582 a
784 2529 1024 2598 peccatis
1052 2531 1186 2586 suis.
1209 2530 1279 2585 Et
1309 2530 1462 2587 dabit
1493 2531 1567 2586 illi
1591 2530 1851 2589 Dominus

277 2619 416 2674 Deus
446 2620 630 2675 sedem
655 2618 823 2674 David
850 2621 1022 2688 patris
1052 2621 1190 2690 ejuS,
1225 2630 1280 2675 et
1313 2620 1563 2691 regnabit
1614 2621 1666 2675 in
1690 2621 1851 2676 domo

266 2711 434 2769 Jacob
457 2713 511 2768 in
536 2721 824 2782 aeternum,
856 2714 1023 2787 610
1074 2723 1129 2769 et
1168 2714 1319 2784 regni
1362 2712 1478 2782 ejus
1508 2727 1619 2769 non
1642 2713 1748 2769 erit
1787 2714 1853 2767 ss-

269 2805 354 2861 nis
378 2804 444 2859 ⁸⁸.
486 2824 507 2858 ι
538 2804 673 2861 Cum
708 2806 892 2875 itaque
918 2814 1144 2862 sanetus
1167 2804 1250 2860 vir
1280 2819 1509 2876 regnum
1536 2802 1661 2860 Filii
1713 2819 1851 2875 prae·

268 2897 464 2953 dixerit
484 2897 552 2953 ad
579 2898 776 2955 saeeula
806 2898 1016 2953 intinita
1033 2904 1458 2968 perventurum,
1492 2896 1852 2967 adeoquevox

268 2990 441 3060 angeli
470 2990 681 3049 veritati
700 2991 968 3059 concinat,
991 3003 1384 3047 consensurum
1408 2990 1600 3059 opinor
1615 3003 1738 3043 eum
1761 2988 1852 3059 qui

267 3084 468 3151 probus
494 3091 576 3139 est
608 3098 672 3141 ae
690 3082 851 3155 frugi,
885 3092 942 3140 et
977 3097 1147 3155 nugas
1191 3082 1707 3150 condemnaturum,
1734 3126 1741 3132 .
1765 3081 1850 3138 in·

268 3188 538 3245 sanosque
566 3175 837 3232 dicturum
864 3189 980 3241 eos,
1011 3175 1104 3246 qui
1134 3173 1242 3230 alia
1264 3173 1471 3245 quaevis
1511 3173 1715 3230 sentire
1757 3188 1844 3229 ve·

269 3263 390 3332 lint,
421 3267 649 3322 cumlex
686 3276 873 3336 aperte
926 3266 1158 3324 clamet:
1190 3282 1211 3317 ι
1243 3263 1301 3320 ln
1346 3280 1442 3323 ore
1466 3266 1695 3321 duorum
1753 3274 1849 3321 ant

270 3353 432 3410 trium
476 3358 693 3413 testium
749 3357 913 3414 stabit
963 3372 1126 3415 omne
1171 3357 1396 3414 verbum
1445 3356 1510 3412 ⁸⁸.
1572 3375 1591 3409 ι
1627 3356 1846 3429 Alioqui

267 3459 449 3503 nonne
471 3448 701 3519 plurima
719 3451 995 3520 impietate
1039 3459 1210 3506 scatet
1251 3449 1527 3519 obiectio?

1953 1888 2408 1966 ἀναμελῳδοῦντα
2448 1888 2506 1942 δὲ
2538 1887 2675 1960 πρὸς
2716 1887 2804 1941 τὸν
2838 1885 2972 1939 Υἰδν
3018 1884 3082 1938 ὲν
3126 1884 3451 1957 Πνεύμιτι·
3487 1883 3574 1938 ιὋ

1954 1981 2143 2054 θρόνος
2170 1995 2287 2056 σου,
2322 1983 2353 2036 ὀ
2376 1980 2529 2045 Θεὸς,
2553 1982 2632 2044 εἰς
2659 1978 2752 2033 τὸν
2778 1977 2956 2046 αἰῶνα
2976 1975 3082 2030 τοῦ
3109 1975 3336 2042 αἰῶνος
3353 1994 3370 2008 ·
3399 1975 3576 2050 §mag

1953 2073 2266 2144 εὐθύτητος,
2301 2075 2335 2145 ὴ
2377 2072 2574 2144 ράὁδος
2617 2072 2718 2142 τῆς
2753 2069 3045 2143 βασιλείας
3087 2071 3229 2126 σου.
3260 2089 3284 2124 ι
3331 2070 3398 2125 Τί
3429 2070 3490 2125 δὲ
3515 2070 3572 2143 ἢ

1954 2166 2050 2220 καὶ
2074 2166 2246 2238 δρῷεν
2275 2166 2363 2230 ἂν,
2391 2167 2441 2219 οἱ
2477 2165 2612 2237 πρὸς
2652 2165 2763 2217 πᾶν
2796 2161 2981 2217 ὁτιοῦν
3023 2161 3152 2217 τῶν
3193 2163 3570 2236 &auxentium

1952 2257 2459 2331 ἀθυροστομοῦντες
2511 2255 2771 2320 εὐκόλως,
2824 2254 2919 2309 καί
2975 2255 3116 2327 τὴν·
3133 2256 3409 2329 ἀγροῖκον
3445 2255 3568 2312 οὕτω

1953 2351 2236 2415 νοσοῦντες
2268 2349 2463 2421 φρένα,
2494 2346 3150 2421 προκατασημαίνοντος
3183 2352 3260 2421 τῇ
3301 2348 3562 2423 &signef-

1954 2443 2093 2516 θὲνῳ
2141 2440 2213 2498 τά
2261 2442 2355 2496 ἐπὶ
2384 2440 2607 2512 Χριστῷ
2640 2439 2733 2495 τοῦ
2766 2438 3062 2514 μακαρίου
3093 2439 3399 2514 Γαόριήλς
3439 2439 3549 2510 «ἢ

1952 2538 2064 2609 γὰρ
2092 2536 2181 2609 δὴ,
2206 2536 2362 2606 φησὶ,
2394 2534 2723 2608 καταδείσῃς
2749 2532 2850 2603 τὴν
2875 2533 3266 2605 οἰκονομίαν,
3287 2527 3538 2604 fem·

1954 2624 2111 2701 εὗρες
2140 2628 2251 2699 γὰρ
2281 2628 2444 2699 χάριν
2477 2626 2632 2698 παρὰ
2655 2626 2735 2697 τῷ
2760 2624 2902 2697 Θεῷ,
2943 2626 3058 2680 καὶ
3097 2626 3234 2683 ἰδοὺ
3277 2624 3527 2698 σνλὶῄᾴςίν

1954 2716 2175 2792 γαστρὶ,
2203 2716 2303 2771 καὶ
2324 2713 2464 2790 ’τέξῃ
2503 2717 2656 2781 Υἰὸν,
2689 2716 2783 2769 καὶ
2817 2714 3103 2782 καλέσεις
3136 2717 3212 2773 τδ
3246 2709 3532 2789 δωρεαὶ-πῖ

1966 2807 2178 2882 Ἰησοῦν
2201 2823 2217 2839 ·
2246 2807 2411 2872 αὐτὸς
2438 2806 2547 2878 γάρ
2579 2806 2746 2860 σώσει
2791 2807 2882 2861 τὸν
2915 2807 3070 2862 λαὸν
3119 2810 3303 2865 αὐτοῦ
3341 2805 3436 2865 ἀπὸ
3457 2804 3545 2860 stin

1954 2902 2236 2976 ἁμαρτιῶν
2266 2903 2469 2967 αὐτῶν,
2495 2904 2590 2959 καὶ
2627 2902 2789 2957 δώσει
2815 2903 2979 2975 αὐτῷ
3017 2905 3248 2980 Κύριος
3269 2909 3298 2962 ὁ
3319 2904 3438 2970 Θεὸς
3465 2902 3546 2957 τὸν

1956 2995 2147 3068 θρόνον
2175 2995 2345 3051 Δαὸὶδ
2379 2994 2473 3049 τοῦ
2511 2996 2717 3070 πατρὸς
2754 2996 2953 3064 αὐτοῦ,
3000 3001 3114 3053 καὶ
3151 2995 3428 3072 βασιλεύσει
3457 2993 3539 3048 ἐπὶ

1954 3086 2046 3140 τὸν
2069 3079 2220 3141 οἷκον
2271 3086 2471 3140 'Iuncus
2501 3089 2581 3150 εἰς
2601 3086 2729 3152 τοὺς
2762 3086 3005 3157 αἰῶνας,
3048 3092 3168 3147 καὶ.
3195 3093 3296 3165 τῆς
3320 3085 3530 3163 pennae
3619 3086 3624 3097 ’

1957 3177 2123 3232 αὐτοῦ
2154 3177 2258 3253 οὐκ
2287 3178 2441 3233 ἔσται
2488 3180 2661 3245 τέλος.
2708 3199 2727 3233 ι
2785 3181 3022 3255 Ἀνδρὸς
3068 3178 3528 3257 τοιγαροῦνᾶἵῖῠι

1955 3268 2055 3341 τὴν
2091 3270 2172 3334 εἰς
2203 3269 2544 3342 ἀπεράντους
2587 3272 2790 3338 αἰῶνας
2834 3274 3093 3346 ἄσχετον
3148 3273 3436 3348 ἐπιδρομὴν
3461 3268 3536 3340 ἧς

1954 3361 2048 3416 τοῦ
2083 3361 2213 3416 rto&
2250 3358 2535 3434 βασιλείας
2573 3365 3161 3438 κεχρησμῳδηκότος,
3213 3370 3313 3425 καὶ
3350 3368 3440 3440 μὴν
3467 3362 3536 3417 ¹12

1953 3455 2191 3526 ἀγγέλου
2228 3458 2411 3531 φωνῆς
2453 3461 2797 3531 συνηχούσης
2853 3459 2920 3514 τδ
2970 3462 3226 3535 ἀληθὲς,
3259 3457 3570 3527 oum?

267 3535 420 3611 οἶμαί
447 3558 547 3595 που
573 3542 664 3597 τόν
699 3559 757 3596 τε
778 3542 981 3611 ἀγαθὸν
1001 3544 1095 3598 καὶ
1156 3542 1429 3615 σώφρονα,
1493 3543 2053 3615 καταψηφιεῖσθαι.δὲ
2083 3547 2143 3602 τὸ
2174 3549 2381 3621 ληρεῖν,
2415 3552 2508 3605 καὶ
2546 3550 2949 3623 ὲκκεκροῦσθαι
2980 3554 3226 3624 φρενῶν
3261 3544 3528 3609 stasmi:

266 3638 471 3697 οἴεσθαι
502 3638 611 3691 δεῖν
639 3637 928 3708 ἑλομένους
949 3636 1112 3709 ἕτερα
1168 3636 1304 3691 ἄττα
1362 3637 1600 3708 φρονεῖν,
1631 3635 1928 3692 καίτοιτοῦ
1966 3640 2130 3711 νόμου
2182 3643 2368 3713 σαφῶς
2417 3645 2873 3717 ἀνακεκραγότος·
2919 3666 2941 3700 ε
2986 3648 3126 3703 Ἐπὶ
3182 3651 3437 3720 στόματος
3461 3638 3540 3697 ὅθ’

267 3733 364 3788 καὶ
390 3730 553 3802 τριῶν
586 3730 877 3801 μαρτύρων
916 3725 1241 3799 σταθήσεται
1289 3728 1397 3780 πᾶν
1439 3728 1610 3798 ῥῆμα.
1635 3746 1654 3778 ι
1685 3722 1762 3780 Ἦ
1791 3726 1853 3780 ού
1894 3728 2320 3819 πλείστης-ὅσης
2384 3734 2672 3805 θεομισοῦς
2703 3737 2965 3801 ἀσεὸείας
3027 3740 3396 3814 ἀνάπλεως-ἡ
3416 3730 3502 3795 fl-
3567 3762 3572 3767 .

269 3845 460 3892 στασις
489 3844 503 3893 ;

342 3924 400 3975 B.
427 3915 799 3974 concesserim
825 3914 1097 3984 equidem.
1126 3914 1514 3970 Verumtamen
1559 3915 1701 3972 scias
1737 3929 1843 3971 non

267 4008 496 4082 perinde
513 4007 674 4076 atque
701 4018 800 4060 nos
823 4002 1164 4059 adversarios
1191 4001 1350 4057 affici.

336 4101 402 4155 Δ.
427 4100 497 4153 At
528 4096 733 4168 optime
759 4094 963 4151 sentire
984 4109 1048 4149 ac
1080 4095 1289 4149 discere
1323 4095 1506 4164 utique
1558 4110 1720 4163 penes
1749 4110 1847 4150 nos

268 4191 415 4260 ipsos
438 4188 563 4253 erit,
595 4200 773 4256 neque
802 4183 1014 4239 illorum
1043 4181 1328 4252 intperitiae
1359 4183 1579 4237 omnino
1618 4185 1846 4252 permit·

268 4291 441 4337 tentes
469 4287 717 4334 eructare
742 4275 887 4345 quod
905 4273 1094 4339 velint,
1123 4273 1281 4328 otiosi
1340 4272 1646 4328 sedebimus
1674 4290 1691 4340 ;
1750 4274 1846 4330 sed

2027 3910 2088 3962 Β.
2124 3909 2292 3982 Φαίην
2323 3911 2388 3966 ἃν
2416 3911 2614 3983 ἔγωγε,
2649 3912 2787 3985 πλὴν
2833 3913 2945 3968 ἴσθι
2980 3933 3070 3970 τοι
3098 3912 3496 3991 &exanimi

1957 4002 2080 4057 καθ’
2108 4005 2255 4074 ἡμᾶς
2288 4005 2417 4068 τοὺς
2449 4005 2770 4068 διεναντίας.

2029 4097 2092 4148 Α.
2149 4096 2311 4151 Ἀλλά
2354 4096 2414 4150 τό
2455 4114 2519 4166 γε
2566 4097 2642 4163 ὡς
2678 4097 2876 4171 ἄριστα
2928 4108 3169 4172 φρονεῖν
3208 4107 3416 4161 ἑλέσθαι
3449 4104 3512 4159 d

1959 4186 2172 4258 μαθεῖν,
2207 4187 2450 4241 κεῖσεταί
2483 4205 2586 4242 που
2612 4189 2828 4253 πάντως
2855 4190 2943 4258 ἐφ’
2974 4193 3122 4263 ἡμῖν
3148 4197 3360 4264 αὐτοῖς,
3383 4194 3514 4251 uici

1953 4278 2074 4339 ταῖς
2094 4277 2317 4331 ἐκείνων
2343 4277 2514 4342 θείαις
2538 4278 2615 4350 (2)
2645 4279 2867 4349 ἐφέντες
2908 4281 3115 4347 ἁπλῶς
3148 4286 3454 4358 ὲρεύγεσοιι
3475 4281 3518 4337 ὀ

268 4371 503 4441 undique
545 4383 643 4441 pro
671 4366 812 4422 virili
860 4365 1090 4436 repulsis
1134 4374 1401 4434 protervae
1452 4365 1647 4419 mentis
1697 4379 1847 4422 eom·
1877 4391 1927 4452 D
1951 4369 2162 4433 δοκοῦν,
2188 4370 2363 4442 ἡσυχῆ
2391 4370 2785 4443 καθεδούμεθα·
2824 4380 3329 4451 παρακρουόμενοι
3350 4382 3518 4436 ῶτιν-

268 4465 484 4530 mentis,
513 4477 578 4518 ae
615 4473 877 4532 generose
917 4457 1191 4528 superatis
1247 4456 1437 4513 nefarii
1465 4458 1732 4514 mendacii
1770 4458 1845 4513 la-

265 4554 441 4624 queis,
462 4554 603 4622 apud
643 4564 741 4607 nos
795 4564 1093 4606 canemus:
1124 4568 1143 4601 ι
1207 4546 1531 4605 Benedictus
1587 4547 1848 4606 Dominus

265 4647 356 4716 qui
381 4660 486 4700 non
509 4644 768 4700 deditnos
791 4642 843 4697 in
875 4641 1178 4711 captionem
1209 4640 1462 4695 dentibus
1512 4655 1698 4696 eorum
1725 4640 1790 4695 ⁸⁸.
1820 4659 1838 4690 ι

265 4737 398 4790 Cum
420 4744 623 4800 autem,
650 4742 711 4788 ut
739 4732 792 4787 in
820 4731 1241 4786 Proverbiorum
1272 4729 1410 4786 libro
1440 4731 1702 4800 scriptum
1737 4740 1841 4792 est,

263 4827 568 4896 gubernent
600 4824 747 4895 impii
782 4822 937 4877 dolos
959 4821 1028 4888 ⁸⁸,
1062 4834 1182 4890 age,
1208 4819 1449 4874 dicamus
1472 4819 1675 4888 aliquid
1692 4822 1841 4889 quod

263 4915 599 4972 auditoribus
638 4916 923 4978 conducat,
949 4922 1004 4967 et
1031 4927 1093 4967 ea
1122 4927 1217 4982 per
1242 4927 1364 4981 quae
1427 4910 1632 4966 fraudis
1672 4909 1841 4966 insul-

263 5021 377 5065 tum
426 5020 686 5077 generose
716 5016 918 5078 queant
955 5004 1229 5076 repellere.
1257 5003 1424 5075 igitur
1460 5004 1672 5059 divinus
1701 5003 1844 5057 Pau·

261 5101 345 5156 lus
374 5101 440 5156 iis
457 5099 548 5169 qui
577 5098 632 5153 in
664 5100 767 5153 tide
830 5109 954 5154 sunt
1008 5098 1313 5170 justificati,
1343 5107 1398 5152 et
1426 5096 1748 5167 proeclaram
1783 5097 1834 5148 in

261 5193 363 5248 boc
384 5205 536 5263 spem
567 5187 785 5255 babent,
813 5189 884 5243 ita
929 5190 1151 5244 scribit:
1177 5206 1195 5240 ι
1232 5186 1417 5259 ltaque
1464 5203 1686 5258 regnum
1736 5186 1837 5241 im·

262 5282 460 5337 mobile
479 5280 842 5349 suscipientes
899 5279 1161 5334 habemns
1222 5278 1474 5347 gratiam,
1527 5291 1626 5346 per
1677 5290 1835 5345 quam

259 5370 556 5427 serviamus
588 5371 864 5442 placentes
904 5368 1039 5436 Deo,
1095 5384 1218 5424 cum
1292 5376 1438 5422 metu
1491 5374 1546 5421 et
1586 5380 1838 5422 reveren-

327 5548 370 5579 ⁸¹
400 5545 500 5602 Job
533 5563 623 5612 xv,
655 5548 746 5605 52.
823 5548 868 5580 ⁸⁸
898 5546 1040 5605 Psal.
1070 5560 1214 5617 xciv,
1246 5544 1299 5601 7.
1365 5544 1406 5578 ’⁸
1428 5544 1559 5602 Luc.
1590 5560 1629 5612 t,
1675 5543 1868 5601 30-35.

326 5725 405 5797 (l)
441 5724 645 5783 Forsan
676 5725 833 5784 κατά.

1955 4461 2118 4532 ταχῆ,
2179 4462 2321 4516 κατὰ
2349 4479 2413 4531 γε
2446 4464 2507 4517 τὸ
2544 4464 2788 4533 ἐφικτὸν,
2822 4467 2891 4521 τά
2930 4468 2992 4534 ἐξ
3022 4472 3337 4529 ἀλλοκότου
3373 4471 3519 4546 <ndi

1950 4549 2258 4621 εὑρήματα,
2317 4553 2412 4606 καί
2469 4554 2730 4619 νεανικῶς
2785 4557 3166 4629 ὑπερθέοντες
3234 4565 3303 4619 τὸ
3361 4562 3522 4619 m

1950 4637 2166 4708 βρόχοις
2221 4639 2320 4711 τῆς
2374 4639 2684 4713 βωμολόχου
2739 4643 3141 4717 ψευδομυθίας,
3202 4655 3298 4724 ἐφ’
3359 4650 3524 4711 ear-n&

1948 4728 2364 4799 ἀναμέλψομεν·
2409 4750 2426 4783 ι
2474 4733 2776 4803 Εὐλογητὸς
2833 4736 3065 4806 Κύριος,
3113 4743 3179 4808 ὃς
3224 4746 3332 4802 οὐκ
3369 4747 3526 4801 ἔδαε·

1948 4817 2094 4888 ἡμᾶς
2123 4821 2201 4884 εἰς
2227 4821 2398 4892 θήραν
2427 4825 2540 4887 τοῖς
2570 4823 2781 4878 ὀδοῦσιν
2810 4827 3012 4884 αὐτῶν.
3048 4849 3069 4881 n
3122 4834 3357 4909 Ἐπειδὴ
3385 4837 3454 4901 δὲ,
3473 4835 3528 4895 ὗς

1953 4909 2084 4977 γοῦν
2134 4914 2163 4965 ό
2217 4913 2379 4983 σοφὸς
2456 4915 2552 4968 καὶ
2603 4916 2982 4990 παροιμιώδης
3037 4924 3185 4994 ἡμῖν
3240 4927 3530 4999 ἐπεφώνησε

1953 5000 2129 5070 λόγος,
2160 5003 2464 5075 κυὸερνῶσι
2503 5005 2560 5059 δὲ
2600 5007 2816 5073 ἀσεὸεἰς
2860 5008 3072 5077 δόλους,
3128 5017 3275 5089 φέρε
3319 5018 3534 5089 λέγωμεν

1942 5094 2003 5146 τὸ
2035 5093 2223 5147 τελοῦν
2251 5097 2331 5159 εἰς
2368 5097 2555 5168 ὄνησιν
2597 5102 2708 5164 τοῖς
2745 5101 3205 5174 ἐντευξομένοις,
3251 5112 3353 5167 καὶ
3391 5110 3456 5165 τὰ
3481 5108 3532 5163 Β

1942 5179 2016 5240 ὧν
2035 5187 2278 5241 δύναιντο
2307 5192 2751 5261 παρακρούεσθαι
2782 5197 3054 5263 γεννικῶς
3074 5202 3184 5274 τῆς
3207 5204 3432 5278 ἀπάτης
3453 5203 3532 5273 τὴν

1944 5274 2154 5343 ἔφοδον.
2200 5277 2409 5331 υύκοῦν
2455 5283 2567 5344 τοῖς
2617 5284 2675 5335 ὲν
2715 5284 2897 5339 πίστει
2941 5286 3428 5366 δεδικαιωμένοις.
3457 5292 3523 5349 κέ

1943 5366 2439 5439 λαμπρὰνὲλπὶδα
2493 5372 2591 5440 τὴν
2635 5373 2727 5427 ἐπὶ
2794 5374 2933 5446 τῷδε
2990 5381 3522 5458 πεπλουτηκόσιν,ὄ

1942 5542 1988 5573 ⁸²
2017 5540 2175 5599 Deut.
2217 5562 2348 5610 xvn,
2382 5546 2432 5602 ti.
2513 5549 2557 5581 ⁸⁸
2581 5550 2720 5606 Psal.
2753 5529 2974 5619 cunt,
3006 5554 3064 5612 6.
3108 5558 3159 5592 ⁸⁸
3187 5559 3359 5619 Prov.
3389 5560 3517 5627 112,ss-

2010 5723 2088 5795 (Ξ)
2116 5725 2398 5799 Corrupto.
2424 5728 2783 5791 scribendum
2810 5734 2996 5796 forsan
3024 5740 3321 5812 ἀμαθίαις.
