3809 6125
261 406 356 461 vit

1249 399 1305 456 S.
1343 397 1617 453 CYRtLLt
1654 391 2126 451 ALExfflmttNt
2162 390 2479 446 AucutEP.

3397 386 3508 441 ⁴52

261 531 478 572 causam
505 516 805 588 assignant,
839 514 1057 570 tametsi
1088 514 1319 569 diversis
1341 511 1642 568 rationibus
1663 521 1824 565 ntan-
1856 519 1903 574 Α
1932 507 2231 580 ἀμφότεροι
2253 549 2267 571 ,
2302 507 2398 559 καὶ
2430 506 2585 573 λόγον
2609 502 2978 558 ἀποδώσουσιν
3004 497 3186 570 ὀρθὸν,
3220 500 3268 551 εἰ
3303 500 3398 551 καὶ
3434 500 3512 569 μὴ

264 609 383 663 tur?
402 606 536 663 Cum
561 606 742 676 itaque
764 607 881 663 lieri
911 606 1080 677 possit
1105 613 1165 659 ut
1191 604 1552 660 diversimode
1570 603 1640 659 de
1666 603 1828 659 rebus

261 700 581 764 sentiamus,
616 710 791 766 neque
819 704 1001 751 tamen
1035 712 1067 750 a
1113 709 1244 750 vero
1290 694 1605 748 aberremus
1636 732 1652 756 ,
1698 693 1830 763 quid

261 788 497 844 obstabit
551 788 842 859 quominus
879 786 1022 843 Deus
1049 787 1265 858 quidem
1304 784 1545 855 perfecte
1592 784 1831 853 seipsum

261 888 569 952 cognoscat,
593 879 721 949 quid
758 877 833 934 sit
856 878 1153 934 secundum
1200 876 1530 933 essentiam:
1554 890 1652 929 nos
1680 888 1830 939 vero,

262 986 384 1027 cum
411 970 583 1026 simus
615 968 880 1034 homines,
937 969 1222 1032 minorem,
1253 982 1362 1022 non
1394 973 1573 1020 tamen
1595 964 1788 1019 salsam
1814 1003 1830 1029 ,

263 1066 331 1122 de
357 1080 424 1122 eo
447 1065 695 1121 notitiam
737 1062 1067 1120 babeamus?

930 1264 1165 1321 aunt).

336 1380 394 1436 Si
453 1378 853 1450 cognitionem,
907 1393 1028 1448 quae
1059 1377 1235 1432 cnivis
1264 1376 1513 1432 rationali
1573 1383 1838 1431 creatum

267 1473 426 1535 inest,
457 1470 676 1539 generis
711 1469 974 1539 cujusque
1037 1466 1359 1523 differentiae
1409 1463 1836 1523 commensurari

272 1561 540 1625 videmus,
574 1560 645 1613 ita
675 1569 738 1615 ut
789 1558 892 1613 alia
931 1559 1207 1614 censenda
1235 1558 1309 1613 sit
1359 1571 1480 1613 esse
1511 1557 1565 1611 in
1607 1555 1835 1625 angelis,

270 1650 450 1720 major
468 1659 651 1704 antem
692 1650 746 1703 in
795 1648 1150 1717 archangelis.
1180 1663 1354 1717 eaque
1403 1649 1514 1716 ipsa
1552 1647 1730 1716 -mojor
1784 1646 1838 1700 in

272 1739 644 1808 superioribus
687 1738 1069 1809 potestatibus,
1101 1747 1532 1793 commensurata
1561 1737 1722 1807 igitur
1759 1746 1841 1792 est

1932 601 2052 661 ταῖς
2081 598 2272 661 αὐταῖς
2304 596 2530 658 ἐννοίαις
2559 596 2902 666 έχρὴσαντος
2938 588 3176 644 Δυνατοῦ
3214 588 3512 660 τοιγαροῦν

1934 687 2086 751 ὄντος
2120 687 2392 757 διαφόρως
2424 686 2523 757 μὲν
2551 681 2793 750 δοξάζειν
2820 684 2948 755 περί
2974 699 3025 735 τι
3052 680 3160 734 τῶν
3202 678 3405 745 ὄντων,
3434 682 3514 755 μὴ

1934 778 2148 849 ψευδῶς
2179 776 2236 830 δὲ
2268 777 2403 846 μηδὲ
2431 774 2964 848 διεστραμμένως,τὶ
2986 771 3218 825 κωλύσει
3243 771 3380 826 Θεὸν
3411 773 3513 843 μὲν

1940 870 2131 925 ἑαυτὸν
2184 868 2383 922 εἰδέναι
2446 868 2663 931 τελείως
2705 870 2848 938 ὅπερ
2912 866 3061 918 ἐστὶν
3118 865 3237 917 κατ’
3286 864 3510 919 οὐσίαν·

1936 961 2087 1031 ἡμᾶς
2142 959 2199 1012 δὲ
2264 958 2581 1029 ἀνθρώπους
2638 957 2798 1020 ὅντας
2859 955 3078 1009 ἔλαττόν
3135 972 3200 1010 τε
3254 955 3513 1020 νοοῦντας

1940 1049 2110 1105 αὐτοῦ
2135 1090 2151 1115 ,
2210 1049 2286 1121 μὴ
2339 1049 2557 1112 πάντως
2611 1048 2707 1102 καὶ
2755 1046 3152 1117 διεψευσμένας
3201 1046 3350 1117 ἔχειν
3414 1049 3516 1112 τὰς

1940 1144 2130 1210 δόξας;

2613 1256 2816 1310 ΑΛΛΟ.

2012 1374 2075 1425 Εἰ
2105 1372 2269 1426 παντὶ
2315 1367 2516 1437 λογικῷ
2565 1366 2666 1437 ,τὴν
2696 1365 3104 1436 ἐνυπάρχουσαν
3131 1364 3285 1435 αὐτῷ
3314 1364 3516 1432 γνῶσιν

1942 1462 2156 1534 ὁρῶμεν
2202 1462 2268 1534 τῇ
2298 1458 2391 1513 τοῦ
2436 1458 2629 1527 γένους
2668 1455 2901 1525 διαφορᾷ
2945 1454 3513 1526 συμμεμετρημένην,

1941 1555 2018 1617 ὡς
2050 1554 2243 1625 ἑτέραν
2261 1551 2368 1623 μὲν
2414 1545 2552 1602 εἶναι
2579 1545 2853 1600 πιστεύειν
2899 1545 2958 1598 ὲν
2986 1544 3263 1613 ἀγγέλοις,
3297 1544 3519 1617 μείζονα

1943 1647 2002 1700 δὲ
2031 1646 2091 1698 ὲν
2119 1641 2499 1714 ἀρχαγγέλοις,
2538 1639 2634 1692 καὶ
2664 1638 2747 1691 ἔτι
2797 1635 3003 1707 ταύτης
3040 1635 3428 1706 ὑπερέχουσαν
3463 1637 3518 1690 ἐν

1944 1740 2064 1799 ταῖς
2110 1732 2364 1804 ἀνωτέρω
2388 1732 2683 1800 δυνάμεσι·
2727 1726 3181 1799 συμμεμέτρηται
3207 1726 3396 1782 τοίνυν
3428 1727 3517 1782 καὶ

263 1830 430 1884 etiarn
477 1828 711 1884 bominis
758 1830 1022 1897 cognitio,
1061 1830 1237 1883 minor
1280 1828 1532 1883 videlicet
1581 1828 1670 1894 iis,
1706 1842 1842 1896 quas
1947 1825 2236 1898 ἀνθρώπω
2260 1824 2459 1893 γνῶσις
2483 1823 2724 1877 ἐλάττων
2755 1816 2889 1873 οὖσα
2920 1818 3022 1889 τῆς
3049 1818 3159 1873 τῶν
3187 1818 3517 1891 εἰρημένων.

266 1919 543 1985 dlximus,
582 1919 872 1974 exsistens.
918 1919 1199 1985 Quomodo
1229 1934 1359 1990 ergo
1390 1920 1496 1975 erit
1537 1934 1634 1990 par
1658 1920 1840 1989 cogni-

277 2011 426 2064 tione
452 2008 827 2079 αισι-θεωροὶ
848 2007 1074 2079 angelos
1097 2008 1314 2077 quidem
1334 2006 1610 2063 intellectu
1632 2015 1810 2077 aequat
1825 2046 1844 2073 ,

269 2098 577 2168 pra-sertim
625 2111 748 2152 cum
799 2096 854 2152 id
904 2096 1265 2152 indubitatum
1296 2096 1392 2159 sit,
1438 2096 1533 2150 Dei
1560 2096 1844 2152 scientiam

265 2203 484 2244 onmem
512 2187 840 2243 intellectum
867 2188 1177 2257 superare?

938 2317 1096 2374 Auu
1108 2319 1168 2373 Β.

342 2447 509 2505 Multa
540 2450 758 2506 nomina
790 2451 856 2506 de
907 2448 1015 2505 Deo
1044 2450 1423 2520 praedicantur,
1460 2467 1689 2521 quorum
1724 2454 1844 2507 sin·

266 2540 392 2613 gula
410 2555 517 2595 non
546 2539 674 2610 quid
705 2538 1066 2595 essentialiter
1095 2538 1236 2596 Deus
1279 2541 1371 2606 sit,
1398 2542 1844 2611 signiticant,sed

269 2640 364 2687 aut
388 2630 519 2701 quid
543 2646 647 2685 non
676 2631 768 2698 sit,
795 2639 888 2685 aut
921 2629 1234 2688 relationem
1284 2634 1569 2699 qnamdam
1601 2633 1666 2687 ad
1698 2631 1843 2688 aliud

268 2735 390 2792 quae
434 2719 502 2776 ab
554 2733 622 2775 eo
664 2721 1090 2792 distinguuntur.
1133 2720 1374 2789 Exempli
1426 2722 1620 2793 gratia,
1658 2723 1840 2779 incor-

192 2795 209 2812 ’
271 2808 526 2881 ruptibile
578 2819 633 2865 et
674 2810 980 2866 immortale
1047 2811 1352 2881 significant
1389 2813 1519 2882 quid
1582 2828 1688 2867 non
1729 2814 1839 2868 sit:

271 2908 424 2969 pater
476 2912 608 2955 vero
668 2909 761 2955 ant
833 2900 1141 2971 ingenitus,
1201 2903 1327 2973 qnia
1385 2904 1599 2974 genitor
1642 2913 1730 2960 est
1773 2906 1840 2960 ad

270 2990 673 3046 distinctionem
730 2992 860 3058 lilii,
912 3002 965 3047 et
1016 2993 1143 3065 quia
1175 3000 1390 3050 creatus
1424 3008 1534 3049 non
1587 3005 1712 3061 est;
1746 2996 1842 3051 sed

269 3083 638 3154 sittgnlaltaec,
688 3094 747 3140 ut
794 3084 1049 3152 diximus,
1089 3101 1198 3142 non
1225 3087 1394 3154 ipsam
1435 3089 1724 3144 essentiam
1749 3089 1844 3145 de-

1948 1920 2072 1984 Πῶς
2109 1916 2201 1973 οῦν
2245 1917 2447 1990 ὁμοίως
2500 1916 2715 1981 δοξάσει
2764 1912 2884 1984 Θεῷ
2917 1912 2959 1964 o
3007 1912 3084 1983 μὴ
3136 1911 3391 1975 τοσοῦτος
3435 1912 3518 1974 εἰς

1946 2007 2089 2070 νοῦν,
2116 2008 2240 2060 ὅσον
2269 2006 2334 2060 ἂν
2360 2001 2499 2058 εἷναί
2542 2020 2625 2067 τις
2669 2002 2785 2073 δοίη
2823 2002 2914 2055 τὸν
2946 2000 3200 2070 ἄγγελον,
3223 1999 3514 2074 ρμολογου-

1948 2098 2111 2169 μένου
2174 2095 2440 2168 δήπουθεν
2499 2096 2691 2170 ὅτιπερ
2753 2095 2788 2164 ὴ
2840 2091 2975 2145 Θεοῦ
3019 2090 3216 2159 γνῶσις
3255 2090 3504 2161 ὑπερέχει

1945 2189 2125 2243 πάντα
2149 2188 2293 2253 νοῦν,
2318 2188 2413 2241 καὶ
2444 2187 2625 2240 πᾶσαν
2658 2184 2964 2255 κατάληψιν
2993 2181 3351 2254 ἀναδησεταη

2615 2317 2801 2370 ΔΔΔΟ

2016 2450 2192 2503 Πολλὰ
2210 2447 2321 2503 τῶν
2346 2448 2625 2518 ὀνομάτων
2650 2445 2867 2517 ὁρῶμεν
2899 2445 2993 2497 ἐπὶ
3024 2442 3162 2498 Θεοῦ
3189 2443 3515 2514 ταττόμενα,

1943 2540 2058 2595 ἀλλ’
2094 2541 2322 2593 ἕκαστον
2367 2538 2545 2592 αὐτῶν
2571 2538 2633 2591 οὐ
2679 2537 2733 2590 τί
2764 2536 2884 2589 κατ’
2913 2535 3100 2588 οὐσίαν
3129 2535 3286 2588 ἐστὶν
3307 2535 3512 2600 ὀθώς,

1945 2633 2210 2702 σημαῖνον
2235 2630 2503 2700 φαίνεται,
2539 2628 2654 2682 ἀλλ’
2681 2627 2715 2698 ἢ
2743 2627 2795 2680 τί
2815 2626 3052 2681 οὐκέστι
3079 2625 3255 2697 δηλοῖ,
3273 2626 3309 2697 ἢ
3335 2626 3514 2697 σχέσιν

1943 2724 2065 2776 τινὰ
2087 2722 2341 2793 σημαίνει
2361 2721 2497 2790 πρός
2526 2720 2709 2774 τιτῶν
2737 2713 3364 2789 διαπελλομὲνων.ῡῖον
3390 2718 3511 2791 φέρε

1946 2814 2138 2874 εἰπεῖν,
2165 2811 2230 2864 τὸ
2257 2809 2531 2880 ἄφθαρτον
2562 2809 2656 2862 καὶ
2685 2807 2748 2860 τὸ
2769 2806 3036 2861 ἀθάνατον
3063 2807 3118 2860 τί
3144 2807 3250 2861 οὐκ
3282 2807 3402 2860 ἔστι
3427 2807 3512 2879 Ιη-

1943 2902 2027 2955 λοί
2044 2920 2058 2933 ·
2082 2902 2145 2954 τὸ
2168 2902 2224 2953 δὲ
2242 2902 2429 2971 πατὴρ
2454 2900 2487 2972 ἢ
2516 2901 2798 2968 ἀγένητος,
2821 2903 2901 2955 ὃτι
2931 2900 3215 2971 γεννήτωρ
3235 2899 3363 2953 ἐστὶ
3385 2899 3510 2971 nst:

1944 2994 2059 3047 υἰὸν
2108 2991 2690 3064 ἁντιδιαστελλόμενον,
2726 2992 2824 3046 καὶ
2859 2994 2941 3047 ὃτι
2978 2993 3038 3046 οὺ
3085 2991 3352 3061 γέγονεν·
3383 2988 3510 3045 ἃᾶ

1942 3087 2147 3141 τούτων
2202 3084 2435 3140 ἕκαστον
2486 3086 2547 3138 οὐ
2591 3086 2692 3156 τῆς
2745 3086 2934 3149 οὐσίας
2981 3084 3098 3138 ἐστὶ
3141 3082 3504 3155 σημοντιὺ,

270 3172 516 3241 clarant;
575 3174 670 3230 sed
729 3175 934 3245 aliquid
967 3191 1155 3231 eorum
1212 3193 1332 3248 quac
1373 3179 1518 3234 circa
1547 3180 1837 3235 essentiam
1864 3207 1910 3266 c
1941 3178 2195 3249 καθάπερ
2230 3177 2332 3249 ἥδη
2377 3178 2734 3249 προείπομεν,
2767 3177 2903 3233 ἀλλὰ
2932 3195 2986 3232 τι
3013 3177 3123 3230 τῶν
3146 3177 3281 3250 περὶ
3315 3173 3504 3248 rip*

274 3273 578 3320 versantur.
606 3263 664 3320 Si
687 3280 819 3336 ergo
848 3280 945 3335 pet·
967 3253 1080 3322 baec
1101 3271 1318 3323 nomina
1343 3270 1456 3324 sive
1489 3271 1841 3341 significatio·

272 3369 372 3411 nes
407 3355 473 3410 ad
505 3356 869 3424 cognitionem
914 3357 1006 3411 Dei
1060 3359 1455 3427 quodammodo
1501 3375 1660 3415 manu
1682 3362 1838 3417 ducl-

270 3461 416 3511 mur,
480 3447 754 3516 quomodo
809 3448 1101 3502 essentiam
1147 3449 1312 3518 ipsius
1347 3464 1757 3520 cognoscemus,
1793 3453 1840 3508 si

267 3551 333 3592 ea
359 3537 529 3593 solum
561 3553 681 3605 quae
708 3539 854 3592 circa
907 3552 1027 3593 eant
1074 3551 1361 3596 versantur
1410 3543 1696 3610 discimus,
1733 3559 1839 3599 non

270 3638 449 3683 autem
482 3628 611 3696 qnid
641 3628 958 3684 naturaliter
988 3629 1094 3683 sit?
1122 3630 1352 3685 Perinde
1391 3633 1535 3686 enim
1572 3643 1656 3686 est
1692 3647 1754 3688 ac
1795 3635 1839 3687 si

269 3719 395 3789 quis
427 3718 572 3773 dicat
592 3733 652 3773 se
683 3733 844 3774 nosse
887 3721 1014 3789 quid
1061 3721 1132 3772 sit
1180 3721 1358 3774 anima
1391 3721 1623 3777 bominis
1648 3737 1843 3776 secun-

271 3811 397 3864 dum
467 3811 848 3876 substantiam,
907 3811 952 3864 si
1015 3812 1158 3866 norit
1209 3825 1327 3865 cam
1368 3827 1486 3868 esse
1545 3813 1838 3882 qualitatis,

272 3898 699 3969 quantitatisque
743 3909 798 3953 et
846 3897 1035 3954 forntae
1089 3911 1365 3969 expertem
1403 3920 1417 3956 :
1477 3912 1572 3956 aut
1605 3904 1651 3958 si
1698 3903 1842 3957 dicat

271 4002 330 4042 se
355 4003 512 4044 nosse
537 3989 667 4058 quid
694 3988 766 4042 sit
807 4003 875 4044 ex
911 4003 1007 4043 sua
1055 3998 1247 4044 natura
1297 4005 1496 4061 corpus
1521 3994 1836 4060 humanum,

266 4079 432 4152 287
462 4079 507 4135 si
563 4080 703 4136 sciat
726 4080 905 4136 album
948 4091 1041 4134 aut
1083 4082 1292 4148 nigrum
1341 4082 1471 4136 illud
1522 4096 1664 4137 esse.
1694 4083 1840 4138 Sub-

271 4173 486 4225 stantiae
521 4171 685 4242 tgitur
715 4187 819 4227 non
847 4187 916 4226 ex
952 4172 1021 4226 iis
1058 4186 1176 4240 quae
1200 4174 1344 4226 circa
1380 4173 1522 4242 ipsas
1548 4183 1842 4229 versantur

270 4261 520 4332 cognosci
567 4270 812 4331 possunt,
842 4261 936 4316 sed
978 4277 1043 4317 ex
1083 4263 1279 4332 quibus
1325 4263 1454 4333 ipsa·
1491 4278 1588 4332 per
1621 4280 1680 4318 se
1708 4267 1837 4320 sub·

269 4355 486 4411 sistunt·

943 4463 1171 4522 ALttJD.

223 4663 231 4670 .
341 4601 481 4655 Deus
510 4599 738 4669 simplex
770 4614 889 4655 esse
914 4610 968 4656 et
997 4615 1103 4656 non
1131 4604 1461 4673 compositus
1489 4608 1556 4661 ab
1585 4610 1837 4663 omnibus

267 4692 614 4762 praedicatur.
646 4693 951 4748 Absortium
988 4694 1170 4764 itaque
1202 4703 1285 4750 est
1317 4697 1528 4763 dicere,
1567 4699 1722 4754 talem
1759 4702 1835 4771 ip·

268 4798 387 4839 sum
416 4783 482 4838 de
508 4782 793 4838 sebabere
819 4785 1199 4855 cognitionem,
1230 4787 1441 4856 qualem
1470 4801 1523 4843 et
1553 4806 1666 4845 uos.
1695 4792 1833 4846 Nam
1859 4785 1871 4798 ⁸

266 4873 312 4928 si
340 4873 454 4943 ipse
479 4873 623 4928 alind
645 4875 916 4945 quidpiam
941 4885 1056 4946 cst,
1080 4878 1182 4932 alia
1207 4893 1334 4934 vero
1359 4881 1602 4948 quaedam
1626 4882 1693 4936 ab
1719 4885 1834 4954 ipso
1879 4943 1893 4956 ‚

265 4966 499 5035 cognitio
526 4979 646 5034 quae
673 4965 723 5020 ei
753 4965 1287 5040 ineam-compositus
1316 4972 1422 5025 erit
1441 5010 1457 5036 ,
1486 4982 1542 5028 et
1571 4988 1674 5043 non
1705 4977 1835 5029 sim·

266 5055 410 5126 plex.
439 5054 575 5111 Cum
599 5070 726 5110 vero
755 5056 956 5127 absque
985 5059 1092 5114 ullo
1121 5061 1283 5116 dubio
1313 5063 1539 5131 simplex
1566 5066 1660 5131 sit,
1687 5075 1833 5121 certe

267 5148 504 5218 cognitio
534 5161 654 5218 quae
684 5146 737 5201 in
770 5147 887 5217 ipso
908 5158 994 5203 est
1018 5149 1233 5206 diversa
1264 5152 1333 5207 ab
1363 5153 1477 5223 ipso
1505 5171 1612 5210 non
1644 5167 1745 5214 est.
1775 5156 1830 5211 ln

269 5238 422 5292 nobis
459 5249 637 5294 autem
672 5239 777 5294 alia
811 5247 896 5294 est
931 5241 1089 5296 ratio.
1126 5243 1325 5300 Sumus
1355 5248 1497 5302 enim
1533 5251 1828 5306 secundum

268 5321 622 5380 substantiam
653 5327 891 5397 proprie,
921 5327 975 5382 in
1006 5327 1304 5386 substantia
1333 5344 1512 5389 autem
1546 5337 1703 5392 sitam
1738 5341 1830 5392 ba-

269 5406 456 5464 bemus
484 5414 874 5483 cognitionem,
902 5417 1064 5473 veluti
1094 5417 1326 5475 colorem
1357 5423 1409 5478 in
1439 5439 1686 5495 corpore.
1713 5425 1831 5482 Non

266 5509 397 5567 ergo
440 5500 688 5557 similiter
730 5505 1028 5576 eodemque
1080 5507 1238 5563 modo
1286 5524 1672 5581 cognoscemus
1723 5533 1835 5588 qno

271 5585 430 5654 Deus,
457 5589 655 5663 quippe
683 5595 773 5665 qui
801 5595 960 5652 allter
987 5595 1310 5653 exsistamns
1340 5614 1499 5670 quam
1529 5600 1666 5672 ipse.
1695 5605 1828 5663 Nam

266 5676 404 5749 ipse,
422 5688 673 5751 tanquam
702 5686 803 5743 boc
822 5688 1018 5757 ipsum,
1048 5686 1351 5745 intellectus
1375 5693 1611 5748 omniunt
1642 5710 1831 5767 supre-

267 5780 390 5827 mus
411 5770 666 5832 divinitus
689 5777 1080 5848 contemplatur
1100 5779 1279 5836 omnia
1305 5794 1368 5838 ac
1391 5783 1541 5840 novit
1565 5785 1822 5858 seipsum.

1870 4533 1921 4590 t)

1944 3271 2067 3324 σίαν
2103 3269 2379 3340 σημαίνει.
2425 3270 2489 3324 Εἰ
2516 3270 2695 3325 τοίνυν
2725 3271 2788 3323 ὲκ
2821 3269 2928 3323 τῶν
2955 3268 3214 3323 τοιούτων
3235 3267 3510 3341 ὄνομά*

1941 3363 2060 3434 ἢτοι
2090 3361 2378 3433 σημασιῶν
2414 3363 2583 3432 ἡμεῖς
2599 3363 2698 3414 ἐπὶ
2726 3363 2827 3431 τὴν
2853 3360 2945 3413 τοῦ
2972 3360 3113 3414 Θεοῦ
3137 3359 3349 3429 γνῶσιν
3371 3362 3510 3441 Ν-

1944 3451 2329 3523 αγωγούμεθα,
2364 3452 2481 3514 πῶς
2514 3451 2775 3521 εἰσόμεθα
2806 3450 2908 3522 τὴν
2935 3453 3127 3506 οὐσίαν
3159 3450 3338 3507 αὐτοῦ
3383 3440 3514 3522 μὴ

1943 3546 2011 3601 τὰ
2034 3546 2162 3617 περὶ
2189 3545 2356 3613 αὐτὴν
2391 3542 2769 3614 μανθάνοντες,
2808 3542 2869 3595 οὑ
2912 3543 2966 3594 τί
3017 3542 3134 3595 ἔστι
3183 3538 3516 3613 ww

1944 3637 2351 3707 παιδευόμενοι;
2385 3632 2614 3705 Ὅμοιον
2644 3634 2751 3704 γὰρ
2788 3635 2863 3697 ὡς
2892 3634 2947 3684 εἴ
2979 3651 3064 3696 τις
3107 3631 3385 3704 λέγοιήν
3413 3632 3513 3687 ὒν-

1943 3728 2163 3798 θρὼπου
2205 3726 2383 3798 ψυχὴν
2414 3726 2466 3779 τί
2500 3726 2622 3778 κατ’
2649 3724 2837 3778 οὐσίαν
2863 3726 3009 3777 ἐστὶν
3055 3723 3386 3779 ἐπίστασθαι
3427 3738 3518 3779 σι·

1944 3821 2079 3890 φῶς,
2112 3819 2271 3891 εἴπερ
2302 3820 2464 3890 εἰδείη
2498 3820 2685 3888 ὅτιπερ
2721 3817 2907 3878 ἄποιος
2926 3858 2940 3880 ,
2969 3816 3174 3879 ἄποσός
3199 3817 3410 3873 vestm
3429 3815 3518 3871 ul

1942 3909 2385 3981 ἀσχημάτιστος·
2414 3909 2445 3978 ἢ
2481 3909 2642 3978 εἰπερ
2677 3907 2826 3974 λέγοι
2861 3907 2921 3960 τὸ
2957 3907 3114 3976 σῶμα
3149 3906 3322 3977 τυχὸν
3341 3907 3512 3962 ἢὸ·

1941 3999 2213 4069 θρὼπινον
2245 4001 2299 4054 τί
2340 3998 2485 4054 κατὰ
2534 3999 2695 4068 φύσιν
2724 3999 2876 4052 ἐστὶν
2915 3998 3146 4062 εἰδέναι.
3186 3998 3220 4070 ἢ
3261 3995 3508 4068 λευὺῆ

1947 4091 2119 4162 μέλαν
2149 4089 2288 4144 εἶναι
2319 4091 2489 4159 λέγοι.
2517 4089 2725 4143 Οὐκοῦν
2764 4090 2862 4141 οὐκ
2909 4090 2976 4141 ὲκ
3012 4088 3122 4141 τῶν
3151 4089 3284 4158 περὶ
3309 4089 3412 4153 τὰς
3431 4087 3509 4153 cl»-

1943 4183 2063 4245 σὶας
2089 4184 2144 4237 αἰ
2178 4181 2356 4236 οὐσίαι
2384 4181 2814 4252 γνωσθὴσονται,
2849 4181 2963 4234 ἀλλ’
2993 4181 3051 4246 ἐξ
3074 4173 3149 4234 ὧν
3179 4181 3328 4234 εἰσιν
3360 4178 3517 4236 αὐτὰ

1942 4273 2064 4327 καθ’
2092 4274 2309 4337 ἑαυτάς.

2627 4472 2820 4529 Almo.

2026 4604 2255 4668 ’Δπλοῦς
2293 4604 2385 4658 καὶ
2416 4604 2705 4668 ἀσύνθετος
2735 4605 2811 4658 ὢν
2852 4607 2880 4658 ὁ
2920 4604 3054 4668 Θεὸς
3083 4604 3222 4675 πρὸς
3256 4605 3344 4660 ἁτε

1942 4697 2427 4770 ὁμολογηθήσεται.
2461 4697 2669 4751 Οὐκοῦν
2700 4699 2896 4752 ἄτοπον
2926 4697 2988 4750 τὸ
3030 4697 3210 4765 λέγειν
3257 4697 3518 4767 τοιαύτην

1943 4785 2082 4856 ἔχειν
2109 4786 2266 4838 αὑτὸν
2292 4787 2419 4856 περὶ
2463 4784 2655 4838 ἑαυτοῦ
2697 4784 2792 4855 τὴν
2836 4785 3054 4853 γνῶσιν,
3094 4785 3287 4840 ὁποίαν
3323 4787 3394 4839 ἂν
3426 4786 3520 4839 καὶ

1942 4878 2119 4949 ἡμεῖς.
2170 4878 2233 4931 Εἰ
2277 4877 2386 4948 γὰρ
2425 4877 2584 4940 αὐτὸς
2615 4878 2802 4950 ἔτερόν
2837 4879 2890 4930 τί
2921 4879 3090 4943 ἐστιν,
3120 4877 3286 4950 ἑτέρα
3329 4879 3389 4934 δέ
3428 4895 3518 4942 τις

1944 4969 2073 5041 παρ’
2112 4968 2274 5023 αὐτὸν
2315 4969 2351 5037 ὴ
2391 4968 2448 5019 ὲν
2477 4966 2625 5038 αὐτῷ
2654 4968 2885 5037 γνῶσις,
2907 4967 3165 5032 σύνθετος
3199 4969 3391 5037 ἔσται,
3424 4970 3521 5025 καὶ

1940 5063 2038 5132 οὐχ
2068 5059 2293 5123 ἁπλοῦς.
2334 5057 2553 5128 Ἐπειδὴ
2582 5057 2639 5110 δὲ
2681 5056 2885 5122 ἁπλοῦς
2912 5056 3397 5130 ὁμολογουμένοις,
3421 5062 3522 5134 οὐχ

1940 5151 2122 5222 ἕτερόν
2153 5167 2204 5203 τι
2228 5149 2357 5220 παρ’
2384 5149 2542 5202 αὐτὸν
2564 5151 2596 5218 ἡ
2620 5151 2676 5202 ἐν
2708 5148 2855 5218 αὐτῷ
2879 5149 3109 5220 γνῶσις·
3142 5150 3309 5221 ἡμεῖς
3341 5152 3521 5223 δὲοῦχ

1939 5241 2129 5303 οὕτως.
2177 5239 2371 5310 Ἐσμὲν
2408 5239 2516 5311 γὰρ
2547 5241 2667 5294 κατ’
2693 5240 2881 5293 οὐσίαν
2930 5242 3107 5305 ἰδίως·
3146 5243 3206 5294 ὲν
3234 5241 3293 5294 δὲ
3326 5246 3398 5315 τῇ
3428 5243 3522 5297 οὐ·

1940 5330 2031 5402 σὶᾳ
2075 5329 2329 5399 κειμένην
2361 5329 2556 5400 ἔχομεν
2599 5329 2697 5400 τὴν
2727 5329 2947 5398 γνῶσιν,
2978 5328 3170 5401 ὥσπερ
3214 5331 3424 5403 χρῶμα
3458 5333 3519 5385 ἐν

1941 5420 2174 5492 σώματι.
2193 5417 2317 5474 Ὀὐκ
2350 5420 2457 5491 ἄρα
2489 5420 2870 5492 παραπλήσιον
2914 5420 3175 5493 εἰσόμεθα
3203 5438 3260 5475 τι
3289 5424 3373 5495 τῷ
3397 5422 3521 5492 Θεῷ

1937 5515 1986 5567 οἰ
2032 5513 2107 5584 μὴ
2144 5511 2316 5576 οῦτως
2360 5513 2511 5577 ὅντες
2554 5513 2630 5577 ὡς
2672 5514 2852 5579 αὐτός.
2910 5513 3054 5568 Ἀλλ·
3093 5514 3259 5579 αὐτὸς
3303 5514 3410 5586 μὲν
3437 5515 3513 5577 ὡς

1937 5602 2069 5656 αὐτὸ
2107 5600 2171 5673 δὴ
2210 5600 2368 5654 τοῦτο
2417 5601 2539 5665 νοῦς
2580 5605 2608 5656 ὁ
2647 5605 2863 5660 πάντων
2909 5604 3190 5666 ἀνωτάτω,
3237 5602 3514 5678 θεωρήσει

1938 5691 2253 5763 θεοπρεπῶς
2297 5693 2365 5745 τά
2412 5710 2469 5746 τε
2512 5692 2643 5748 ὄντα
2689 5698 2784 5751 καὶ
2822 5696 3031 5751 ἑαυτόν.
3093 5696 3289 5768 Ἡμεῖς
3338 5694 3397 5750 ἃ
3447 5695 3511 5747 τὸ

1936 5784 2085 5840 δοθὲν
2114 5785 2242 5856 ἡμῖν
2293 5786 2487 5858 μέτρον
2524 5789 2870 5860 ύπερὸαίνειν
2906 5791 2970 5846 ού
3007 5789 3293 5862 δυνάμενοι
3333 5789 3414 5853 ὡς
3449 5789 3510 5843 ἐν
