3809 6125
402 268 499 325 879

1420 262 1481 318 S.
1518 261 1793 320 CYnth
1833 258 2299 316 ALEXANomNt
2337 257 2657 315 ARCHtEP.

3550 254 3659 312 880

470 388 535 441 Α.
561 386 675 442 Non
700 399 852 452 sane,
880 383 1131 451 Hermia;
1171 391 1223 438 et
1246 382 1460 453 quidem
1495 384 1547 438 in
1572 382 1732 437 aliam
1763 384 1954 438 absur-
1992 398 2038 455 Α
2133 384 2198 438 Α.
2241 381 2356 435 Οὐκ
2407 380 2495 447 ἂν,
2525 375 2571 435 ὧ
2605 379 2779 449 ’γαθὲ,
2810 379 2903 431 καὶ
2947 376 3026 440 εἰς
3067 374 3258 446 ἑτέραν
3288 371 3488 439 αὐτοὺς
3528 376 3658 429 ατο·

401 474 622 531 ditutem
655 490 749 531 eos
772 474 987 546 egregie
1017 472 1309 528 detruserit
1331 481 1516 529 nostra
1548 472 1862 542 disputatio.

469 563 532 623 Β.
566 565 621 620 in
644 579 808 635 quam
836 561 1013 620 dieis?

463 656 530 710 Α.
572 652 795 709 Tributa
841 650 1060 723 quidum
1110 650 1389 722 coiiigunt‚
1425 666 1495 707 ex
1540 652 1676 723 legis
1720 648 1970 709 Mosaieae

398 754 691 815 praecepto,
724 743 778 798 in
808 743 935 797 bina
957 741 1135 812 capita
1165 741 1536 797 didrachmum
1562 758 1726 797 unum
1752 743 1973 812 exigen-

402 844 502 889 tes.
538 832 778 888 Veniunt
796 835 862 887 ad
888 830 1107 886 Petrum
1143 833 1380 900 rogaturi
1428 841 1615 887 utrum
1664 834 1828 888 etiam
1853 834 1971 904 ipse

399 924 652 982 Christus
679 924 731 978 in
762 922 993 978 aliorum
1032 936 1259 977 numero
1285 923 1596 979 censendus
1613 932 1782 989 esset,
1817 934 1873 979 et
1902 925 1973 979 ab

399 1033 466 1076 eo
497 1017 756 1073 tributum
791 1015 1224 1088 exigendum,an
1260 1014 1377 1084 ipse
1416 1029 1481 1070 eo
1505 1028 1566 1070 se
1602 1016 1773 1071 teneri
1808 1029 1973 1086 nega-

405 1117 561 1164 turus
594 1115 763 1164 esset.
789 1105 938 1162 illico
960 1104 1178 1160 divinus
1208 1103 1502 1176 discipulus
1526 1104 1810 1174 Dominum
1837 1106 1969 1170 adit,

400 1199 530 1271 quid
557 1197 611 1253 in
654 1210 719 1252 ea
749 1211 809 1252 re
841 1193 1145 1250 faciendum
1181 1202 1329 1249 esset
1359 1192 1501 1248 scire
1541 1194 1765 1262 cupiens
1806 1193 1971 1262 :,sed

399 1285 731 1363 praeveniens
755 1283 934 1351 lesus,
958 1285 1090 1340 dixit
1110 1302 1124 1339 ι
1144 1302 1164 1336 ι
1183 1284 1359 1354 Reges
1382 1292 1542 1339 terrae
1563 1300 1593 1339 a
1617 1285 1815 1355 quibus
1833 1283 1973 1338 acci·

397 1380 554 1449 piunt
582 1377 839 1433 tributum
866 1415 880 1440 ,
928 1376 1014 1430 vel
1065 1373 1331 1431 censum?
1361 1374 1408 1429 A
1448 1375 1573 1429 iiiiis
1617 1375 1751 1440 suiS,
1801 1390 1869 1430 an
1901 1374 1970 1429 ab

400 1467 629 1524 alienis?
669 1485 687 1519 i
724 1465 886 1521 Petro
929 1479 1061 1519 vero
1112 1465 1352 1520 dicente:
1396 1482 1416 1516 ι
1452 1467 1535 1519 Ab
1565 1463 1778 1528 aiienis,
1824 1482 1842 1516 ο
1875 1464 1971 1518 ad·

399 1560 571 1616 didit:
601 1576 621 1611 ι
650 1557 818 1626 igitur
849 1556 1008 1613 liberi
1047 1564 1175 1611 sunt
1202 1554 1317 1610 iiiii.
1357 1552 1430 1610 Ut
1461 1564 1643 1610 autem
1676 1570 1780 1610 non
1813 1569 1971 1609 scan-

399 1643 695 1700 dalizemus
722 1657 839 1707 εοε,
886 1641 1024 1697 vade
1057 1642 1125 1697 ad
1156 1656 1328 1707 mare,
1359 1650 1415 1697 et
1449 1643 1602 1697 mitte
1631 1642 1875 1710 hamum,
1914 1652 1971 1697 et

2071 472 2203 525 πίαν
2232 470 2603 542 κατωθήσειεν
2633 471 2698 525 ἂν
2724 471 2816 525 καὶ
2846 469 2989 541 μάλα
3017 464 3282 530 νεανικῶς
3311 465 3341 518 ό
3362 464 3549 535 λόγος.

2145 563 2206 618 Β.
2245 561 2340 627 Εἰς
2371 561 2492 615 τίνα
2523 562 2589 632 δὴ
2628 564 2768 633 φὴς;

2142 654 2208 707 Α.
2251 651 2655 723 Δασμολογοῦσί
2698 668 2859 716 τινες,
2891 649 3034 705 κατὰ
3075 648 3240 719 νόμον
3267 648 3349 713 είς
3377 647 3542 703 τοῦτο
3568 646 3660 701 τὸν

2071 741 2160 797 διὰ
2183 742 2427 806 Μωσέως
2462 742 2692 813 ἰγμένοι,
2721 742 2815 795 καὶ
2840 740 2939 812 τὴν
2984 740 3077 794 τοῦ
3102 741 3397 812 διδράχμου
3442 755 3661 794 συνεισ-

2077 832 2251 906 φορὰν
2278 833 2625 902 συλλέγουσιν
2666 833 2807 899 ὑπὲρ
2840 832 2983 888 δυαίν
3008 832 3292 902 κεφαλαίν,
3318 829 3663 899 ἐξαιτοῦντες

2072 919 2134 977 τὸ
2162 923 2241 978 ἓν.
2294 920 2513 994 Ἐπειδὴ
2558 923 2614 977 δὲ
2641 922 2721 994 τῷ
2753 921 2950 994 Πέτρῳ
2986 921 3319 995 προσῄεσαν,
3345 921 3668 976 ἀναπυνθα-

2071 1010 2259 1067 νεσθαι
2283 1012 2393 1084 γὰρ
2431 1011 2629 1082 ἐδόκει,
2658 1011 2863 1084 πότερα
2888 1011 2984 1066 καὶ
3022 1012 3185 1076 αὐτὸς
3227 1014 3343 1076 τοῖς
3367 1013 3663 1083 συνεισφέ-

2075 1117 2230 1176 ρουσι
2254 1102 2661 1170 συντετάξεται,
2683 1104 2775 1157 καὶ
2798 1101 3184 1173 δασμολογεῖτο
3202 1102 3463 1176 Χριστὸς,
3490 1104 3670 1175 ἤγουν

2073 1195 2388 1263 ἅποφάσκει
2429 1193 2528 1266 τὴν
2557 1193 2864 1266 εἴσπραξιν,
2897 1192 3140 1266 εἰσέθορε
3175 1193 3274 1264 μὲν
3307 1193 3476 1259 εὐθὺς
3518 1197 3551 1249 ό
3576 1195 3665 1249 Os·

2074 1283 2298 1348 σπέσιος
2333 1282 2581 1355 μαθητὴς
2622 1280 2681 1335 τὸ
2726 1281 2778 1336 τί
2815 1281 2880 1336 ἂν
2912 1282 3157 1355 βούλοιτο
3197 1280 3331 1353 δρᾷν
3361 1283 3570 1349 αὐτοὺς
3608 1284 3666 1338 ἔν

2070 1391 2137 1443 γε
2167 1372 2365 1445 τουτῳῒ
2392 1372 2679 1446 διαμαθεῖν
2709 1371 2877 1437 ἀξιῶν
2898 1388 2913 1403 ·
2947 1370 3111 1444 ἤρετο
3139 1371 3197 1426 δὲ
3238 1373 3459 1446 φράσας
3485 1376 3516 1428 ὁ
3563 1375 3667 1445 Ἰη-

2076 1464 2202 1527 σοῦς
2221 1481 2235 1495 ·
2274 1484 2293 1514 ‹
2332 1464 2395 1516 Oi
2431 1462 2672 1534 βασιλεῖς
2702 1462 2800 1532 τῆς
2829 1461 2957 1532 γῆς,
2993 1460 3101 1515 ἀπὸ
3130 1460 3289 1516 τίνων
3318 1462 3667 1535 λαμὸᾰνουσι

2071 1552 2197 1623 τέλη
2227 1552 2260 1622 ἢ
2286 1552 2518 1624 κῆνσονς
2553 1550 2661 1603 ἀπὸ
2686 1548 2796 1602 τῶν
2821 1548 2952 1602 υἰῶν
2986 1546 3183 1614 αὐτῶν,
3218 1548 3252 1621 ἢ
3285 1549 3395 1602 ἀπὸ
3441 1548 3555 1603 τῶν
3580 1550 3669 1603 ἀλ·

2069 1644 2336 1712 λοτρίων;
2386 1661 2406 1696 ι
2440 1641 2650 1714 Πέτρου
2696 1639 2750 1693 δὲ
2797 1639 3078 1703 εἰπόντος·
3115 1658 3134 1691 ι
3188 1640 3323 1693 Ἀπὸ
3355 1638 3471 1693 τῶν
3502 1637 3665 1695 ἀλλο-

397 1748 522 1789 eum
550 1733 749 1802 piscem
771 1732 864 1802 qui
900 1732 1106 1801 primus
1133 1731 1463 1799 ascenderit,
1496 1731 1657 1787 tolle:
1691 1742 1747 1787 et
1772 1739 1965 1801 aperto
2002 1737 2041 1791 B
2070 1735 2258 1806 τρίων,
2312 1750 2331 1784 ι
2385 1730 2491 1803 ἔφη
2535 1730 2877 1803 προστιθείς·
2928 1747 2948 1781 ι
2988 1731 3132 1801 ”Apa
3174 1746 3237 1799 γε
3275 1730 3562 1801 ἐλεύθεροί
3591 1733 3672 1786 εἰ·

397 1839 494 1881 ore
518 1824 655 1895 ejus,
690 1824 928 1878 invenies
957 1833 1255 1879 staterem:
1307 1822 1458 1877 iilum
1498 1838 1744 1889 sumens,
1776 1823 1842 1878 da
1887 1826 1968 1879 eis

396 1930 497 1984 pro
520 1930 606 1970 mc
634 1921 690 1969 et
713 1919 764 1967 te
793 1914 861 1965 ⁸⁸.
894 1932 912 1964 ι
938 1911 1198 1983 Intelligis
1219 1927 1351 1983 crgo
1375 1912 1683 1971 testimonio
1707 1912 1799 1968 illo
1821 1922 1975 1967 natu·

396 2024 474 2064 1·ae
504 2023 616 2065 suae
649 2007 1004 2063 confirmasse
1035 2004 1376 2063 libertatem?
1418 2004 1546 2061 Haec
1588 2013 1772 2073 autem
1815 2020 1973 2061 erca-

397 2108 576 2153 turam
635 2102 873 2166 superat.
911 2094 1158 2151 Creatori
1201 2096 1346 2152 enim
1389 2099 1559 2153 servit
1611 2098 1971 2168 quodcunque

395 2190 718 2262 productum
756 2196 860 2243 est.
893 2185 970 2241 ita
1002 2187 1166 2243 etiam
1203 2187 1420 2243 divinus
1445 2197 1630 2245 noster
1651 2188 1822 2245 David
1851 2189 1965 2244 ela·

395 2281 579 2337 niabat
624 2278 693 2334 ad
733 2278 972 2335 universi
1023 2279 1420 2335 dominatorem
1468 2278 1674 2334 Deum:
1715 2297 1735 2331 ι
1772 2279 1968 2336 Omnia

395 2372 640 2428 serviunt
672 2369 768 2425 tibi
798 2368 867 2423 ⁸⁷.
911 2388 930 2422 ι
968 2368 1140 2439 Igitur
1163 2368 1333 2424 Filius
1365 2378 1705 2440 nequaquam
1732 2380 1816 2425 est
1838 2384 1969 2425 con-

395 2462 602 2517 ditione
626 2459 831 2525 servili,
872 2474 975 2515 nec
1021 2460 1168 2515 inter
1194 2460 1441 2516 subditos
1477 2468 1752 2528 censetur,
1782 2460 1878 2516 sed
1911 2460 1965 2515 in

395 2552 561 2627 516
604 2560 797 2607 natura
839 2551 1018 2607 divina
1066 2560 1120 2607 et
1164 2564 1443 2622 suprema,
1483 2557 1722 2623 'quaeque
1775 2566 1968 2609 omnes

394 2649 675 2697 creaturas
704 2638 1058 2696 transcendit.

2078 1839 2164 1876 σιν
2195 1824 2244 1875 οἱ
2277 1820 2404 1887 υἱοὶ,
2434 1821 2523 1874 ἵνα
2547 1818 2605 1872 δὲ
2641 1822 2717 1891 μὴ
2744 1818 3186 1889 σκανδαλίσωμεν
3214 1819 3438 1885 αὐτοὺς,
3467 1837 3669 1893 πορευ-

2076 1910 2189 1975 θεὶς
2207 1912 2288 1975 εἰς
2321 1909 2618 1976 θάλασσαν,
2641 1908 2772 1980 βαλὲ
2799 1910 3114 1981 ἄγκιστρον,
3142 1912 3236 1965 καὶ
3260 1910 3353 1965 τὸν
3380 1912 3667 1969 άναΰάντα

2076 2005 2293 2076 πρῶτον
2336 2002 2490 2075 ἰχθὺν
2520 1999 2677 2074 ἆρον,
2724 2003 2820 2056 καὶ
2868 2003 3087 2068 ἀνοίξας
3129 2003 3191 2056 τὸ
3243 2004 3425 2077 στόμα
3468 2006 3663 2071 αὐτοῦ,

2072 2096 2330 2168 εὑρήσεις
2365 2093 2608 2166 στατῆρα
2631 2110 2649 2124 ·
2677 2094 2883 2148 ἐκεῖνον
2928 2091 3129 2164 λαβὼν,
3169 2094 3258 2159 δὸς
3310 2095 3499 2161 αὐτοῖς
3543 2097 3666 2151 ἀντὶ

2074 2185 2207 2257 ἐμοῦ
2237 2186 2333 2239 καὶ
2362 2184 2485 2243 σοῦ.
2521 2203 2540 2237 ι
2573 2184 2816 2257 Δίσθάνῃ
2851 2183 2918 2257 δὴ
2954 2180 3047 2239 οὖν
3074 2186 3157 2240 ὅτι
3188 2187 3256 2258 τῇ
3290 2188 3471 2261 οἰκείᾳ
3501 2188 3663 2259 φύσει

2074 2276 2615 2354 προσμεμαρτύρηκε
2655 2276 2717 2330 τὸ
2742 2276 3061 2349 ὲλεύθερονς
3096 2277 3269 2333 Τοῦτο
3291 2280 3340 2335 δ’
3370 2280 3440 2335 ἂν
3460 2280 3571 2353 εἰη,
3599 2282 3665 2335 τὸ

2075 2368 2217 2442 ὑπὲρ
2244 2368 2452 2424 κτίσιν·
2480 2368 2663 2423 δοῦλον
2694 2369 2802 2442 γὰρ
2832 2369 2927 2424 τοῦ
2952 2370 3340 2443 πεποιηκότος,
3372 2372 3438 2426 τδ
3467 2390 3665 2446 παροι-

2075 2460 2202 2516 σθὲν
2230 2462 2310 2525 εἰς
2337 2461 2571 2533 γένεσιν.
2607 2459 2764 2514 Οὕτω
2786 2460 2881 2514 καὶ
2905 2462 2933 2514 ό
2961 2459 3103 2525 θεῖος
3124 2461 3261 2532 ἡμῖν
3287 2463 3668 2536 ἁνακεκράγει

2073 2550 2259 2620 Δαὸἰδ,
2301 2553 2439 2624 πρὸς
2486 2552 2578 2607 τὸν
2611 2551 2718 2605 τῶν
2762 2551 2901 2606 ὅλων
2946 2551 3440 2619 κατεξουσιάζοντα
3487 2555 3660 2611 &dv-

2078 2661 2100 2695 c
2143 2644 2265 2695 ’Ότι
2290 2642 2359 2695 τὰ
2390 2643 2700 2714 σύμπαντα,
2732 2643 2892 2698 δοῦλα
2916 2644 3006 2698 σά.
3048 2661 3067 2695 ι
3101 2643 3311 2699 Οὑκοῦν
3330 2646 3391 2700 έν
3423 2647 3658 2717 μέτροις

395 2737 526 2808 ἡμῖν
556 2734 677 2806 οὐχὶ
708 2737 822 2799 τοῖς
861 2734 1304 2805 δουλοπρεπέσιν,
1347 2712 1468 2791 οὐδὲ
1505 2737 1564 2791 έν
1630 2738 1743 2802 τοῖς
1802 2737 1909 2791 ὑπὸ
1954 2737 2118 2807 ζυγὸν
2145 2738 2174 2790 ὁ
2215 2736 2365 2803 Υἱὸς,
2409 2738 2627 2792 ἀλλ’-ὲν
2674 2738 2835 2808 φύσει
2895 2741 2960 2809 τῇ
3009 2736 3133 2809 Θείᾳ
3175 2737 3262 2791 καί
3338 2738 3640 2809 ὑπερτάτῃ,

395 2830 489 2887 καὶ
528 2829 991 2902 ὑπερθρωσκούση
1015 2829 1083 2883 τὰ
1115 2832 1336 2900 γενητὰ.

458 2923 521 2977 Β.
555 2926 631 2978 ltu
663 2940 906 2994 prorsus.

2141 2925 2203 2979 B.
2260 2921 2504 2994 Ἀληθές.

469 3018 535 3070 Α.
568 3015 652 3071 An
699 3015 849 3071 illum
885 3018 1125 3088 igitur,o
1150 3016 1391 3085 Hermia,
1442 3020 1537 3090 qui
1578 3023 1688 3076 ta'm
1738 3030 1963 3091 augusta
1993 3035 2038 3099 c
2137 3017 2205 3072 A·
2245 3011 2371 3090 Ἆρ’
2404 3011 2517 3082 Οὗν,
2554 3008 2599 3069 ὧ
2658 3016 2904 3089 Ἑρμεία»
2951 3016 3040 3073 τὸν
3081 3016 3225 3074 Οὕτω
3271 3019 3460 3093 “emsa”
3488 3038 3665 3096 κατη-

395 3104 676 3174 majestate
701 3111 785 3158 est
814 3106 1141 3176 conspicuus
1163 3148 1180 3174 ,
1219 3107 1498 3162 servitutis
1528 3108 1662 3181 jugo
1707 3110 1967 3180 subjicie-

399 3204 549 3256 mus,
581 3191 710 3247 iicet
734 3191 790 3246 in
825 3194 969 3249 servi
1015 3195 1189 3250 forma
1244 3196 1590 3254 descendisse
1620 3201 1969 3257 dicaturi'At

393 3282 487 3350 qui
517 3296 623 3336 non
656 3281 798 3338 istud
843 3282 1082 3354 ineptum
1125 3285 1324 3341 ruerit?
1350 3286 1484 3343 Nam
1510 3290 1557 3345 si
1585 3290 1759 3346 tactus
1790 3301 1876 3347 est
1912 3293 1965 3346 in

393 3368 541 3427 servi
566 3371 763 3439 forma,
788 3375 1059 3444 sequitur,
1083 3376 1296 3445 opinor,
1337 3379 1481 3445 quod
1513 3388 1639 3435 ante
1667 3382 1812 3435 servi
1851 3381 1966 3437 sor-

394 3476 538 3517 mam
586 3463 814 3534 degebat
854 3465 1039 3537 ntique
1095 3466 1148 3522 in
1204 3467 1373 3524 libera
1418 3480 1474 3524 et
1514 3471 1689 3528 soluta
1745 3482 1964 3529 natura.

395 3551 581 3623 Neque
609 3555 755 3609 enim
783 3555 948 3612 fuerit
979 3558 1032 3614 id
1062 3559 1205 3628 quod
1227 3569 1367 3627 erat,
1392 3562 1484 3617 sed
1510 3564 1554 3619 si
1588 3579 1650 3619 ea
1680 3565 1736 3619 in
1768 3566 1966 3636 quibus

395 3654 509 3701 orat
536 3646 782 3717 proiecit,
819 3649 886 3704 ad
918 3649 1060 3704 aliud
1089 3651 1344 3721 quiddam
1390 3653 1514 3724 jure
1533 3657 1730 3713 merito
1760 3659 1966 3730 migra·

393 3736 554 3794 verit.
591 3735 752 3793 Venit
788 3737 953 3810 igitur
979 3741 1134 3796 nobis
1179 3755 1283 3797 non
1321 3758 1387 3798 ex
1427 3747 1599 3800 servis
1627 3747 1682 3802 in
1715 3762 1962 3817 servum,

393 3827 489 3884 sed
521 3843 586 3882 ex
636 3827 806 3884 libera
845 3839 1037 3885 natura
1088 3830 1257 3887 Filius
1280 3833 1334 3888 in
1366 3837 1510 3891 servi
1555 3836 1810 3894 sormam.
1856 3840 1965 3897 Sed

393 3920 442 3974 si
475 3919 609 3975 nihii
637 3928 720 3975 est
748 3921 1078 3978 discriminis
1102 3964 1117 3990 ‚
1167 3925 1211 3981 si
1243 3925 1374 3981 nihil
1408 3936 1641 3998 tempus,
1697 3930 1742 3985 si
1773 3945 1964 4002 perso-

392 4023 583 4087 narunt
615 4011 879 4067 discussio
905 4013 1036 4068 nihil
1061 4014 1148 4070 hic
1177 4014 1351 4085 juvat,
1383 4025 1460 4083 et,
1484 4019 1529 4073 si
1556 4021 1762 4074 nudum
1782 4022 1960 4078 adhuc

392 4096 729 4168 intelligatur
756 4106 810 4153 et
839 4100 1042 4170 absque
1070 4115 1234 4157 earne
1275 4102 1531 4170 Verbum,
1566 4121 1676 4161 non
1707 4109 1961 4177 equidem

393 4184 760 4253 liberuni‚sed
793 4203 1012 4244 servum
1054 4201 1300 4258 vocetur,
1324 4202 1379 4248 et
1407 4195 1548 4249 inter
1569 4199 1815 4253 subditos
1864 4214 1964 4254 nu-

393 4283 652 4331 meretur.

465 4449 529 4504 B.
557 4447 625 4505 At
652 4449 743 4520 qui
784 4450 903 4506 fieri
932 4458 1108 4520 potest
1136 4460 1199 4507 ut
1232 4466 1339 4508 non
1372 4452 1462 4510 iiia
1489 4456 1636 4511 omni
1656 4457 1963 4513 absurdita-

395 4540 467 4597 tis
499 4555 697 4612 genere
719 4541 1003 4598 scateant?

462 4634 528 4689 A.
579 4632 765 4703 itaque
796 4633 1092 4689 adversarii
1139 4634 1396 4693 audiant:
1436 4636 1569 4692 Cum
1622 4649 1862 4710 tempora
1910 4651 1966 4698 et

392 4737 655 4796 personas
683 4725 915 4780 scrutari
969 4740 1076 4781 non
1124 4727 1321 4794 sinitis,
1371 4742 1480 4798 quo
1531 4731 1788 4785 tenditis?
1821 4731 1962 4798 Quid

393 4815 579 4886 agitis,
605 4830 640 4870 o
665 4830 762 4871 vos
801 4815 947 4871 omni
984 4815 1125 4870 maio
1147 4817 1338 4886 spiritu
1397 4821 1568 4888 pressi
1623 4829 1787 4891 atque
1845 4823 1960 4893 agi-

395 4904 542 4961 tati?
571 4904 701 4972 quid
730 4905 972 4961 miscetis
993 4921 1116 4976 quae
1132 4908 1346 4963 misceri
1370 4917 1668 4978 nequeunt,
1695 4919 1959 4983 tempore,

394 4994 641 5068 personis
679 5002 735 5049 et
775 4996 1077 5052 rationibus
1109 4996 1342 5067 rejectis,
1386 4999 1581 5069 quibus
1618 5015 1806 5058 eorum
1838 5019 1960 5074 quae

396 5087 462 5142 de
498 5085 638 5140 Filio
681 5083 935 5141 dicuntur
966 5089 1350 5160 contemplatio
1372 5090 1519 5146 eiara
1558 5091 1631 5147 sit
1661 5103 1825 5165 atque
1853 5096 1962 5152 dis-

396 5174 598 5230 tincta?
643 5173 746 5230 Ubi
778 5175 922 5230 enim
977 5177 1315 5234 incarnatum
1345 5194 1452 5236 uon
1495 5192 1614 5238 erat
1651 5183 1792 5242 Deus
1823 5185 1963 5241 Ver-

394 5265 523 5322 bum
549 5280 615 5320 ex
652 5262 814 5321 Patre
839 5266 1104 5335 genitum,
1134 5269 1204 5323 ibi
1239 5270 1520 5327 considera
1562 5273 1796 5330 divinam
1843 5292 1961 5332 ma-

391 5354 667 5425 jestatem,
697 5357 874 5412 adhuc
904 5357 1318 5427 impermistam,
1347 5363 1621 5419 sinceram
1641 5376 1742 5432 ‚et
1769 5368 1961 5425 incon·

395 5445 570 5502 fusam
602 5446 853 5516 gioriam,
887 5447 1190 5504 libertatem
1222 5453 1498 5522 eximiam,
1528 5456 1787 5527 aequaiem
1834 5475 1959 5518 cum

472 5622 519 5654 ⁸⁸
546 5621 733 5678 Manli.
763 5640 893 5686 xvn.
921 5627 1119 5711 2535..
1182 5628 1227 5662 ⁸⁷
1259 5628 1404 5686 Psal,
1432 5647 1614 5696 omn.
1642 5636 1731 5695 9¹.

2068 3107 2392 3179 γλαῖσμένον
2420 3105 2717 3179 ἀξιώματι,
2744 3112 2853 3172 τοῖς
2881 3109 2982 3179 τῆς
3009 3108 3253 3176 δουλείας
3288 3111 3477 3182 ζυγοῖς
3523 3115 3661 3170 ὕπο-

2068 3197 2332 3269 θήσομεν,
2367 3200 2417 3251 εἰ
2447 3199 2541 3251 καὶ
2571 3199 2629 3251 ὲν
2655 3202 2720 3271 τῇ
2764 3200 2860 3253 τοῦ
2893 3199 3080 3254 δούλου
3112 3205 3300 3274 μορφῇ
3333 3203 3660 3260 καθικέσθαι

2068 3288 2317 3356 λέγοιτο;
2355 3288 2570 3355 Καίτοι,
2618 3290 2735 3353 πῶς
2791 3290 2949 3346 τοῦτο
2985 3292 3086 3345 οὐκ
3132 3293 3382 3363 ἀμαθές;
3439 3297 3507 3350 Ei
3550 3297 3662 3370 γὰρ

2068 3381 2289 3450 γέγονεν
2334 3382 2393 3434 ὲν
2438 3379 2622 3434 δούλου
2671 3385 2875 3455 μορφῇ,
2912 3383 3079 3454 φαίην
3120 3383 3206 3450 ἂν,
3253 3385 3337 3439 ὄτι
3388 3386 3501 3459 πρὸ
3562 3388 3663 3459 τῆς

2067 3471 2162 3525 τοῦ
2190 3471 2376 3526 δούλου
2409 3471 2626 3543 μορφῆς
2662 3471 2893 3527 διετέλει
2927 3473 3144 3536 πάντως
3189 3474 3252 3529 ὲν
3291 3474 3564 3548 ἐλευθέρᾳ
3601 3493 3661 3531 τε

2069 3565 2165 3617 καὶ
2202 3563 2463 3634 ἀνειμένῃ
2492 3563 2670 3630 φύσει.
2707 3564 2841 3617 Οὐδὲ
2870 3564 2978 3635 γὰρ
3002 3565 3066 3618 ἂν
3107 3566 3319 3633 γένοιτό
3344 3585 3401 3623 τι
3432 3566 3545 3623 τῶν
3570 3569 3662 3625 δν·

2068 3671 2175 3708 των
2205 3654 2233 3707 ὃ
2267 3650 2360 3725 ἦν,
2390 3655 2451 3707 τὸ
2478 3655 2535 3707 δὲ
2566 3656 2624 3708 ὲν
2653 3652 2734 3719 οἷς
2766 3653 2834 3728 ἦν
2881 3660 2927 3710 εἰ
2959 3659 3199 3728 πρόοιτο,
3224 3661 3324 3732 τὴν
3354 3661 3446 3731 ἐφ’
3471 3663 3664 3736 ἕτερόν

2068 3762 2121 3798 τι
2149 3746 2492 3817 μεταδρομὴν
2518 3748 2707 3800 ποιοῖτ’
2732 3746 2798 3801 ἂν
2824 3750 3066 3813 εἰκότως.
3093 3751 3258 3805 Ἥκει
3288 3753 3473 3807 τοίνυν
3496 3756 3657 3826 ἡμῖν,

2066 3835 2168 3889 οὐκ
2195 3834 2254 3902 ἐξ
2296 3837 2521 3890 οἰκετῶν
2555 3839 2636 3900 εἰς
2682 3838 2917 3910 οἰκέτην,
2968 3841 3081 3895 ἀλλ’
3111 3841 3171 3906 ἐξ
3208 3842 3504 3916 ἐλευθέρας
3550 3845 3657 3916 φύ-

2068 3942 2208 3990 σεως
2236 3927 2265 3979 ὁ
2289 3926 2436 3992 Υἱὸς,
2469 3928 2549 3992 εἰς
2566 3928 2666 4000 τὴν
2692 3928 2786 3982 τοῦ
2816 3930 3003 3984 δούλου
3038 3935 3275 4005 μορφήν.
3322 3935 3467 3990 Ἀλλ’
3493 3937 3654 4010 εἰπερ

2066 4017 2217 4071 οὐδὲν
2237 4017 2298 4070 τὸ
2324 4016 2677 4088 μεσολαὸοῦν,
2702 4019 2750 4071 εἰ
2776 4020 2942 4089 μηδὲν
2966 4021 2994 4073 ὁ
3021 4022 3227 4093 χρόνος,
3260 4024 3308 4076 εί
3338 4028 3651 4096 προσώπων

2067 4107 2262 4178 ἔρευνα
2290 4107 2351 4160 τὸ
2375 4107 2560 4161 τελοῦν
2602 4110 2683 4173 εἰς
2707 4110 2892 4182 ὄνησιν
2921 4114 2980 4164 έν
3007 4112 3212 4177 τούτοις
3243 4115 3344 4168 οὐκ
3385 4117 3525 4188 ἔχει,
3558 4120 3648 4174 καὶ

2073 4199 2123 4251 εἰ
2139 4197 2343 4268 γυμνὸς
2374 4198 2455 4252 ἔτι
2486 4202 2657 4253 νοοῖτο
2683 4200 2868 4255 λοιπὸν
2896 4203 2990 4257 καὶ
3015 4204 3135 4275 δίχα
3169 4206 3370 4276 σαρκὸς
3397 4211 3429 4262 ό
3455 4210 3646 4279 Λόγος,

2066 4289 2350 4361 ἐλεύθερος
2405 4291 2505 4362 μὲν
2566 4291 2709 4362 οὐχὶ,
2758 4293 3134 4368 διακεκλήσθω
3184 4298 3241 4352 δὲ
3292 4298 3505 4368 δοῦλος,
3556 4303 3649 4359 καὶ

1994 4370 2038 4425 D
2067 4381 2478 4455 ὲπαριθμείσθω
2508 4386 2618 4448 τοῖς
2654 4384 2759 4437 ὑπὸ
2787 4385 2971 4455 ζυγόν.

2133 4472 2196 4527 Β.
2238 4467 2368 4527 Εἶτα
2401 4472 2518 4537 πῶς
2544 4474 2644 4544 οὐχ
2673 4475 2887 4546 ἁπάσης
2936 4477 3067 4548 ἡμῖν
3093 4477 3321 4542 ἀτοπίας
3361 4480 3647 4553 ἀνάμεστα

2065 4563 2263 4629 ταυτί;

2134 4653 2199 4708 Α.
2242 4651 2470 4720 Οὐκοῦν,
2506 4654 2811 4708 ἀκουόντων
2840 4657 2887 4708 οἰ
2915 4657 3215 4721 διεναντίας
3238 4675 3252 4688 ·
3285 4661 3531 4731 Καιροὺς
3553 4662 3645 4715 καί

2068 4743 2334 4815 πρόσωπα
2366 4743 2678 4814 βασανίζειν
2725 4746 2825 4798 οὐκ
2869 4747 3206 4818 ἀνεχόμενοι,
3256 4751 3352 4802 ποῖ
3386 4750 3645 4823 φέρεσθε,

2065 4831 2117 4884 τί
2145 4831 2327 4902 δρᾶτε,
2363 4826 2408 4885 ὧ
2443 4835 2605 4888 παντὶ
2634 4836 2906 4907 πνεύματι
2940 4837 3161 4909 πονηρῷ
3207 4840 3520 4913 παράφοροι
3553 4845 3647 4896 καὶ

2068 4921 2366 4993 ἁλώσιμοι;
2397 4924 2449 4977 τί
2487 4929 2735 4995 συγχεῖτε
2764 4928 2834 4980 τὰ
2861 4928 3090 4996 ἄμικτα,
3126 4931 3320 5001 καιροῦ
3360 4933 3458 4985 καὶ
3487 4951 3649 5004 προσ-

2072 5013 2236 5068 ώπων
2262 5015 2356 5067 καὶ
2383 5014 2657 5087 λογισμῶν
2689 5018 3099 5088 ἀφειδήσαντες,
3125 5019 3192 5073 δι’
3224 5015 3299 5073 ὧν
3327 5022 3394 5075 ἃν
3436 5025 3648 5092 γένοιτο

2075 5104 2248 5177 σαφὴς
2275 5107 2367 5159 καὶ
2392 5106 2511 5160 λίαν
2553 5107 2939 5181 εὐκρινεστέρα
2974 5110 3081 5164 τῶν
3110 5111 3193 5182 ἐφ’
3230 5111 3344 5182 Υἰῷ
3379 5113 3647 5186 λαλουμέ·

2068 5214 2174 5250 νων
2200 5199 2232 5267 ἡ
2270 5196 2502 5269 θεωρία;
2537 5200 2710 5253 Ὅπου
2744 5201 2842 5272 μὲν
2863 5200 2970 5275 γὰρ
2998 5203 3096 5256 οὐκ
3125 5204 3183 5256 ἓν
3213 5205 3377 5275 σαρκὶ
3403 5205 3645 5276 γεγονὼς

2068 5285 2199 5350 Θεὸς
2234 5282 2302 5356 ἦν
2332 5287 2361 5339 ὁ
2390 5289 2578 5356 Λόγος,
2619 5293 3013 5363 γεγεννημένος
3036 5294 3101 5347 ἐκ
3126 5294 3362 5366 Πατρδς,
3394 5297 3517 5351 ἐκεῖ
3544 5314 3643 5351 κα·

2067 5374 2372 5432 τασκέπτου
2402 5377 2462 5432 τὸ
2502 5379 2748 5451 ἀμίκτως
2795 5382 2873 5436 ἔτι
2910 5382 3209 5455 θεοπρεπὲς
3253 5385 3500 5458 ἀξίωμα,
3548 5387 3645 5460 τὴν

2066 5465 2331 5539 εἰλικρινῆ
2361 5469 2455 5524 καὶ
2470 5470 2771 5544 ἁσύγχυτον
2786 5473 2960 5543 δόξαν,
2977 5474 3039 5529 τὸ
3055 5473 3411 5550 ὲξῃρημένως
3428 5478 3641 5535 tudet-
