3809 6125
303 310 436 371 {321

1425 312 1622 382 Quot>
1660 310 1850 369 UNUS
1888 310 1996 367 Str
2033 309 2398 370 cuiusuis,

3427 310 3452 362 1
3464 312 3570 363 322

299 430 400 485 δὰν
439 430 715 503 παύσηται
751 433 781 486 6
809 435 1098 508 τρυγητὸς,
1123 426 1270 491 οὗτοι
1300 438 1449 521 φωνῇ
1491 435 1795 506 βοήσονται·
1830 434 1881 488 οἱ
1912 441 1956 499 Α
1988 440 2213 497 terram,
2269 430 2619 487 exsultabunt
2668 443 2792 487 cum
2840 427 3009 500 gloria
3062 424 3271 482 Domini
3300 423 3364 479 ⁸¹.
3418 442 3441 479 a
3500 423 3568 479 Et

298 523 356 578 δὲ
386 523 833 595 καταλειφθέντες
858 529 952 581 ἐπὶ
982 530 1081 601 τῆς
1102 528 1226 601 γῆς,
1257 528 1725 600 εὐφρανθήσονται
1765 526 1880 598 ἅμα

299 620 366 689 τῇ
415 617 540 689 δόξῃ
594 620 823 691 Κυρίου.
848 640 867 673 ι
924 622 1035 676 Καὶ
1099 621 1262 676 πάλιν
1298 621 1486 693 ἔτερος
1533 619 1641 675 τῶν
1690 620 1886 689 ἁγίων,

304 710 610 783 ιὶᾦωτίζου,
635 713 821 782 φησιν,
853 713 1162 786 Ἰερουσαλή
1172 732 1230 786 μ·
1254 715 1378 785 ἥκει
1404 714 1514 785 γάρ
1542 731 1634 767 σου
1655 713 1716 766 τὸ
1744 711 1879 781 φῶς,

265 802 393 884 ,καὶ
418 804 451 872 ἠ
484 802 612 867 δόξα
650 804 856 876 Κυρίου
897 806 988 859 ἐπὶ
1020 806 1080 860 σὲ
1110 806 1496 861 ἀνατέταλκεν.
1530 805 1663 860 Ἰδοὺ
1693 804 1883 868 σκότος

296 892 394 945 καὶ
419 892 617 962 γνόφος
639 894 870 963 καλύψει
899 896 1022 967 γῆν,
1060 897 1154 951 ἐπὶ
1171 897 1228 952 δὲ
1250 896 1311 951 σὲ
1330 898 1630 969 φανήσεται
1657 895 1877 967 Κύριος,

260 984 396 1045 ,καὶ
436 983 564 1051 δόξα
626 985 832 1057 Κυρίου
880 987 971 1041 ἐπὶ
1021 987 1082 1041 σὲ
1125 988 1489 1060 ὀφθήσεται..)
1526 986 1782 1050 ’Ῑάκωὸός
1818 1003 1882 1055 γε

299 1072 411 1144 μὴν
439 1075 467 1127 ὀ
495 1074 661 1129 αὑτοῦ
697 1076 964 1151 μαθητὴς,
993 1096 1012 1129 ι
1043 1078 1308 1148 ’Λδελφοὶ,
1337 1077 1492 1150 φησὶ,
1524 1076 1598 1151 μὴ
1622 1079 1680 1132 ὲν
1718 1093 1883 1149 προσ-

296 1164 638 1237 ωποληψίαις
671 1167 822 1239 ἔχετε
863 1169 963 1240 τὴν
1004 1169 1187 1225 πίστιν
1229 1169 1326 1223 τοῦ
1357 1169 1566 1243 Κυρίου
1591 1167 1745 1240 ἡμῶν
1781 1168 1883 1238 ’lq-

297 1259 394 1312 σοῦ
429 1261 666 1330 Χριστοῦ
693 1262 790 1332 τῆς
815 1262 989 1335 δόξης.
1021 1282 1040 1315 ι
1079 1263 1287 1335 Πέτρος
1330 1263 1388 1316 δὲ
1414 1257 1482 1317 αὖ
1505 1264 1539 1317 ὁ
1572 1260 1878 1326 θεσπέσιος,

303 1371 324 1405 ι
357 1354 421 1407 ΕΙ
452 1353 774 1420 ὀνειδίζεσθε
812 1358 871 1410 ὲν
918 1356 1160 1427 Χριστῷ.
1201 1356 1463 1428 μακάριοί
1504 1355 1628 1410 ἐστε
1659 1355 1759 1426 τῆς
1791 1356 1878 1410 δό-

296 1441 419 1515 ξης,
460 1445 647 1499 καὶτὸ
676 1441 771 1500 τοῦ
809 1445 946 1500 Θεοῦ
974 1446 1202 1519 Πνεῦμα
1232 1449 1316 1517 ἐφ’
1362 1447 1509 1518 ὑμᾶς
1558 1444 1882 1502 ἀναπέπαυ·
1920 1440 1923 1444 ’

294 1550 407 1589 ται.
435 1553 454 1586 D

369 1624 432 1680 B.
464 1625 644 1697 Φράζε
672 1627 730 1681 δὲ
757 1628 905 1692 ὅπως
936 1631 1071 1701 πρὸς
1112 1628 1271 1700 ’ἡμῶν
1307 1629 1543 1683 νοεῖσθαι
1576 1626 1778 1702 πρέπει
1823 1629 1884 1683 τὸ

296 1710 433 1791 steps
459 1718 698 1790 Χριστοῦ
731 1722 1136 1792 γεγραμμένον,
1180 1740 1199 1773 ι
1236 1722 1332 1787 Ὃς
1373 1723 1433 1775 ὲν
1482 1724 1604 1786 ταῖς
1645 1723 1884 1796 ἡμέραις

1987 538 2175 579 rursus
2196 524 2338 580 alius
2364 523 2588 593 qnidam
2622 535 2654 578 e
2682 522 2889 578 sanctis
2915 538 2930 576 ι
2960 537 2979 570 ι
3016 518 3350 583 illuminare,
3370 517 3566 587 inquit,

1985 613 2308 673 Jerusalem.
2358 614 2521 670 Venit
2566 615 2710 671 enim
2747 613 2926 669 lumen
2957 619 3134 676 tuum,
3163 618 3218 666 et
3248 609 3419 681 gloria
3459 608 3567 661 Do-

1987 709 2121 764 mini
2163 724 2329 779 super
2371 716 2425 763 te
2470 718 2591 764 orta
2623 716 2729 763 est.
2753 705 2891 773 Quia
2912 719 3043 760 ecce
3067 704 3300 761 tenebrae
3320 701 3544 772 operien

1988 809 2210 865 terram,
2241 808 2297 855 et
2315 798 2493 870 caligo
2524 796 2784 869 populos:
2831 810 2996 866 supet·
3042 804 3096 851 te
3131 802 3313 849 autem
3360 792 3569 847 orietur

1987 892 2270 958 Dominus,
2325 899 2382 946 et
2412 891 2583 961 gloria
2637 889 2757 961 ejus
2786 888 2841 943 in
2897 899 2953 943 te
3005 886 3277 943 videl-itur
3313 885 3382 940 ⁸¹.
3416 901 3436 936 ι
3502 883 3569 938 Ει

1985 981 2221 1041 lacobus
2250 982 2368 1054 ejus
2395 982 2693 1053 discipulus
2727 999 2742 1036 ε
2782 1000 2801 1034 ι
2866 980 3108 1043 Fratres,
3141 978 3344 1048 inquit,
3399 975 3569 1032 nolite

1986 1075 2041 1131 in
2089 1090 2443 1147 personarum
2495 1072 2816 1144 acceptione
2868 1071 3070 1127 itabcre
3137 1068 3300 1126 iidem
3350 1068 3565 1125 Domini

1988 1168 2157 1225 nestri
2209 1167 2336 1224 Jcsu
2396 1166 2600 1224 Christi
2634 1165 2821 1237 gloriae
2843 1163 2909 1218 ⁶⁸.
2951 1181 2970 1215 ι
3003 1162 3199 1218 Petrus
3250 1175 3420 1217 vero:
3449 1179 3470 1212 ι
3509 1158 3566 1216 Si

1986 1258 2389 1331 exprobramini
2420 1258 2474 1313 in
2491 1258 2731 1322 Christo,
2764 1255 2909 1312 beati
2941 1254 3120 1319 eritis,
3141 1252 3396 1323 quoniam
3426 1251 3566 1323 qnod

1988 1361 2074 1408 est
2110 1351 2334 1406 lionoris
2360 1349 2543 1423 glorioe
2586 1360 2645 1406 et
2688 1348 2906 1403 virtutis
2949 1347 3070 1410 Dei,
3116 1346 3291 1417 etqui
3331 1353 3412 1401 est
3454 1343 3571 1413 ejus

1989 1441 2222 1513 Spiritus
2251 1456 2414 1512 super
2457 1455 2553 1496 vos
2584 1439 2893 1510 requiescet
2920 1439 2987 1494 ⁸⁸.
3021 1458 3040 1492 ι

2059 1620 2225 1695 ’154
2255 1620 2317 1675 Β.
2355 1618 2640 1676 Sufficiunt
2662 1619 2773 1691 iam
2817 1620 2956 1676 ltaec.
2990 1619 3258 1677 Caeterum
3305 1618 3408 1674 hoc
3438 1618 3568 1673 milti

1991 1716 2141 1772 dicas
2183 1714 2365 1779 velim,
2417 1712 2699 1783 quomodo
2756 1711 3161 1783 intelligendum
3207 1710 3281 1766 sit
3326 1709 3453 1767 illud
3505 1712 3600 1777 de,

294 1808 401 1879 τῆς
436 1809 636 1882 σαρκὸς
683 1811 886 1876 αὑτοῦ,
933 1810 1147 1881 δεήσεις
1184 1829 1243 1865 τε
1282 1813 1376 1867 καὶ
1415 1813 1699 1884 ἱκετηρίας
1746 1813 1883 1885 πρὸς
1914 1803 1958 1857 Β
1985 1807 2203 1864 Christo
2259 1806 2524 1877 scriplum
2575 1822 2592 1860 ι
2643 1822 2663 1858 t
2730 1804 2833 1873 Qui
2886 1804 2940 1859 in
2990 1804 3181 1860 diebus
3240 1804 3423 1859 carnis
3461 1818 3573 1858 sum

235 1925 247 1939 ¹
295 1900 392 1955 τὸν
417 1900 717 1974 δυνάμενον
745 1902 939 1968 σώζειν
974 1903 1136 1958 αὑτὸν
1167 1906 1232 1958 ὲκ
1263 1904 1516 1969 θανάτου,
1551 1904 1690 1976 μετὰ
1717 1921 1888 1977 κραυ-

295 1990 406 2061 γῆς
435 1991 663 2064 ἰσχυρᾶς
687 1992 783 2046 καὶ
805 1991 1061 2063 δακρύων
1090 1994 1484 2065 προσενέγκας,
1518 1995 1612 2049 καὶ
1634 1996 1888 2050 εἰσακου-

299 2081 451 2147 σθεὶς
493 2083 603 2138 ἀπὸ
643 2083 748 2156 τῆς
775 2084 1063 2149 εὑλαὸείας
1083 2127 1098 2152 ,
1124 2086 1325 2157 καίπερ
1363 2085 1440 2140 ὢν
1471 2085 1619 2151 Υἱὸς,
1658 2083 1881 2159 ἔμαθεν,

296 2173 396 2246 ἀφ’
418 2169 493 2230 ὧν
531 2174 722 2243 ἔπαθε,
755 2176 856 2249 τὴν
887 2177 1156 2249 ὑπακοὴν,
1188 2177 1285 2232 καὶ
1307 2176 1637 2243 τελειωθεὶς,
1669 2177 1889 2247 δγένετο

295 2270 415 2333 τοῖς
466 2268 832 2324 ὑπακούουσιν
876 2268 1028 2341 αὑτῷ
1067 2269 1243 2335 αίτιος
1296 2269 1572 2341 σωτηρίας
1616 2269 1891 2326 ῶκαταλύ-

294 2373 429 2415 του·
455 2378 475 2412 a
515 2361 861 2433 προσεποίσω
902 2362 960 2416 δὲ
1013 2363 1237 2416 κάκεῖνο
1275 2356 1359 2425 οἷς
1405 2362 1564 2434 ἔφην,
1599 2362 1690 2429 τὸ,
1732 2380 1751 2414 ι
1786 2362 1889 2417 Θεέ

292 2435 428 2525 μου,
466 2451 569 2506 Θεέ
613 2469 737 2525 μου,
769 2453 856 2507 ἵνα
888 2452 942 2505 τί
977 2469 1045 2523 με
1085 2435 1477 2521 ὲγκατέλιπεςς
1506 2469 1525 2503 ι
1569 2451 1890 2506 ’Λπεοικότα

297 2545 412 2619 γὰρ
450 2539 589 2599 εἶναί
624 2562 760 2615 φασι
791 2546 862 2599 τὰ
893 2544 1072 2600 τοιάδε
1120 2544 1200 2616 τῷ
1231 2544 1352 2615 Θεῷ
1393 2542 1571 2614 Λόγῳ,
1602 2543 1697 2597 καὶ
1727 2543 1892 2613 ἡττῆ-

297 2633 429 2691 σθαι
452 2634 588 2689 πολὺ
613 2633 719 2704 τῆς
746 2634 973 2706 ἐνούσης
997 2633 1277 2706 ὑπεροχῆς
1302 2632 1452 2704 αὐτῷ
1477 2633 1647 2703 φαίην
1670 2630 1758 2685 ἄν.

242 2970 251 2975 .
373 2901 438 2956 Δ.
482 2902 669 2972 ’Ῑσημι
716 2902 811 2955 καὶ
839 2901 1003 2966 αὐτὸς
1047 2899 1178 2970 ἐγὼ,
1244 2900 1320 2973 μὴ
1357 2900 1422 2955 ἂν
1455 2900 1703 2973 ἁρμόσαι
1734 2897 1895 2954 ταυτὶ

300 2992 382 3066 τῷ
424 2993 490 3046 ὲκ
521 2991 655 3045 Θεοῦ
704 2991 916 3061 Πατρδς
935 3031 1183 3047 .....
1226 2993 1408 3064 Λόγῳ,
1439 2990 1766 3057 ἐξωσθέντος
1794 2988 1891 3045 τοῦ

301 3083 511 3153 τρόπου
547 3081 648 3146 τῆς
681 3080 1022 3150 οἰκονομίας,
1070 3081 1166 3134 καὶ
1215 3083 1316 3134 οὑκ
1357 3081 1724 3151 είσδεχθὲντος
1755 3083 1892 3154 πρὸς

307 3170 469 3246 ἡμῶν
534 3167 661 3234 τοῦ,
714 3169 796 3222 ὅτι
846 3169 1040 3238 γέγονε
1097 3168 1236 3240 σὰρξ
1285 3169 1428 3223 κατὰ
1487 3173 1591 3237 τὰς
1644 3173 1685 3223 Γ
1691 3174 1888 3242 ραφίις.

323 3262 543 3335 Ἐπειδὴ
572 3263 630 3317 δὲ
664 3262 802 3334 πρὸς
827 3261 988 3316 τοῦτο
1014 3261 1460 3334 διερηρείσμεθα,
1489 3262 1586 3316 καὶ
1610 3262 1674 3317 τὸ
1697 3263 1899 3318 ἐνδοιά-

309 3358 429 3429 ζειν
457 3357 593 3421 ὅλως
618 3355 941 3421 δυσσεδείας
1001 3354 1118 3427 ἔχει
1167 3353 1411 3427 γραφὴν,
1448 3355 1589 3426 φέρε
1619 3355 1723 3425 τῆς
1754 3357 1899 3410 οἰκο-

308 3451 505 3524 νομίας
526 3451 587 3505 τὸ
621 3450 803 3522 βάθος,
826 3449 902 3514 ὡς
927 3449 1027 3515 ἔνι,
1060 3446 1590 3519 κατασκεπτώμεθα.
1627 3448 1896 3517 Ἐπέφανε

308 3542 495 3597 τοίνυν
543 3542 679 3612 ἡμῖν
728 3540 788 3595 ἐν
825 3539 958 3595 εῖδει
1007 3537 1103 3611 νῷ·
1137 3538 1260 3594 καθ’
1306 3539 1455 3611 ἡμᾶς
1506 3539 1535 3593 ὀ
1566 3538 1631 3591 ὲκ
1686 3537 1895 3609 Κυρίου

314 3632 526 3705 Πατρὸς
584 3631 792 3701 Λόγος,
839 3631 979 3686 κατὰ
1035 3630 1263 3708 μυρίους
1311 3632 1469 3695 ὅσους
1523 3630 1736 3702 ὀνήσων
1779 3630 1900 3701 τρό·

315 3744 451 3791 πους
489 3726 557 3780 τὰ
588 3724 929 3797 ἀνθρώπινα,
982 3725 1078 3779 καὶ
1120 3716 1452 3792 καταδείξων
1509 3720 1570 3779 εὖ
1612 3724 1758 3796 μάλα
1797 3723 1898 3796 τὴν

314 3819 396 3882 εἰς
443 3819 552 3872 πᾶν
581 3816 758 3871 ὁτιοῦν
792 3815 902 3870 τῶν
941 3814 1412 3887 τεθαυμασμένων
1454 3815 1899 3895 ἀποκομίζουσαν

314 3909 522 3984 τρίὸον.
567 3906 677 3963 Ἦν
725 3904 819 3964 οὗν
863 3909 1164 3978 ἀναγκαῖον
1206 3908 1532 3979 ἀναμαθεῖν,
1587 3906 1898 3980 πειρασμοῦ

300 4000 672 4065 καταθέοντος
711 4001 838 4065 τοὺς
864 3999 967 4072 τῆς
1005 4000 1087 4064 εἰς
1113 3998 1247 4053 Θεὸν
1276 3998 1498 4070 ἀγάπης
1529 4000 1693 4054 ἕνεκα
1720 3999 1893 4055 κινδυ·

318 4093 598 4157 νεύοντας,
628 4094 843 4159 ὁποίους
886 4094 1038 4158 τινὰς
1066 4089 1206 4149 εἶναι
1237 4093 1344 4167 χρὴ
1394 4095 1519 4161 τοῦς
1565 4093 1663 4166 τὴν
1702 4095 1901 4149 εὐκλεᾶ

319 4180 416 4236 καὶ
442 4179 717 4251 ἐξαίρετον
748 4181 1023 4236 πολιτείαν
1056 4183 1152 4236 καὶΙ
1181 4181 1328 4252 ζωὴν
1359 4182 1657 4253 κατορθοῦν
1683 4183 1899 4256 ᾑρημέ-

320 4287 477 4336 νους,
522 4269 728 4341 πότερα
762 4270 1113 4341 μεθιεμένους
1141 4273 1239 4325 καὶ
1286 4273 1691 4338 ἀναπίπτοντας
1732 4275 1902 4339 εἰς’τὸ

321 4360 583 4434 ῥᾴθυμον,
619 4363 713 4415 καὶ
746 4361 845 4416 οὐκ
876 4362 935 4415 ὲν
969 4361 1147 4434 καιρῷ
1173 4364 1495 4436 τρυφῶντας
1536 4368 1633 4422 καὶ
1673 4366 1901 4438 εὐρυνο-

1990 1914 2179 1971 preces
2204 1898 2735 1970 supplicationesque
2783 1896 2850 1953 ad
2893 1911 3017 1952 eum
3055 1896 3149 1967 qui
3186 1895 3359 1966 possit
3398 1896 3571 1965 ipsum

1989 1993 2198 2050 salvum
2245 1992 2431 2049 secere
2478 2007 2509 2046 a
2553 2001 2729 2047 morte
2769 2005 2892 2046 cum
2929 1992 3168 2047 clamore
3217 1989 3395 2046 valido
3418 1990 3576 2045 etla-

1991 2085 2193 2157 crymis
2234 2082 2493 2151 offerens,
2528 2084 2818 2139 exauditus
2857 2093 2943 2140 est
2965 2098 3065 2154 pro
3100 2097 3201 2139 sua
3243 2085 3571 2139 reverentia.

1991 2177 2059 2233 Et
2085 2178 2302 2245 quidem
2330 2192 2455 2233 cum
2491 2183 2640 2232 esset
2668 2175 2839 2231 Filius
2873 2175 2990 2244 Dei,
3028 2174 3315 2232 didicit'ex
3351 2176 3419 2230 iia
3454 2190 3575 2245 quae

1992 2283 2183 2339 passus
2214 2277 2329 2335 est,
2396 2266 2785 2325 obedientiam.
2814 2266 2883 2322 Et
2931 2276 3345 2324 consummatus
3400 2267 3576 2326 sactus

1991 2372 2077 2418 est
2144 2361 2401 2418 omnibus
2445 2359 2953 2429 obtemperantibus
3002 2359 3107 2415 sibi
3163 2372 3328 2415 causa
3382 2357 3577 2414 salutis

1992 2461 2209 2509 aeternae
2231 2453 2298 2508 ⁸⁸.
2362 2470 2383 2506 r
2437 2450 2702 2521 Adjiciam
2763 2465 2895 2507 vero
2950 2450 3111 2507 dictis
3176 2451 3341 2506 etiam
3398 2449 3575 2505 illudz

1998 2562 2019 2596 ι
2050 2545 2193 2600 Deus
2218 2558 2394 2609 meus,
2418 2543 2564 2601 Deus
2586 2558 2759 2609 meus,
2780 2558 2954 2615 quare
2968 2558 3057 2600 me
3079 2543 3411 2613 dereliquisti
3441 2541 3520 2597 ⁸⁸!
3550 2559 3573 2596 ι

1992 2636 2183 2694 Aliena
2208 2636 2353 2693 enim
2402 2636 2520 2693 boec
2573 2652 2696 2693 esse
2726 2636 2914 2693 dicunt
2961 2650 2993 2690 a
3042 2637 3155 2692 Deo
3186 2636 3382 2704 Verbo,
3413 2646 3581 2706 atque

1993 2741 2096 2799 ego
2126 2728 2342 2799 quidem
2373 2727 2639 2799 dignitate
2672 2728 2843 2799 ipsius
2876 2737 3039 2800 atque
3067 2726 3386 2784 excellentia
3423 2728 3580 2799 longe

1994 2820 2254 2879 inferiora
2282 2836 2346 2878 ea
2370 2836 2492 2880 csse
2520 2822 2902 2891 judicaverim.

2064 2912 2152 2969 Α..
2183 2912 2324 2981 Quin
2390 2921 2447 2968 et
2508 2928 2609 2985 ego
2630 2916 2748 2985 ipse
2805 2913 2967 2971 facile
3013 2916 3255 2988 intelligo
3302 2917 3418 2973 ltaec
3471 2933 3579 2974 non

1996 3004 2290 3061 convenire
2317 3003 2497 3060 Verbo
2525 3006 2709 3078 genito
2729 3021 2798 3061 ex
2835 3004 2947 3065 Deo
2992 3005 3174 3075 Patre,
3233 3008 3280 3065 si
3333 3007 3462 3064 illud
3511 3010 3582 3066 ab

1996 3098 2468 3155 administratione
2523 3100 2577 3154 in
2636 3114 2803 3156 carne
2847 3114 3249 3167 removeamus,
3280 3117 3455 3174 neque
3481 3101 3581 3158 ad-

1951 3184 1965 3204 ‘
1999 3190 2279 3247 mittamus
2326 3189 2380 3246 id
2403 3191 2549 3260 quod
2603 3188 2887 3261 Scriptura
2941 3200 3197 3259 testatur,
3239 3195 3383 3265 qnod
3412 3194 3579 3251 nimi·

1998 3296 2118 3336 rum
2149 3282 2325 3340 sactus
2354 3285 2426 3338 sit
2450 3299 2601 3340 caro.
2635 3282 2770 3339 Cum
2803 3298 2930 3341 vero
2964 3284 3070 3341 hoc
3125 3285 3356 3343 firmiter
3391 3295 3582 3344 tenea·

2000 3388 2120 3429 mus
2178 3382 2232 3428 et
2282 3374 2549 3431 dubitatio
2614 3376 2720 3432 bac
2766 3376 2818 3432 in
2872 3391 2934 3431 re
2979 3391 3102 3432 cum
3176 3378 3456 3448 impietate
3507 3381 3583 3438 eit

2000 3463 2321 3534 conjuncta,
2371 3467 2767 3524 incarnationis
2799 3469 3122 3541 mysterium
3170 3480 3431 3540 qnantum
3462 3473 3582 3530 neri

2000 3564 2176 3627 potest
2205 3560 2623 3630 perpendamus.
2649 3561 2915 3631 Apparuit
2953 3561 3139 3629 itaque
3169 3563 3326 3619 nobis
3343 3562 3581 3621 Verbum

1999 3663 2067 3703 ex
2099 3647 2213 3704 Deo
2251 3649 2305 3705 in
2361 3650 2538 3706 forma
2567 3661 2766 3706 nostrae
2821 3653 3009 3717 simili,
3077 3653 3377 3711 innumeris
3410 3657 3584 3712 modis

2001 3742 2292 3797 humanam
2341 3754 2596 3802 naturam
2656 3742 2880 3812 juvans,
2923 3745 3234 3816 optimeque
3284 3749 3439 3803 nobis
3488 3749 3586 3805 de·

1999 3841 2312 3888 monstrans
2348 3832 2493 3887 vlam
2526 3847 2648 3903 qna:
2700 3835 2768 3889 ad
2813 3834 3020 3905 optima
3076 3852 3306 3908 qumque
3342 3839 3582 3894 deducit.

2000 3923 2233 3980 Necesse
2272 3925 2458 3995 itaque
2508 3934 2628 3980 erat
2688 3936 2747 3982 ut
2792 3926 3125 3992 diceremus,
3184 3944 3308 3984 cum
3356 3933 3586 3987 tentatio

2001 4014 2211 4070 invadit
2262 4029 2356 4070 eos
2414 4015 2507 4086 qui
2558 4015 2628 4073 ob
2672 4016 3017 4073 dilectionem
3052 4017 3147 4075 Dei
3186 4020 3583 4090 periclitantur,

2000 4105 2191 4178 quales
2223 4113 2477 4177 oporteat
2509 4122 2630 4164 esse
2651 4121 2747 4165 eos
2776 4110 2866 4180 qui
2908 4109 3233 4166 laudabilem
3263 4120 3424 4182 atquc
3464 4113 3583 4167 cxi-

2003 4197 2167 4253 miam
2198 4198 2366 4252 vitam
2395 4198 2684 4256 instituere
2715 4200 2887 4257 velint
2926 4218 2941 4257 :
2992 4211 3173 4258 utrum
3202 4204 3268 4257 ad
3315 4204 3584 4274 ignaviam

2004 4305 2225 4361 pronos,
2257 4299 2315 4345 et
2353 4291 2564 4348 deliciis
2601 4293 2845 4360 deditos,
2879 4294 3250 4366 hilaritatique
3304 4304 3362 4351 et
3389 4296 3587 4365 gaudio

2003 4381 2243 4436 animum
2272 4384 2515 4439 laxantes
2543 4401 2558 4439 t
2588 4399 2657 4439 an
2690 4386 2869 4456 potius
2898 4401 3005 4441 una
3047 4387 3297 4457 precibus
3321 4385 3586 4453 intentos,

323 4453 521 4524 μένους
546 4454 622 4517 εἰς
648 4453 933 4526 εὐθυμίαν,
959 4455 993 4526 ἢ
1028 4457 1472 4528 συντεῑνθμίνθυς
1497 4459 1577 4522 εἰς
1603 4458 1775 4524 λιτὰς,
1806 4461 1901 4515 καῖ
1932 4490 1979 4549 0
2004 4484 2060 4528 et
2108 4473 2471 4547 lacrymantes
2497 4491 2682 4532 coram
2748 4476 3034 4535 Salvator-e
3097 4480 3267 4547 cerm,
3312 4491 3368 4536 et
3419 4479 3588 4551 ipsius

319 4542 756 4616 δεδακρυμένους
792 4544 1022 4617 ὁρᾶσθαι
1058 4545 1138 4617 τῷ
1170 4546 1432 4612 σώζοντι,
1483 4550 1579 4604 καὶ
1624 4549 1727 4622 τὴν
1768 4558 1900 4623 παρ’

321 4635 491 4692 αὑτοῦ
534 4634 802 4707 διψῶντας
851 4638 1192 4711 ἐπικουρίαν,
1241 4641 1335 4694 καὶ
1370 4640 1555 4711 μέντοι
1599 4643 1694 4697 καὶ
1738 4644 1899 4698 εὐαν-

321 4724 495 4801 δρίαν,
527 4726 685 4797 εἴπερ
724 4727 897 4782 ἰλοιτο
941 4730 1036 4784 καὶ
1064 4731 1258 4786 παθεῖν
1285 4733 1452 4804 ἡμᾶς.
1487 4734 1634 4787 Ἔδει
1676 4735 1736 4788 τε
1766 4736 1898 4808 πρὸς

322 4814 536 4881 τούτοις
582 4818 777 4873 εἰδέναι
829 4821 1146 4893 χρησίμως,
1194 4823 1316 4877 ὅποι
1357 4824 1486 4879 ποτε
1533 4825 1643 4896 ἄρα
1692 4827 1754 4880 τὸ
1799 4827 1904 4898 τῆς

324 4909 570 4979 ὑπακοῆς
608 4909 828 4975 διέξεισι
861 4910 1037 4984 πέρας
1056 4955 1071 4977 ,
1108 4913 1205 4968 καὶ
1245 4913 1333 4969 διὰ
1364 4916 1532 4971 ποίων
1558 4916 1778 4988 ἔρχεται
1807 4935 1903 4988 γε·

325 5001 457 5074 ρῶν,
485 5003 608 5065 ὅσος
629 5019 688 5055 τε
716 5005 809 5057 καὶ
831 5001 944 5069 οἶος
986 5005 1090 5076 τῆς
1113 5006 1393 5079 ὑπομονῆς
1412 5010 1443 5062 ό
1469 5009 1679 5079 μισθός.
1704 5010 1900 5079 Γέγονε

322 5094 502 5148 τοίνυν
522 5093 869 5161 ὑποτύπωσις
894 5097 1003 5152 τῶν
1030 5097 1286 5152 τοιούτων
1311 5100 1444 5172 ἡμῖν
1477 5102 1507 5155 ὑ
1527 5103 1783 5175 Χριστὸς,
1802 5107 1903 5159 καὶ

325 5184 463 5256 πρὸς
496 5201 557 5253 γε
591 5185 748 5240 τοῦτο
778 5188 929 5257 ἡμᾶς
955 5188 1181 5259 έμπεδοῖ
1204 5190 1380 5260 λέγων
1417 5192 1448 5244 ό
1479 5191 1769 5260 θεσπέσιος
1798 5195 1904 5248 Πέ-

323 5292 474 5347 τρος·
514 5294 533 5328 ι
567 5277 724 5331 Ποῖον
757 5278 870 5350 γὰρ
894 5278 1071 5344 κλέος,
1101 5282 1149 5335 εί
1179 5282 1585 5353 ἁμαρτάνοντες
1619 5286 1714 5341 καὶ
1742 5287 1903 5343 κολα·

326 5368 608 5439 φιζόμενοι
651 5369 986 5440 ὑπομένετε;
1029 5369 1166 5425 Ἀλλ’
1199 5373 1248 5426 εί
1279 5372 1735 5442 ἀγαθοποιοῦντες
1766 5377 1903 5434 ὑπο-

327 5460 544 5533 μένετε,
586 5460 747 5515 τοῦτο
782 5460 944 5533 χάρις
1005 5463 1155 5534 παρὰ
1206 5462 1346 5534 Θεῷ,
1392 5466 1475 5520 δτι
1525 5448 1633 5522 καὶι
1668 5469 1903 5540 Χριστὸς

398 5662 442 5695 ⁸⁸
466 5659 571 5717 isa.
595 5676 744 5725 xxiv,
774 5661 862 5726 ¹5,
886 5663 972 5719 u.
1052 5666 1096 5698 ⁸⁸
1128 5665 1228 5720 isa.
1254 5683 1344 5732 u,
1372 5668 1487 5730 13.
1562 5671 1608 5704 ⁸³
1635 5671 1753 5730 lac.
1783 5687 1843 5743 tt,
1886 5677 1939 5732 1.
1999 5679 2061 5757 ᾖ*
2084 5678 2105 5735 l
2126 5678 2277 5740 Petr.
2300 5685 2376 5754 iv,
2413 5682 2503 5741 tt.
2545 5684 2622 5761 ε’·
2648 5683 2815 5743 Hebr.
2839 5700 2893 5758 v,
2916 5688 3027 5745 7-9.

326 5733 516 5790 ΠαιιΙι.
559 5747 731 5798 xxvu,
760 5730 849 5808 ⁴2⁶·
922 5734 966 5765 ⁸⁷
996 5733 1014 5789 l
1047 5735 1191 5791 Petr.
1217 5752 1282 5798 tt,
1307 5739 1397 5802 20.
1419 5741 1511 5796 2¹.

645 5827 919 5890 ΡΑτιιοι.
968 5828 1083 5892 Ga.
1134 5830 1373 5898 Lxxv.

2003 4566 2262 4621 auxilium
2316 4566 2476 4624 avide
2536 4575 2876 4640 appetentes,
2937 4570 3170 4644 sortique
3226 4573 3409 4630 animo
3451 4589 3589 4645 prae·

2004 4657 2147 4712 ditos
2194 4670 2339 4723 esse,
2395 4658 2442 4714 si
2475 4659 2639 4715 etlam
2686 4674 2786 4718 nos
2819 4664 2929 4733 pati
2966 4663 3219 4720 voluerit.
3269 4663 3587 4721 Consultnm

2005 4759 2264 4819 praeterea
2317 4762 2437 4808 erat
2474 4753 2617 4811 seire
2671 4754 2795 4825 quis
2850 4755 2922 4812 sit
2963 4756 3285 4813 obedientias
3333 4755 3479 4822 nnis,
3535 4767 3590 4815 et

2005 4840 2183 4910 qualis
2218 4854 2532 4916 quantaque
2556 4843 2854 4902 tolerantiae
2910 4861 3120 4903 merces
3161 4846 3235 4901 sit
3288 4846 3588 4919 proposita.

2011 4930 2217 4989 llurum
2277 4935 2466 5005 itaque
2528 4938 2770 4994 omnium
2830 4937 2998 5010 ligura
3055 4947 3222 5010 atque
3282 4938 3589 5010 exemplum

2011 5022 2169 5079 nobis
2222 5023 2396 5083 sactus
2462 5035 2548 5083 est
2598 5025 2869 5095 Christus,
2926 5029 3071 5100 quod
3116 5036 3172 5084 et
3223 5027 3439 5086 divinus
3504 5027 3588 5083 illc

2011 5114 2203 5172 I‘etrus
2234 5118 2520 5176 confirmat
2542 5118 2729 5177 dicens
2759 5138 2774 5176 ι
2812 5139 2831 5173 ι
2865 5118 2998 5187 Quae
3033 5118 3179 5176 enim
3222 5127 3306 5178 est
3357 5119 3497 5188 laus,
3543 5119 3588 5193 εἰ

2011 5216 2299 5276 peccantes
2362 5218 2419 5265 et
2469 5209 2794 5281 colaphizati
2848 5211 3148 5270 suffertis?
3192 5210 3298 5269 Sed
3347 5211 3397 5267 si
3455 5211 3591 5268 bene

2012 5294 2272 5354 facientes
2298 5300 2569 5370 patienter
2624 5303 2927 5371 sustinetis,
2950 5303 3067 5359 haec
3104 5309 3185 5358 est
3228 5301 3400 5374 gratia
3451 5302 3591 5373 apud

2013 5385 2178 5442 Deum
2212 5406 2227 5443 ι
2254 5390 2380 5459 qnia
2408 5403 2464 5447 et
2481 5390 2729 5451 Christus
2758 5409 2952 5464 passus
2968 5402 3052 5450 est
3076 5407 3174 5463 pro
3216 5391 3390 5458 vobis,
3421 5390 3590 5447 relin-

2010 5490 2186 5547 quens
2207 5479 2358 5535 vobis
2376 5483 2684 5553 exemplum
2701 5493 2762 5541 ut
2780 5485 3082 5560 sequamini
3101 5481 3322 5556 vestigia
3332 5483 3451 5554 ejus
3463 5483 3529 5539 ⁰¹.
3567 5503 3589 5539 ι

3132 5688 3178 5721 ‘⁸
3192 5685 3338 5744 Psal.
3364 5702 3478 5754 εει.
3518 5683 3592 5755 ¹3

3163 5848 3238 5911 42
