3809 6125
293 315 400 370 675
1290 306 1347 364 S.
1389 305 1663 362 CYtttLLt
1706 302 2173 359 mummolum
2213 298 2533 358 attethsst‘.
3469 287 3576 346 076

296 426 677 483 substantialis
709 425 797 481 illa
825 425 1113 488 stabilita&
1149 438 1252 479 non
1286 422 1585 477 voluntatis
1618 429 1672 477 et
1719 421 1886 476 ratio·
1916 429 1962 485 Α
1994 435 2136 490 πηγε
2179 417 2235 470 δὲ
2266 416 2452 485 ὥσπερ
2482 414 2576 467 καὶ
2606 412 2919 485 ἐρήρεισται
2963 405 3118 471 Θεὸς,
3160 405 3219 460 ἰν
3247 403 3403 469 ίδίοις
3441 404 3582 473 ἀγα·

299 521 403 575 nis.
442 519 636 589 Liquet
660 531 790 588 ergo
814 518 866 570 in
895 520 1053 570 rehus
1071 513 1273 569 creatis
1299 527 1404 580 non
1438 526 1563 567 esse
1588 510 1886 565 naturalem
1996 510 2147 575 θοίς,
2193 507 2292 579 τὴν
2343 508 2427 574 ἐφ’
2474 504 2636 575 ’ἕτερα
2692 502 3078 574 μεταχώρησιν
3125 494 3426 568 ὑπομένειν
3483 496 3586 551 οὐκ

297 627 422 667 curn
474 610 582 665 Deo
616 607 1057 671 similitudinem,
1103 604 1199 661 sed
1230 617 1351 657 eam
1397 602 1452 656 in
1505 599 1719 657 actione
1750 613 1890 670 quo·

300 702 590 757 dammodo
618 709 673 755 et
696 714 911 753 morum
933 698 1197 768 qualitate
1225 693 1396 750 cerni.

1996 601 2319 672 ἀνεχόμενος
2342 613 2355 627 ·
2390 595 2485 650 καὶ
2514 594 2777 664 ούσιώδης
2811 596 2845 663 ἡ
2873 589 3156 673 ὲδραιότης
3177 628 3193 654 ,
3226 589 3290 642 ού
3313 604 3588 661 προαιρε-

1997 691 2158 760 τικῆς
2187 686 2486 759 ἀσφαλείας
2520 683 2762 755 εὕρημα.
2794 678 3067 773 Πρόδηλον
3094 672 3208 741 οὖν,
3248 679 3335 733 ὅτι
3362 679 3478 742 τοίς
3507 680 3588 743 είς

299 792 363 847 τὸ
383 788 522 845 εἶναι
552 789 1052 863 παρενηνεγμένοις
1094 788 1153 840 ού
1185 786 1388 856 φυσική
1415 782 1498 848 τίς
1519 784 1669 838 ἐστιν
1698 784 1734 854 ἡ
1790 780 1932 853 πρὸς
1966 783 2100 837 Θεὸν
2127 781 2415 853 ὲμφέρεια,
2445 777 2560 832 ἀλλ’
2624 773 2786 830 οἱονεί
2814 790 2928 836 πως
2956 772 3013 824 ὲν
3040 769 3117 842 τῷ
3149 770 3471 840 πράγματι,
3494 765 3582 823 καὶ

301 885 359 937 ὲν
391 887 458 955 τῇ
490 884 597 937 τῶν
635 883 852 955 τρόπων
892 881 1140 952 ποιότητι
1178 877 1545 947 διαφαίνεται.

372 1004 434 1061 Β.
477 1005 592 1060 Non
645 1006 742 1059 abs
796 1018 853 1058 re
928 1003 1057 1056 illut!
1097 1001 1315 1066 dieitur,
1379 997 1645 1067 siquidem
1692 995 1889 1066 augeli,

301 1103 391 1171 qui
419 1102 784 1170 principatum
815 1114 971 1153 suum
1008 1113 1115 1153 non
1151 1109 1457 1158 servavere,
1491 1091 1584 1146 Dei
1616 1090 1890 1145 consortio

301 1182 646 1257 exciderunt,
677 1202 730 1245 et
767 1207 863 1245 nos
903 1190 1089 1245 itidem
1134 1190 1259 1259 ipsi,
1292 1188 1387 1241 setl
1431 1187 1483 1239 in
1521 1195 1711 1237 natura
1756 1180 1891 1235 nihil

264 1332 271 1345 ,
301 1284 484 1338 damni
515 1284 776 1352 cepimus.
817 1282 1002 1351 Neque
1030 1281 1172 1335 enim
1204 1295 1235 1334 e
1279 1291 1465 1333 rerum
1506 1285 1699 1330 natura
1735 1271 1892 1343 plane

260 1370 463 1434 {deleti
508 1385 716 1435 sumus,
763 1370 857 1424 sed
901 1369 1216 1423 exsistimus
1263 1379 1427 1435 porro
1478 1364 1641 1418 etiam
1692 1361 1893 1415 virtute

302 1460 567 1515 destituti.
613 1459 718 1516 Sed
782 1460 1024 1514 scientiae
1078 1457 1241 1513 veluti
1289 1456 1571 1525 cujusdam
1619 1460 1713 1507 aut
1758 1452 1893 1506 artis

305 1548 496 1602 notitia
528 1563 639 1616 prae
665 1549 831 1601 ttitnia
871 1558 1058 1601 nostra
1089 1545 1351 1600 lacilitate
1376 1557 1425 1599 et
1469 1542 1809 1614 proclivitate
1837 1542 1889 1595 iu

303 1640 521 1704 vitium,
556 1639 776 1708 privati,
800 1641 853 1693 in
888 1638 1174 1708 pristinum
1209 1645 1408 1691 statum
1435 1637 1613 1689 denuo
1656 1631 1892 1689 revocati

303 1746 492 1787 sumus
516 1747 614 1801 per
644 1731 946 1797 Christum,
984 1746 1013 1784 a
1043 1745 1153 1799 quo
1182 1744 1279 1783 nos
1310 1729 1376 1782 all
1405 1727 1550 1781 illam
1591 1724 1894 1797 pulchritu-

304 1823 485 1878 dinem
522 1825 752 1891 primam
790 1832 845 1876 et
871 1820 1238 1889 exemplarem
1289 1817 1668 1871 reformamur.
1709 1813 1896 1881 Neque

306 1927 435 1968 vero
459 1912 689 1967 dicimus
718 1925 818 1964 uos
847 1909 963 1978 ejus
995 1924 1096 1978 ope
1130 1907 1434 1964 istiusmodi
1480 1905 1707 1968 gloriam
1743 1917 1895 1958 asse-

305 2006 421 2075 qui,
444 2004 602 2075 quasi
626 2018 694 2057 ex
729 2004 963 2056 humana
985 2003 1039 2055 in
1067 2000 1226 2054 aliam
1254 2009 1500 2053 naturam
1525 2006 1891 2061 transeamus,

305 2098 400 2151 sed
429 2096 570 2165 quo-l
598 2111 664 2149 ex
695 2094 853 2148 malis
896 2093 1139 2147 moribus
1168 2091 1233 2146 atl
1279 2090 1561 2146 meliorem
1595 2087 1801 2159 frugem
1832 2102 1896 2143 ae

308 2197 539 2243 tuentem
577 2186 995 2241 transferantur.

380 2471 447 2526 Α.
488 2468 654 2540 lgitur
693 2469 982 2523 obscurum
1016 2481 1123 2521 non
1158 2475 1260 2531 est,
1296 2465 1534 2529 llermia,
1563 2465 1706 2535 quod
1752 2472 1897 2519 tam'·

305 2563 408 2618 etsi
446 2561 645 2615 divinae
681 2558 938 2627 imaginis
970 2558 1316 2611 characteres
1359 2555 1414 2609 in
1470 2555 1624 2611 nohis
1677 2554 1897 2611 elucent

307 2650 473 2706 alacri
514 2660 695 2705 mente
724 2649 789 2703 ad
818 2652 954 2704 hene
982 2649 1249 2717 agendum
1283 2647 1757 2712 contendentibus,
1786 2648 1895 2702 sic·

308 2753 368 2797 ut
418 2744 533 2812 ipse
586 2741 744 2793 modo
805 2756 1024 2810 quoque
1075 2739 1361 2794 consessus
1411 2752 1508 2802 es,
1562 2754 1666 2791 non
1717 2748 1897 2792 tamen

308 2835 470 2889 iidem
501 2847 599 2901 per
628 2812 811 2886 omnia
837 2846 961 2886 cum
1002 2832 1108 2884 Deo
1140 2845 1350 2894 sumus,
1392 2828 1462 2883 ob
1490 2829 1896 2884 sirnilitutlinem

307 2941 429 2979 cum
466 2924 606 2993 ipso.
646 2923 792 2977 Nihil
830 2925 973 2977 enim
1021 2922 1358 2991 prohiberet,
1389 2924 1433 2977 si
1480 2936 1566 2976 res
1611 2922 1683 2976 ita
1732 2932 1895 2985 esset,

304 3018 597 3088 quominus
618 3016 860 3085 ejusdem
882 3028 1125 3070 essemus
1143 3023 1348 3068 uaturae
1372 3028 1495 3068 cum
1518 3011 1741 3083 Opillce.
1768 3013 1898 3081 Quae

2068 984 2128 1038 B.
2172 985 2288 1038 Οὐκ
2332 982 2397 1036 ἂν
2425 980 2454 1031 ὀ
2482 979 2642 1047 λόγος
2688 979 2821 1048 ἡμῖν
2849 973 3086 1046 ἁμάρτοι
3111 969 3212 1027 τοῦ
3250 970 3581 1044 πρέποντος,

1997 1075 2119 1130 ἐπεί
2160 1090 2243 1127 τοι
2280 1066 2561 1126 διὼλισθον
2591 1068 2691 1139 μὲν
2735 1066 2832 1136 τῆς
2864 1063 3000 1133 πρὸς
3046 1061 3182 1116 Θεὸν
3222 1062 3587 1133 οἰκειότητος.

1996 1165 2245 1234 ἀγγέλων
2274 1180 2335 1216 τε
2364 1163 2411 1217 οἱ
2439 1161 2513 1232 μὴ
2538 1160 2882 1230 τηρήσαντες
2904 1155 3004 1227 τὴν
3028 1152 3241 1209 ἑαυτῶν
3265 1155 3476 1227 ἀρχὴν,
3495 1157 3587 1210 καὶ

1999 1260 2106 1332 μὴν
2138 1259 2234 1312 καὶ
2273 1258 2433 1328 ἡμεῖς
2459 1254 2648 1317 αὐτοὶ,
2676 1248 3008 1321 ἠδικήμεθα·
3037 1247 3096 1301 δὲ
3138 1248 3221 1311 εἰς
3272 1245 3378 1318 τὴν
3426 1248 3587 1317 φύσιν

1995 1352 2170 1406 οὐδέν.
2215 1347 2481 1422 ‘amaea
2514 1345 2624 1417 γάρ
2665 1341 2920 1412 οὐδαμῶς
2962 1340 3043 1404 είς
3083 1339 3147 1393 τὸ
3193 1339 3273 1412 μὴ
3317 1339 3600 1426 ὑπάρχειν.

1998 1444 2133 1507 ὅλως
2158 1481 2173 1507 ,
2203 1441 2321 1496 ἀλλ’
2365 1437 2534 1509 ἐσμὲν
2577 1436 2670 1490 καὶ
2701 1434 2825 1505 δίχα
2853 1432 2949 1487 τοῦ
2978 1430 3286 1501 κεκτῆσθαι
3331 1430 3436 1502 τὴν
3459 1432 3586 1503 epe·

1995 1538 2118 1606 τὴν.
2158 1532 2503 1602 Ἐπιστήμης
2535 1529 2593 1582 δὲ
2624 1528 2793 1582 οἱονεί
2826 1523 2944 1588 πώς
2983 1540 3131 1588 τινος
3157 1525 3256 1579 καὶ
3282 1523 3486 1595 τέχνης
3510 1524 3585 1577 εἴ·

1998 1627 2174 1694 δησιν,
2202 1627 2270 1679 ἐκ
2292 1623 2389 1694 τῆς
2414 1621 2553 1691 άγαν
2587 1617 2872 1691 ῥᾳστώνης
2899 1616 2995 1671 καὶ
3026 1616 3127 1687 τῆς
3159 1618 3244 1679 είς
3270 1616 3587 1686 φαυλότητα

1929 1734 1970 1789 Β
2001 1716 2199 1788 ῥοπῆς,
2228 1710 2695 1783 άπημποληκότες
2715 1748 2731 1774 ,
2768 1705 3090 1778 κεκλήμεθα
3119 1705 3282 1761 πάλιν
3323 1708 3409 1770 είς
3453 1706 3586 1761 ἀνά-

1998 1808 2160 1879 ληψιν
2190 1803 2299 1862 τῶν
2330 1804 2501 1859 πάλαι
2543 1802 2634 1856 διά
2659 1799 2896 1871 Χριστοῦ
2932 1798 3070 1871 πρὸς
3099 1800 3281 1853 ἐκεῖνο
3323 1816 3588 1871 μετατεαι.

1997 1899 2244 1962 δεύοντος
2264 1891 2721 1968 άναμορφοῦσθαι
2748 1892 2810 1946 τὸ
2831 1890 3048 1955 κάλλος,
3074 1889 3136 1944 τὸ
3162 1891 3383 1964 πρῶτόν
3404 1908 3469 1947 τε
3496 1893 3589 1946 καὶ

1997 1992 2326 2064 ἀρχέτυπον.
2354 1989 2465 2043 Καὶ
2492 1984 2553 2041 οὗ
2575 1986 2629 2040 τί
2667 1984 2769 2039 πού
2802 2000 3009 2055 φαμεν,
3034 1982 3112 2048 ὡς
3132 1982 3212 2049 εἰς
3235 1982 3443 2056 ἑτέραν
3463 1983 3589 2039 τινὰ

1999 2084 2161 2155 φύσιν
2197 2081 2259 2147 ἕξ
2307 2071 2728 2152 άνθρωτυότητος
2760 2076 3260 2149 μεταθρώσιιοντας,
3284 2076 3592 2146 ἐφικέσθαι

1995 2178 2096 2246 τῆς
2121 2173 2377 2243 τοιαύτης
2404 2171 2619 2226 δίδωσιν
2647 2169 2920 2234 εὐκλείας,
2954 2168 3071 2223 ἀλλ’
3105 2170 3171 2224 ἐκ
3197 2168 3593 2240 προαιρέσεως

2001 2265 2281 2338 μοχθηρᾶς
2300 2265 2395 2317 ἐπὶ
2415 2264 2478 2318 τὸ
2504 2261 2722 2317 ἑλέσθαι
2753 2262 2887 2333 δρᾷν
2907 2261 3007 2315 καὶ
3033 2262 3253 2332 φρονεῖν
3275 2260 3354 2314 τὰ
3374 2262 3593 2333 ἀμείνω

2001 2355 2521 2431 μεθορμιζομένους.
3365 2353 3376 2362 ’

2066 2473 2131 2525 Α.
2173 2468 2405 2534 Οὐκοῦν,
2434 2469 2535 2522 οὐκ
2572 2467 2896 2538 άσυμφανὲς
2918 2506 2934 2534 ,
2959 2458 3005 2521 ὦ
3046 2464 3313 2537 Ἑρμεία,
3339 2465 3435 2521 ἰπὶ
3467 2466 3574 2541 [w.

1995 2559 2143 2633 ἐπεὶ]
2169 2560 2267 2631 τῆς
2294 2559 2446 2622 θείας
2475 2560 2607 2629 ἡμῖν
2660 2558 2866 2621 εἰκόνος
2903 2557 2953 2611 ol.
2984 2556 3354 2632 χαρακτῆρες
3390 2557 3567 2629 {lup-

1994 2652 2153 2723 ψουσι
2178 2688 2196 2715 ,
2222 2651 2501 2705 νενευκόσι
2543 2649 2843 2721 προθύμως
2873 2649 2965 2703 ἐπὶ
2996 2648 3059 2702 τὸ
3099 2647 3242 2721 δρᾷν
3284 2648 3477 2704 θέσθαι
3499 2648 3556 2702 τὸ

1995 2741 2220 2813 ἀγαθὸν,
2276 2740 2419 2795 καθά
2449 2743 2544 2794 καὶ
2574 2740 2735 2804 αὐτὸς
2762 2738 3183 2811 διωμολόγηκας
3233 2740 3440 2813 ἀρτίως,
3463 2739 3561 2794 οὐκ

1998 2831 2413 2906 ἁπαράλλακτοι
2453 2831 2589 2904 πρὸς
2621 2832 2754 2885 Θεὸν
2785 2832 2946 2903 ἡμεῖς
2979 2830 3070 2885 διὰ
3108 2830 3211 2904 τὴν
3258 2830 3394 2905 πρὸς
3420 2830 3571 2887 αὺτὸν

1999 2925 2285 2995 ὁμοίωσιν.
2328 2923 2581 2997 Ἀπεῖρξε
2607 2922 2717 2994 γάρ
2743 2920 2810 2977 ἃν
2833 2922 3006 2987 οὐδὲν,
3025 2922 3191 2997 εἴπερ
3214 2940 3288 2993 γε
3317 2923 3431 2997 ἔχει
3448 2921 3584 2978 κατὰ

1999 3016 2062 3070 τὸ
2110 3013 2310 3088 ἀληθὶς
2334 3057 2348 3084 ,
2401 3016 2501 3088 τῆς
2549 3016 2722 3087 αὐτῆς
2756 3016 2901 3089 ἡμᾶς
2931 3011 3070 3070 εἴναι
3103 3015 3338 3088 φύσεως
3363 3016 3444 3090 τῷ
3485 3017 3586 3087 Δη-

307 3111 451 3164 enim
478 3110 543 3162 a=l
578 3109 809 3161 invicem
841 3106 1176 3172 reseruntur,
1217 3116 1273 3161 et
1300 3107 1670 3162 omnimodam
1703 3107 1897 3161 simili·
1924 3087 1966 3144 C
2006 3107 2277 3179 μιουργῷ.
2306 3106 2388 3162 Τὰ
2415 3109 2614 3179 γάρτοι
2643 3109 2781 3181 πρὸς
2805 3108 3009 3181 ἄλληλα
3030 3108 3133 3180 τὴν
3168 3111 3254 3175 είς
3285 3109 3587 3166 nivern&

306 3203 549 3254 tudinem
601 3201 742 3253 inter
783 3214 843 3254 se
877 3201 1079 3254 hahent
1122 3198 1447 3265 naturalem,
1481 3199 1647 3265 nulla,
1676 3200 1891 3270 opinor,

309 3293 449 3344 ratio
479 3310 505 3342 a
543 3289 772 3343 naturali
816 3290 961 3342 inter
993 3305 1052 3344 se
1078 3290 1460 3345 corumunione
1483 3290 1751 3359 seiunget.
1783 3291 1894 3344 An-

306 3397 412 3436 non
458 3383 602 3465 enit-n
653 3382 848 3435 similis
881 3391 964 3434 est
1011 3383 1309 3435 secundum
1367 3391 1618 3436 naturam
1669 3383 1894 3455 angelus

308 3474 520 3542 augel0,
549 3484 600 3527 et
631 3475 792 3527 honio
822 3471 976 3528 alteri
1012 3473 1257 3527 homini?

379 3586 438 3640 B.
484 3584 558 3639 lta
593 3589 771 3655 plane.

379 3698 446 3754 A.
512 3699 694 3767 ltaque
752 3713 851 3752 vox
919 3698 1032 3751 ltaec
1091 3695 1398 3768 ὁμοούσιον,
1446 3697 1691 3768 quamvis
1742 3697 1894 3751 iden·

310 3796 518 3849 titatem
561 3790 862 3845 naturalem
919 3789 1189 3859 imprimis
1243 3789 1542 3858 significet,
1597 3804 1696 3843 eeu
1754 3788 1891 3842 futtili

310 3884 693 3954 praetermissa,
742 3880 988 3934 homines
1026 3894 1297 3949 perversae
1356 3881 1556 3934 mentis
1605 3879 1894 3933 admittunt

309 3977 526 4047 quidem
567 3973 921 4037 libentissime
943 3985 1066 4026 eam
1104 3986 1265 4042 qnam
1294 3973 1699 4041 excogitarunt,
1732 3969 1892 4041 395

309 4067 565 4122 nimirum
597 4063 935 4135 ὁμοιούσιον,
975 4072 1254 4116 externam
1310 4063 1716 4117 similitudinem
1762 4064 1893 4116 Ver-

311 4160 380 4213 bo
431 4158 775 4227 allingenteS,
833 4165 887 4209 et
937 4171 1032 4225 per
1071 4170 1338 4210 summam
1385 4155 1652 4209 vafritiem
1709 4156 1894 4213 occul-

313 4260 494 4306 tantes
541 4251 965 4317 blasphemiam,
1012 4257 1067 4301 et
1118 4247 1316 4312 Deum,
1365 4256 1418 4302 et
1469 4247 1661 4300 Filium
1717 4248 1894 4301 nomi-

311 4352 465 4406 nant,
509 4358 717 4396 necnon
768 4341 1116 4396 Servatur-eut
1163 4346 1218 4393 et
1248 4336 1689 4407 Redentptorem,
1721 4353 1894 4409 neque

1994 3198 2258 3269 ὁμοίωσιν
2281 3198 2473 3270 ἔχοντα
2502 3201 2764 3272 φυσικὴν,
2798 3200 2973 3264 οὐδεὶς
3003 3200 3092 3268 ἂν,
3127 3196 3296 3273 οἶμαί
3324 3218 3458 3268 που,
3491 3201 3586 3275 τῆς

1998 3289 2136 3360 πρὸς
2161 3288 2366 3362 ἄλληλα
2398 3290 2635 3369 φυσικῆς
2661 3291 2997 3361 οἰκειότητος
3025 3293 3305 3365 άποτεμεῐ
3326 3282 3589 3373 λόγοςῖἸ

1997 3380 2106 3450 γὰρ
2133 3383 2230 3452 οὐχ
2263 3383 2448 3452 ὅμοιος
2480 3378 2623 3437 κατὰ
2653 3381 2836 3452 φύόιν,
2864 3383 3096 3452 ἄγγελος
3121 3384 3226 3451 μὲν
3251 3385 3592 3461 &sturew-

1996 3473 2110 3542 χὸν,
2133 3472 2418 3544 ἄνθρωπος
2446 3473 2502 3526 δὲ
2533 3475 2701 3545 ἑτέρῳ
2727 3490 2806 3545 τῳ
2838 3474 2952 3529 τῶν
2983 3454 3105 3535 καθ’
3128 3462 3366 3545 undu
3385 3456 3410 3505 ᾗ

2071 3589 2132 3644 Β.
2169 3581 2294 3640 Ὧδε
2325 3587 2460 3658 ἔχει.

2067 3705 2133 3758 Δ.
2175 3701 2363 3774 Ταύτῃ
2391 3719 2472 3754 τοι
2516 3703 2576 3754 τὸ
2599 3701 2907 3771 ὀμοούσιον,
2938 3703 3114 3756 καίτοι
3148 3704 3456 3775 ταυτότητά
3485 3722 3589 3772 epu·

1999 3793 2157 3864 σικὴν
2195 3788 2254 3846 εὖ
2291 3793 2435 3862 μάλα
2488 3792 2843 3861 καταδηλοῦν,
2891 3792 3160 3863 παρέντες
3204 3793 3283 3859 ὡς
3315 3792 3510 3863 ἕωλον,
3536 3796 3585 3850 ol

2001 3887 2140 3956 μόνα
2170 3885 2496 3957 φρονοῦντες
2526 3886 2593 3939 τὰ
2641 3885 3048 3958 διεστραμμένα
3076 3926 3092 3950 ,
3133 3887 3458 3958 προσίενται
3487 3890 3585 3962 μὲν

1996 3978 2192 4049 ἣδιστα
2232 3978 2293 4030 τὸ
2344 3978 2524 4047 σφίσιν
2560 3977 2946 4049 ἐξευρημένον,
2980 3981 3122 4049 φημὶ
3163 3979 3229 4052 δὴ
3262 3981 3326 4036 τὸ
3366 3982 3578 4054 ὁμοιού-

1999 4085 2133 4133 σιον,
2185 4067 2273 4120 τὸν
2323 4066 2557 4138 θύραθεν
2604 4067 2976 4140 εξεικονισμὸν
3018 4069 3578 4142 ὲπιρριπτοῦντεςτῷ

1995 4162 2188 4232 Λόγῳ,
2220 4160 2678 4224 κατασκιάζοντες
2709 4161 2766 4212 δὲ
2801 4159 3123 4232 πανούργως
3167 4162 3269 4235 τὴν
3307 4167 3578 4239 κατάρρη-

2000 4269 2105 4316 σιν,
2138 4253 2234 4306 καὶ
2262 4252 2394 4305 Θεὸν
2422 4254 2513 4306 καὶ
2548 4251 2676 4305 Υἰὸν
2706 4253 3053 4322 ὀνομάζουσι,
3087 4255 3182 4307 καὶ
3206 4255 3320 4326 μὴν
3345 4257 3446 4312 καὶ
3473 4247 3601 4313 Μ’

1993 4345 2139 4416 τῆρα
2191 4346 2285 4399 καὶ
2330 4343 2653 4416 Λυτρωτὴν,
2708 4345 2847 4415 μήτε
2897 4345 3042 4399 κατὰ
3086 4346 3185 4418 τὴν
3228 4347 3397 4418 φύσιν
3432 4349 3574 4410 nov.

310 4435 609 4489 secundum
652 4442 905 4487 naturam
950 4430 1170 4496 Filium,
1224 4445 1401 4500 neque
1445 4431 1741 4486 secundum
1791 4446 1886 4487 ve·
1920 4438 1964 4494 Ι)
1999 4438 2147 4508 μήτε4
2184 4434 2326 4489 κατὰ
2365 4436 2464 4507 τὴν
2516 4435 2773 4505 ἀλήθειαν
2817 4436 2950 4492 Θεὸν
2993 4437 3260 4511 ὑπάρχειν
3309 4441 3481 4495 αὐτὸν
3515 4441 3573 4508 ἐξ

312 4529 526 4580 ritatem
585 4525 749 4578 Deum
784 4539 906 4578 csse
964 4522 1159 4593 ipsum,
1213 4523 1427 4578 miseris
1475 4525 1662 4579 nescio
1697 4526 1890 4594 quibus

312 4615 632 4671 ratiunculis
656 4613 926 4684 persuasi,
944 4628 1080 4685 quas
1114 4630 1180 4669 ex
1207 4615 1450 4670 soeculari
1483 4616 1745 4684 sapientia
1777 4616 1890 4672 col-

311 4708 505 4778 ligunt,
541 4722 662 4760 enm
695 4706 910 4760 demum
938 4716 1196 4775 quantum
1239 4707 1294 4760 in
1340 4721 1402 4761 se
1426 4719 1513 4762 cst
1543 4709 1686 4762 inter
1713 4709 1891 4762 homi-

312 4817 412 4855 nes
443 4800 700 4870 propositi
730 4814 793 4853 ac
829 4799 1121 4854 voluntatis
1151 4799 1506 4854 similitudine
1533 4802 1602 4856 ad
1632 4801 1724 4855 Dei
1759 4802 1892 4856 ima-

310 4895 489 4963 ginem
522 4891 808 4953 formatoS,
839 4900 894 4945 et
931 4892 1074 4946 inter
1104 4902 1385 4946 creaturas
1417 4892 1601 4946 miseri
1635 4895 1890 4948 conscri-

313 4990 468 5046 hunt,
515 4981 648 5034 nihil
683 4981 841 5034 veriti
889 4982 1264 5037 universitatis
1293 4981 1573 5053 Opificem,
1606 4985 1890 5056 δμοούσιον

311 5075 528 5142 «pridem
560 5086 683 5125 eum
727 5085 832 5125 uon
867 5086 990 5127 esse
1024 5075 1286 5140 dicentes,
1318 5077 1415 5130 sed
1452 5075 1778 5146 ὀμοιούσιον.
1821 5079 1893 5131 At

311 5178 411 5218 cur
435 5163 675 5226 demum,
703 5169 914 5230 quaeret
941 5161 1159 5231 aliquis,
1196 5163 1397 5234 rejecto
1413 5163 1699 5233 ὁμοουσίου
1735 5178 1892 5218 voca-

313 5253 462 5312 bulo,
502 5261 557 5304 et
587 5260 844 5320 tauquam
879 5254 1162 5320 peregrino
1205 5264 1261 5309 et
1290 5253 1543 5308 insolenti
1591 5256 1891 5323 repudiato,

316 5355 421 5393 nou
454 5340 768 5395 illaudatum
803 5341 1078 5397 dimittitis
1110 5357 1234 5399 eum
1255 5347 1342 5414 qui
1373 5343 1678 5417 ὀμοιούσιον
1713 5347 1894 5402 vohis-

315 5444 438 5483 cum
489 5432 728 5486 dixerit?
760 5434 962 5503 opinor
991 5433 1056 5486 nd
1087 5433 1187 5487 hoc
1215 5435 1358 5503 ipsos
1388 5438 1648 5491 haesuros.
1686 5437 1893 5507 Quippe

315 5516 530 5573 difficile
554 5534 659 5572 non
691 5522 796 5575 erit
828 5522 1128 5594 intelligere
1162 5523 1243 5578 vel
1271 5525 1317 5580 si
1348 5532 1581 5593 taceant,
1604 5527 1891 5597 ὀμοουσίου

317 5609 765 5680 significationem
820 5613 964 5680 ipsos
1012 5612 1368 5670 reformidare
1439 5625 1490 5670 et
1561 5618 1889 5684 adulterare,

320 5716 424 5755 non
472 5701 613 5769 qnod
653 5714 682 5753 a
718 5701 894 5768 nobis,
938 5709 993 5755 ut
1023 5703 1359 5761 arbitrantur
1386 5720 1448 5762 ac
1481 5705 1686 5776 dicunt,
1712 5719 1775 5760 cx
1812 5708 1891 5764 di·-

1998 4528 2197 4582 άθλίων
2241 4527 2402 4581 τινῶν
2450 4528 2912 4598 ἀναπεπεισμένοι
2963 4531 3303 4602 σκεμμάτων
3345 4532 3388 4588 ἃ.
3433 4533 3577 4605 παρὰ

1997 4619 2097 4688 τῆς
2136 4617 2206 4671 ἐν’
2223 4619 2413 4691 κόσμῳ
2446 4621 2638 4690 σοφίας
2668 4620 3011 4691 συλλέγουσι,
3053 4623 3413 4678 συντάττουσι
3437 4624 3496 4680 δὲ
3517 4623 3577 4678 τύ

1995 4729 2059 4782 γε
2100 4707 2235 4785 ἧκον
2282 4713 2362 4775 είς
2408 4712 2605 4774 αὐτοὺς
2635 4713 2684 4764 oi.
2722 4712 2947 4767 δείλαιοι
2993 4715 3107 4777 τοῖς
3159 4714 3220 4780 ἐξ
3259 4716 3575 4787 ὁμοιότητος

1994 4803 2384 4877 προαιρετικῆς
2438 4803 2894 4873 μεμορφωμένοις
2945 4804 3081 4875 πρὸς
3132 4805 3303 4870 Θεὸν,
3350 4808 3452 4862 καὶ
3509 4809 3573 4877 τῇ

1997 4895 2171 4949 κτίσει
2204 4893 2758 4963 συγκαταγράφουσι,
2794 4897 3270 4966 καταπεφρικότες
3299 4896 3457 4951 οὐδὲν
3489 4895 3574 4950 τὸν

1992 4987 2100 5041 τῶν
2126 4987 2261 5040 ὅλων
2298 4985 2669 5055 Δημιουργὸν,
2703 4987 2987 5055 ὁμοούσιον
3026 4988 3128 5058 μὲν
3168 4988 3277 5042 οὐκ
3317 4984 3464 5044 εἶναι
3492 4987 3574 5043 λέ·

1994 5096 2217 5148 γοντες,
2253 5077 2560 5148 ὀμοιούσιον
2587 5076 2665 5130 δέ.
2714 5078 2909 5132 Καίτοι
2938 5079 2991 5132 τί
3036 5079 3238 5151 δήποτε
3258 5124 3275 5146 ,
3308 5081 3409 5137 καὶ
3435 5078 3573 5153 μάλα

1993 5172 2215 5234 εἰκότως
2239 5208 2254 5234 ,
2285 5169 2446 5238 ἔροιτ’
2481 5170 2546 5224 άν
2573 5186 2658 5232 τις
2715 5169 2933 5236 αὐτοὺς,
2977 5170 3337 5243 διωθούμενοι
3361 5173 3464 5245 τὴν
3492 5170 3569 5227 M-

1991 5264 2099 5330 ξιν,
2139 5261 2241 5315 κᾶν
2268 5261 2329 5313 τὸ
2348 5259 2516 5330 άηθές
2538 5277 2597 5314 τε
2628 5262 2723 5314 καὶ
2752 5261 2901 5326 ξένον
2927 5264 3368 5335 κατηγοροῦντες
3385 5262 3559 5335 αὐτῆς.

1991 5354 2093 5406 ούκ
2114 5352 2465 5422 ἀθαύμαστον
2490 5353 2616 5405 ἐᾶτε
2642 5352 2752 5415 τὸν,
2791 5355 2950 5426 εἴπερ
2975 5373 3058 5419 τις
3080 5355 3263 5410 ἕλοιτο
3287 5358 3415 5412 καθ’
3437 5355 3568 5430 up&

1992 5440 2296 5512 ὀμοιούσιον
2336 5439 2553 5507 λέγειν;
2593 5440 2731 5493 Ἀλλ’
2761 5439 2915 5513 οἶμαι
2957 5443 3094 5515 πρὸς
3120 5444 3283 5500 τοῦτο
3309 5445 3572 5519 διακορή-

1995 5549 2106 5585 σειν
2149 5530 2365 5593 αὐτούς.
2417 5530 2663 5584 Συνιέναι
2712 5547 2775 5599 γε
2819 5532 2927 5605 μὴν
2970 5533 3207 5604 χαλεπὸν
3252 5535 3434 5603 οὐδὲν,
3481 5533 3574 5590 καὶ

1995 5621 2105 5694 [lc.
2146 5620 2239 5673 καὶ
2267 5618 2337 5690 εἰ]
2364 5620 2515 5672 αὐτοὶ
2545 5618 2619 5689 μὴ
2651 5620 2885 5688 λέγοιεν,
2907 5624 2990 5677 ὅτι
3022 5624 3118 5678 τοῦ
3154 5625 3449 5696 δμοουσίου
3475 5623 3571 5694 τὴν

1992 5709 2223 5780 δήλωσιν
2290 5706 2557 5762 ἐκδεὸίασί
2588 5725 2646 5761 τε
2686 5712 2778 5763 καὶ
2829 5713 3258 5785 κιόδηλεύονσιν,
3288 5717 3392 5772 οὐκ
3421 5713 3568 5769 ἐπεί-
