3809 6125
273 290 412 351 1389

1183 290 1475 351 senous
1517 294 1604 353 DE
1643 290 2158 354 thattNutONE
2200 289 2574 350 uNtcsNtrt.

3274 243 3289 256 ι
3388 293 3529 352 1590

271 422 371 463 nas
417 419 633 460 sursum
685 390 1233 476 superobumbrantes
1282 410 1477 477 pennis
1515 412 1631 469 suis
1680 426 1846 482 snper
1874 418 1920 473 Α
1949 408 2128 463 minus
2193 418 2381 463 noster
2434 407 2591 467 lesus
2626 406 2895 473 Christus,
2948 406 3181 476 imagine
3220 416 3277 464 et
3335 408 3526 481 figura,

267 499 698 572 propitiatorium
717 516 734 567 ;
751 509 805 553 et
821 497 997 553 vultus
1013 513 1200 555 eorum
1225 502 1526 557 adinvicem
1558 502 1845 572 respicien-

270 605 349 648 tes
375 590 803 662 propitiatorium
828 601 988 645 eruut
1005 591 1070 646 ⁸¹¹.
1091 610 1111 644 r
1140 590 1394 663 AEnigma
1411 595 1774 652 certissimum
1793 594 1845 649 id

267 683 362 746 sit,
396 682 562 735 Deum
595 680 827 735 Verbum
852 681 1016 735 etiam
1043 681 1096 737 in
1132 684 1467 740 humanitate
1499 686 1663 741 Deum
1692 700 1846 741 man-

265 775 513 839 sisse,et
541 772 593 826 in
643 787 739 825 sua
782 772 952 843 gloria
997 787 1062 829 ac
1112 772 1427 843 maiestate.
1468 776 1568 832 etsi
1623 786 1846 847 propter

269 863 730 932 dispensationem
783 863 962 919 factus
1021 866 1093 920 sit
1140 866 1338 924 similis
1393 867 1612 923 nostriz
1659 868 1846 937 Propi·

266 956 540 1010 tiatorium
572 968 804 1023 namque
825 970 921 1023 per
952 956 1109 1010 iidem
1141 957 1320 1012 sactus
1339 964 1425 1018 est
1445 958 1603 1013 nobis
1629 956 1845 1013 Emma-

267 1045 412 1100 nuel.
451 1036 732 1100 ld'autem
785 1044 939 1099 nobis
984 1045 1355 1116 comprobavit
1408 1046 1846 1116 sapientissimus

265 1133 502 1189 Joannes
559 1136 742 1190 dicens
789 1152 804 1188 ε
850 1154 870 1187 e
905 1135 1116 1203 Filioli,
1148 1137 1331 1193 scribo
1386 1137 1572 1202 vobis,
1620 1146 1680 1194 ut
1738 1152 1843 1193 nou

268 1228 501 1297 peccetis
526 1244 541 1292 ;
571 1229 666 1282 sed
697 1229 743 1282 si
783 1227 906 1297 quis
951 1230 1288 1297 peccaverit,
1316 1229 1718 1288 consolatorem
1751 1230 1846 1284 ha·

277 1317 464 1373 bemus
515 1320 656 1388 apud
721 1299 973 1382 Patrem,
1033 1316 1217 1372 «lesum
1267 1318 1538 1374 Christum
1571 1318 1785 1385 ‚justum
1826 1333 1842 1385 ;

269 1420 325 1463 et
357 1410 471 1479 ipse
499 1421 584 1464 est
645 1408 950 1479 propitiatio
1011 1423 1108 1477 pro
1153 1411 1387 1477 peccatis
1424 1410 1623 1465 nostris
1649 1409 1788 1464 ⁸⁸⁸⁸.
1818 1428 1838 1457 ι

269 1500 378 1556 Nec
407 1516 511 1555 uon
560 1502 720 1556 etiam
757 1501 952 1554 Paulus
974 1543 990 1565 ,
1046 1521 1063 1551 ‹
1094 1499 1263 1568 Quem
1319 1501 1613 1571 proposuit,
1649 1500 1842 1569 inquit,

269 1590 412 1647 Deus
450 1594 852 1663 propitiatorem
885 1607 981 1662 per
1024 1592 1180 1646 tidem
1214 1592 1266 1645 in
1295 1606 1395 1646 suo
1426 1592 1690 1661 sanguine
1729 1590 1838 1643 ⁸⁰.»

337 1684 604 1741 Caeterutn
643 1700 805 1740 cerne
827 1683 1119 1739 Cherubim
1147 1683 1562 1738 circumstantes
1585 1682 1844 1752 propitia-

1950 509 2168 569 propter
2188 499 2647 567 dispensationem
2688 497 2883 554 tactam
2910 513 3032 553 cum
3056 513 3219 555 carne
3248 538 3264 566 ,
3298 516 3394 570 pro
3416 516 3533 557 ser-

1948 593 2111 659 pente
2134 589 2399 659 accipitur
2429 604 2592 655 aereo,
2626 603 2786 658 quem
2830 588 3004 643 erexit
3037 588 3280 660 Moyses,
3306 600 3365 646 ut
3410 605 3531 647 ser-

1951 688 2171 750 pentum
2231 695 2446 736 morsus
2484 690 2696 735 arceret
2729 680 2800 735 ⁸⁸.
2858 678 3113 735 Aitenim
3152 698 3168 737 t
3201 700 3221 733 e
3280 680 3347 736 Et
3391 683 3535 739 sicut

1948 771 2159 844 Moyses
2202 772 2460 829 exaltavit
2496 782 2801 843 serpentem
2831 772 2883 826 in
2908 773 3156 839 deserto,
3191 772 3265 828 ita
3308 783 3529 844 oportet

1947 863 2175 918 exaltari
2216 861 2409 917 Filium
2448 862 2706 927 hominis,
2750 872 2809 917 ut
2843 876 3033 919 omnes
3076 864 3167 932 qui
3210 866 3436 919 credunt
3472 865 3527 919 in

1947 954 2145 1025 ipsunt,
2179 970 2285 1010 non
2311 964 2555 1025 pereant,
2577 955 2669 1011 sed
2690 954 2922 1009 habeant
2942 954 3107 1009 vitam
3130 964 3387 1011 aeternatn
3408 955 3476 1012 ⁸⁸.
3504 974 3523 1007 t

1948 1044 2412 1113 Quemadmodum
2442 1044 2585 1100 enim
2619 1059 2843 1114 serpens
2888 1045 3063 1101 sactus
3091 1060 3158 1101 ex
3182 1060 3292 1124 atre
3340 1045 3530 1102 salutis

1946 1146 2067 1196 erat
2095 1137 2530 1207 periclitantibus
2550 1152 2713 1193 causa
2746 1139 3121 1211 (sanabantur
3148 1139 3292 1193 enim
3323 1139 3376 1193 in
3402 1154 3525 1194 eunt

1950 1231 2302 1300 respicientes
2328 1230 2347 1301 )
2380 1248 2397 1285 z
2430 1244 2495 1285 eo
2520 1230 2679 1286 modo
2704 1231 2864 1287 etiam
2894 1231 3153 1286 Dominus
3175 1229 3334 1287 lesus
3373 1228 3529 1286 Chri-

1948 1330 2067 1378 stus
2116 1322 2197 1376 eis
2245 1322 2335 1391 qui
2393 1334 2514 1375 eum
2570 1321 2753 1376 vident
2801 1320 3016 1390 quidem
3058 1322 3111 1375 in
3175 1322 3528 1377 similitudine

1948 1411 2326 1482 malignorum,
2349 1427 2416 1467 eo
2443 1414 2586 1482 quod
2622 1412 2795 1466 faetus
2816 1412 2887 1466 sit
2919 1414 3099 1478 homo,
3138 1427 3243 1466 non
3277 1412 3529 1481 ignorant

1950 1511 2130 1557 tamen
2185 1504 2327 1571 quod
2385 1502 2527 1558 Dens
2559 1503 2631 1557 sit
2671 1504 2917 1557 vix-incus
2964 1517 3126 1557 causa
3160 1502 3261 1556 erit
3296 1504 3447 1569 vitan,
3472 1513 3528 1557 et

1948 1593 2039 1647 dat
2065 1608 2222 1664 posse
2245 1593 2500 1649 aninmlia
2527 1607 2791 1650 venenosa
2818 1595 3011 1659 vitare,
3039 1593 3090 1648 id
3105 1604 3208 1659 est,
3230 1595 3527 1648 contrarias

1948 1690 2261 1752 potestates,

267 1777 496 1842 torium,
525 1787 580 1832 et
608 1776 1164 1846 superobumbrantes
1194 1777 1413 1846 quidem
1435 1775 1632 1845 pennis
1657 1792 1674 1844 ς
1699 1790 1836 1831 eon·
1872 1758 1916 1813 Β
2016 1770 2072 1825 ld
2096 1785 2309 1840 quoque
2332 1770 2489 1839 hujus
2517 1772 2593 1827 rei
2627 1773 2796 1840 ligura
2819 1774 2912 1841 sit,
2937 1773 3079 1842 qnod
3114 1772 3357 1841 Moyseos
3376 1774 3524 1845 virga

267 1883 452 1923 versos
516 1878 698 1924 autem
749 1870 816 1923 ad
864 1868 1335 1938 propitiatorium,
1380 1877 1437 1922 et
1496 1881 1634 1936 pene
1690 1867 1839 1922 nutui

266 1956 548 2014 Dominico
570 1959 784 2015 oculum
832 1961 1190 2015 intendentes,
1225 1958 1304 2013 Aa
1343 1957 1436 2013 Dei
1463 1958 1609 2013 enim
1647 1956 1842 2012 volun·

266 2056 428 2104 tatem
459 2057 666 2104 tantum
712 2048 930 2117 respicit
963 2057 1149 2104 sancta
1199 2046 1504 2103 coelestium
1550 2045 1842 2116 spirituum

267 2137 672 2204 multitudo,et
718 2155 990 2209 nunquam
1037 2140 1128 2195 Dei
1181 2140 1414 2194 satiatur
1467 2146 1710 2208 aspectu.
1763 2136 1843 2190 lta

265 2229 472 2285 Filium.
513 2233 774 2302 propheta
834 2232 1001 2289 lsaias
1053 2233 1255 2287 vidisse
1297 2246 1359 2286 se
1405 2229 1534 2285 dicit
1600 2230 1656 2286 in
1714 2229 1841 2283 sede

263 2322 526 2378 altissima
571 2333 627 2379 et
666 2324 1120 2387 eminentissima,
1168 2320 1650 2378 circumstantibus
1673 2318 1842 2375 Sera·

263 2414 411 2485 phim
436 2423 491 2471 et
513 2414 928 2484 obsequentibus
953 2417 1000 2469 ei
1033 2424 1091 2468 ut
1110 2413 1222 2469 Deo
1247 2414 1290 2444 ⁵¹
1310 2439 1322 2452 ·

814 2544 978 2618 790
1007 2545 1158 2600 CAP.
1192 2543 1311 2599 XV.

720 2663 877 2717 Aliud
915 2661 980 2717 de
1010 2661 1156 2733 virga
1187 2658 1377 2714 Moris.

336 2780 714 2839 Destinabatur
760 2777 1048 2847 aliqnando
1081 2775 1295 2830 divinus
1340 2771 1551 2845 Moyses
1589 2781 1649 2827 ut
1677 2770 1845 2828 lsrael

265 2873 334 2930 ab
355 2872 732 2945 AEgyptiorum
753 2869 1005 2925 violentia
1041 2865 1317 2925 liberaret.
1349 2863 1547 2921 Verum
1583 2863 1842 2933 quoniam

267 2978 490 3020 necesse
540 2970 658 3017 erat
709 2976 834 3024 eos,
873 2961 966 3029 qui
1017 2960 1117 3015 suh
1146 2960 1273 3028 iugo
1323 2965 1508 3012 essent
1569 2953 1847 3011 servitutis

267 3054 522 3116 insolitae,
563 3053 712 3119 prius
752 3052 948 3107 docere
1014 3050 1159 3118 quod
1210 3050 1292 3106 eis
1344 3050 1485 3104 Deus
1526 3048 1641 3120 jam
1695 3053 1843 3102 esset

268 3141 674 3204 reconciliatus,
706 3140 944 3208 prodigia
972 3153 1098 3192 eum
1131 3138 1310 3192 facere
1354 3139 1696 3204 imperabat:
1733 3136 1841 3204 ple-

271 3246 498 3301 rumque
517 3230 662 3286 enim
702 3228 1024 3285 miraculum
1065 3240 1162 3281 uos
1197 3226 1416 3280 adducit
1452 3225 1712 3295 inlidunt.
1750 3227 1842 3282 Ait

273 3325 434 3398 igitur
461 3321 671 3393 Moyses
699 3319 767 3375 ad
796 3317 966 3376 Deum
995 3316 1424 3386 omnipotentem
1453 3332 1466 3369 ε
1503 3331 1526 3366 ι
1563 3312 1619 3369 Si
1654 3321 1837 3371 autem

269 3429 375 3470 non
402 3412 728 3469 crediderint
755 3409 908 3471 mihi,
942 3420 1116 3477 neque
1139 3403 1407 3463 audierint
1436 3414 1618 3460 vocem
1639 3419 1839 3471 meam,

269 3506 508 3563 dicentes
539 3521 555 3559 ε
589 3502 709 3560 Non
733 3501 982 3573 apparuit
1008 3498 1104 3557 tibi
1131 3497 1276 3553 Deus
1301 3513 1318 3563 ;
1343 3497 1473 3567 quid
1495 3495 1670 3552 dicam
1700 3495 1842 3552 illis?

273 3592 418 3650 Dixit
447 3593 642 3650 deindo
681 3591 935 3647 Dominus
972 3605 988 3643 t
1026 3587 1166 3655 Quid
1201 3588 1304 3644 hoc
1353 3597 1440 3643 est
1478 3587 1618 3656 quod
1654 3595 1742 3644 est
1784 3588 1838 3643 in

272 3701 431 3742 manu
474 3695 561 3740 tua
591 3684 614 3738 i
643 3682 942 3752 Respondit
973 3699 990 3737 t
1020 3679 1202 3752 Virga.
1257 3680 1319 3736 Et
1355 3681 1433 3736 ait
1472 3680 1545 3735 illi
1581 3697 1595 3735 :
1630 3678 1841 3748 Projice

271 3775 416 3831 illam
438 3775 489 3830 itt
521 3784 719 3829 terram
745 3792 758 3838 ;
787 3783 845 3831 et
863 3771 1005 3828 facta
1025 3780 1109 3828 est
1133 3785 1378 3841 serpens,
1401 3779 1457 3826 et
1479 3770 1612 3842 sugit
1631 3769 1843 3842 Moyses

271 3867 340 3922 ab
367 3880 452 3921 ea.
489 3865 555 3920 Et
587 3865 722 3922 dixit
749 3861 1006 3919 Dominus
1035 3862 1101 3916 ad
1137 3859 1348 3933 Moysen
1386 3875 1403 3915 z
1435 3860 1678 3917 Extende
1721 3875 1841 3915 ma·

273 3973 399 4012 num
431 3967 611 4038 tuam,
645 3966 702 4014 et
731 3955 1073 4026 apprehende
1114 3955 1339 4010 caudam
1370 3952 1488 4022 ejus
1516 3970 1533 4021 ;
1564 3963 1620 4009 et
1650 3961 1840 4013 exten·

272 4050 407 4104 dens
435 4063 650 4104 manum
691 4048 1043 4120 apprehendit
1066 4051 1314 4113 caudam,
1343 4056 1398 4101 et
1427 4044 1565 4101 facta
1592 4056 1674 4102 est
1692 4047 1842 4118 virga

273 4139 330 4196 ln
373 4155 533 4195 mann
569 4141 704 4208 ejus.
734 4140 796 4195 Et
843 4139 980 4194 dixit
1016 4138 1092 4194 illi
1132 4154 1146 4194 :
1175 4137 1247 4196 Ut
1281 4138 1503 4192 credant
1549 4137 1681 4207 tibi,
1715 4137 1843 4207 quia

274 4231 518 4301 apparuit
548 4229 641 4285 tibi
682 4229 940 4284 Dominus
982 4230 1124 4286 Deus
1159 4237 1372 4299 patrum
1412 4242 1669 4294 suorum,
1703 4229 1844 4285 Deus

274 4324 568 4387 Abraham,
603 4331 658 4376 et
699 4322 836 4376 Deus
859 4320 1030 4387 isaac,
1059 4330 1115 4376 et
1147 4321 1285 4376 Deus
1314 4319 1480 4377 Jacob
1498 4319 1565 4375 ⁸⁸.
1601 4339 1622 4374 ι
1657 4320 1845 4377 Anim-

1944 1861 2124 1931 virgas
2167 1862 2303 1917 alias
2330 1862 2693 1928 devoraverit,
2728 1864 2947 1934 quasin
2988 1874 3187 1919 tetram
3218 1866 3357 1935 magi
3400 1879 3528 1933 pro-

1937 1952 2183 2022 jecerant
2220 1952 2288 2006 ⁵¹¹.
2331 1950 2507 2023 ibitur
2532 1954 2683 2022 virga
2708 1955 2926 2023 quidem
2968 1954 3022 2009 in
3055 1964 3257 2008 terram
3291 1954 3526 2024 proiecta

1942 2051 2027 2097 est
2060 2060 2075 2110 ;
2116 2058 2220 2098 non
2253 2051 2434 2099 tamen
2467 2060 2681 2114 semper
2705 2047 2985 2100 remansit.
3030 2046 3321 2117 Resumpta
3347 2056 3523 2102 autem

1947 2133 2141 2189 iterum
2210 2134 2312 2189 suit
2339 2136 2479 2205 quod
2510 2146 2627 2190 erat
2656 2153 2670 2189 :
2706 2152 2827 2190 nam
2859 2138 2980 2192 licet
3016 2137 3156 2193 sacta
3185 2139 3277 2205 sit,
3313 2150 3371 2193 ut
3401 2148 3528 2195 ante

1944 2223 2077 2287 dixi,
2096 2224 2147 2277 in
2167 2225 2518 2279 similitudine
2542 2234 2725 2278 nostra
2754 2224 2928 2281 Patris
2949 2227 3120 2297 virga,
3148 2227 3200 2281 id
3216 2238 3319 2292 est,
3338 2226 3523 2291 Filius,

1946 2331 2042 2387 per
2064 2332 2223 2387 quem
2256 2318 2419 2371 habet
2440 2317 2681 2372 omniutn
2722 2327 3041 2386 potestatem
3075 2335 3089 2382 ;
3128 2327 3393 2384 attamen,
3422 2321 3525 2375 im·

1945 2407 2090 2475 pleta
2146 2408 2581 2478 dispensatione,
2631 2408 2891 2465 revolavit
2948 2410 3000 2463 in
3036 2409 3267 2476 coelum,
3319 2419 3374 2465 et
3422 2410 3524 2465 suit

1949 2500 2143 2555 iterum
2195 2511 2451 2571 tanquam
2497 2503 2549 2555 in
2605 2519 2763 2556 manu
2806 2502 2983 2558 Patris
3040 2503 3191 2574 virga
3255 2504 3528 2573 inquitatis

1944 2604 2008 2645 ac
2038 2591 2187 2661 regni
2215 2608 2229 2644 :
2255 2594 2407 2647 sedet
2459 2594 2599 2648 enitn
2644 2594 2711 2649 ad
2741 2595 3017 2649 dexteram
3060 2594 3332 2650 Genitoris
3355 2596 3437 2649 sui
3464 2597 3519 2650 in

1944 2681 2161 2750 propria
2196 2683 2498 2751 majestate,
2532 2684 2690 2739 sedes
2728 2684 3021 2740 altissimas
3041 2685 3291 2740 obtinens
3316 2723 3333 2750 ,
3361 2686 3525 2740 etiam

1946 2784 2069 2825 cum
2102 2786 2267 2827 carne
2293 2772 2362 2827 ⁸⁸.

2568 2903 2721 2961 CAP.
2762 2903 2904 2963 xw.

2016 3016 2178 3072 Aliud
2202 3016 2267 3073 de
2292 3032 2452 3072 manu
2477 3016 2681 3089 Moysis
2698 3018 2900 3090 leprosa
2930 3029 2978 3076 et
3016 3021 3215 3094 integre
3244 3033 3453 3081 sanata.

2020 3149 2040 3182 e
2070 3130 2209 3187 Dixit
2236 3141 2411 3187 *tutem
2429 3133 2494 3188 ad
2516 3147 2637 3187 eum
2679 3135 2820 3188 Deus
2843 3134 3100 3192 Dominus
3121 3137 3315 3192 iterum
3340 3153 3355 3192 ι
3384 3138 3525 3194 lnt'er

1945 3239 2161 3279 tnanunt
2188 3235 2334 3279 tuam
2368 3225 2421 3278 in
2453 3225 2629 3278 sinum
2654 3233 2802 3280 tunm
2829 3243 2845 3291 ;
2875 3237 2928 3281 et
2954 3228 3175 3297 protulit
3202 3245 3418 3285 manum
3456 3231 3525 3286 de

1944 3316 2066 3371 sinu
2099 3330 2220 3382 suo,
2250 3325 2307 3370 et
2332 3315 2473 3370 sacta
2503 3323 2587 3370 est
2613 3329 2803 3371 manus
2835 3317 2955 3388 ejus
2992 3318 3131 3373 sicut
3159 3321 3271 3375 nix.
3311 3321 3524 3376 Etdixit.

1946 3405 2139 3460 iterum
2168 3423 2182 3460 ι
2213 3403 2357 3463 lntet·
2390 3419 2604 3459 manum
2639 3413 2783 3459 tuam
2816 3407 2869 3461 in
2916 3408 3093 3463 sinum
3130 3417 3279 3464 tuum
3310 3424 3407 3468 :et
3440 3413 3522 3467 in·

1947 3495 2066 3550 tulit
2091 3511 2309 3551 manum
2344 3511 2499 3552 suam
2539 3497 2591 3552 in
2611 3499 2790 3552 sinum
2832 3515 3024 3565 suum,
3061 3510 3116 3555 et
3152 3503 3373 3572 protulit
3402 3506 3520 3559 eati·

1944 3586 2013 3643 de
2032 3589 2154 3642 sinu
2182 3603 2304 3654 suo,
2319 3600 2375 3644 et
2406 3589 2601 3645 iteruin
2629 3591 2877 3645 restituta
2901 3601 2987 3646 est
3019 3591 3071 3647 in
3090 3592 3326 3648 colorem
3341 3596 3523 3651 carnis

1944 3680 2062 3748 eius
2082 3681 2149 3735 ⁸⁸.
2185 3697 2205 3732 t
2248 3679 2461 3736 Manum
2484 3682 2550 3736 ad
2582 3684 2854 3736 dexteram
2896 3682 2988 3738 Dei
3022 3692 3076 3739 et
3112 3683 3288 3740 Patris
3328 3701 3518 3741 verum

1944 3769 2138 3826 Filium
2161 3770 2278 3841 ejus
2310 3771 2491 3829 divit-1
2518 3771 2797 3843 Scriptura
2827 3775 3093 3830 nominat.
3120 3775 3339 3834 ltnluxit
3369 3780 3517 3835 enim

1944 3862 2120 3934 ipsum
2171 3863 2438 3920 dicentem
2476 3882 2491 3918 ε
2526 3883 2546 3916 e
2590 3864 2705 3935 Ego
2759 3881 2919 3920 manu
2972 3883 3089 3924 mea
3137 3870 3345 3928 tirmavi
3404 3889 3521 3930 coe-

1946 3954 2054 4012 lum
2084 3954 2131 3986 ⁸⁸
2172 3970 2188 4020 3
2228 3972 2248 4006 ι
2300 3968 2402 4008 nee
2452 3967 2560 4009 non
2618 3955 2785 4010 etiam
2824 3956 2989 4012 David
3024 3958 3238 4017 divinus
3282 3973 3466 4019 cantat
3502 3984 3517 4021 :

1949 4063 1971 4096 ι
1995 4045 2171 4101 Verbo
2201 4045 2414 4101 Domini
2444 4045 2566 4102 coeli
2596 4046 2789 4104 tirmati
2820 4059 2946 4105 sunt
2970 4050 3016 4083 ⁸⁸
3072 4069 3093 4104 ι
3135 4052 3308 4109 Cerne
3337 4055 3519 4126 igitur,

1948 4137 2000 4191 in
2031 4138 2210 4197 sinum
2236 4139 2453 4208 quidem
2486 4137 2685 4210 Moysis
2724 4140 2902 4196 adhuc
2934 4157 3155 4199 manum
3189 4143 3308 4215 ejus
3332 4151 3518 4204 occul-

1948 4230 2079 4295 tari,
2115 4239 2171 4286 et
2201 4232 2439 4286 nondum
2490 4230 2690 4286 factam
2740 4232 3006 4303 leprosam
3028 4274 3045 4300 ,
3081 4238 3349 4308 prolatam
3388 4256 3520 4296 vero

1945 4324 2129 4380 statim
2183 4323 2450 4394 leprosam
2504 4323 2704 4381 factam
2730 4343 2746 4381 ι
2776 4325 2973 4383 deinde
3015 4344 3140 4384 mox
3197 4330 3440 4398 illatam,
3465 4345 3522 4388 et

277 4413 497 4468 adverte
556 4411 611 4468 in
657 4410 744 4466 his
792 4419 987 4464 natura
1045 4416 1101 4463 et
1173 4409 1402 4464 veritate
1467 4407 1667 4463 Filium
1719 4406 1838 4472 Dei,
1874 4429 2138 4489 „rursus
2192 4415 2488 4484 prolatam,
2540 4425 2597 4470 et
2652 4416 2718 4472 de
2767 4427 2963 4473 caetero
3021 4435 3123 4475 non
3199 4422 3516 4491 leprosam:

279 4515 532 4574 tanquam
589 4505 833 4573 quaedatn
884 4502 1034 4572 virga
1085 4499 1156 4556 sit
1203 4498 1376 4556 Patris
1403 4515 1421 4566 ;
1458 4501 1604 4567 virga
1662 4507 1842 4554 autem

278 4597 489 4666 insigne
514 4604 601 4650 est
645 4593 796 4664 regni
825 4611 841 4648 ι
879 4609 906 4647 r
940 4590 1081 4648 Filio
1110 4590 1255 4647 enim
1307 4590 1456 4645 dedit
1491 4591 1692 4647 hahere
1720 4603 1843 4645 om·

278 4689 424 4743 nium
470 4694 786 4756 potestatem
827 4684 892 4738 ⁸⁸.
941 4702 962 4737 ι
993 4681 1144 4739 Unde
1175 4681 1342 4738 etiam
1379 4680 1594 4740 divinus
1621 4680 1788 4738 David
1827 4698 1844 4738 z

282 4799 302 4832 ι
344 4778 591 4835 Thronus
619 4787 761 4845 tuus,
791 4777 983 4848 inquit,
1016 4776 1177 4842 Deus,
1205 4775 1258 4829 in
1278 4773 1532 4829 ueculutn
1553 4773 1754 4840 saecnli,
1793 4781 1849 4830 et

277 4873 420 4941 virga
440 4870 730 4939 aequitatiS,
751 4871 900 4940 virga
925 4865 1073 4939 regni
1094 4867 1286 4922 tui⁸⁸.»
1321 4865 1426 4921 Sed
1461 4880 1581 4921 eam
1613 4865 1843 4937 proiecit

273 4962 329 5019 in
358 4972 578 5027 terram,
608 4963 796 5026 idest,
829 4973 1055 5029 corpore
1077 4967 1292 5014 terreno
1318 4957 1692 5021 circumdedit,
1724 4958 1840 5015 sivo

274 5071 371 5128 pet·
417 5053 803 5112 humanitatem
858 5051 1004 5106 misit
1039 5049 1093 5104 in
1145 5059 1344 5105 terram
1380 5068 1396 5105 ε
1430 5059 1558 5104 tunc
1590 5048 1734 5102 enim
1783 5049 1837 5103 in

272 5146 618 5202 similitudine
646 5143 820 5200 sactus
847 5151 931 5198 est
963 5141 1320 5212 malignorum
1359 5140 1662 5203 homiuum,
1685 5137 1839 5196 scili-

273 5251 356 5294 cet
387 5236 733 5308 malignitatis
770 5236 978 5304 signum
1009 5243 1092 5288 est
1120 5246 1362 5302 serpens.

305 5329 457 5399 Quod
479 5338 655 5384 autem
679 5341 864 5382 verum
885 5326 975 5391 sit,
1001 5325 1126 5380 hinc
1149 5325 1373 5380 scimus.
1410 5323 1529 5394 lpse
1554 5324 1700 5379 enim
1724 5321 1836 5378 Do·

1948 4503 2351 4559 ‹Restitutaest
2370 4504 2537 4571 enim,
2567 4503 2761 4573 inquit,
2790 4505 2843 4560 in
2872 4506 3107 4563 colorent
3128 4510 3307 4565 earnis
3327 4511 3464 4581 ejus.
3492 4531 3514 4562 ι

1944 4595 2085 4666 Ergo
2132 4593 2370 4664 qnandiu
2442 4595 2657 4664 quidem
2717 4607 2837 4652 erat
2889 4598 2941 4652 in
2995 4599 3118 4655 sinu
3170 4598 3348 4659 Patris
3378 4603 3519 4660 Deus

1945 4681 2201 4748 Verbum,
2238 4680 2538 4738 divinitatis
2570 4683 2747 4740 nitore
2780 4682 3055 4757 fulgebam
3088 4702 3276 4747 verum
3298 4692 3519 4763 quando

1945 4773 2125 4843 aliquo
2184 4774 2344 4829 modo
2403 4785 2555 4829 extra
2603 4773 2705 4831 fuit
2760 4791 2859 4846 per
2915 4779 3340 4838 incarnationem
3400 4783 3519 4840 slve

1946 4865 2393 4937 ὲνανθρώπησιν,
2429 4867 2604 4922 iactus
2648 4882 2728 4924 est
2769 4888 2788 4920 t
2836 4870 2889 4926 in
2936 4871 3288 4931 similitudine
3337 4878 3520 4932 carnis

1946 4959 2189 5027 peccati,
2227 4969 2282 5012 et
2330 4960 2471 5014 inter
2527 4960 2742 5030 iniquos
2792 4962 3073 5030 reputatus
3120 4966 3301 5022 est⁸⁸.
3365 4985 3386 5020 ι
3424 4967 3517 5023 Ait

1945 5049 2087 5105 etnim
2112 5050 2326 5104 divinus
2352 5048 2550 5106 Paulus
2570 5091 2588 5117 ,
2622 5069 2641 5102 ι
2682 5066 2806 5107 eum
2840 5053 2930 5122 qui
2962 5064 3244 5124 peccatum
3280 5073 3385 5112 non
3416 5071 3516 5113 no·

1944 5150 2116 5206 verat,
2137 5156 2234 5212 pro
2256 5141 2401 5198 nobit
2432 5155 2711 5211 peccatum
2739 5143 2923 5211 fuisse,
2948 5154 3005 5201 ut
3033 5162 3130 5202 nos
3156 5147 3409 5203 fieremus
3426 5149 3517 5219 ju·

1945 5231 2090 5286 stitia
2131 5234 2324 5303 inipso
2360 5234 2427 5290 ⁸⁸.
2470 5253 2491 5288 ι
2528 5233 2640 5291 Hoc
2660 5236 2915 5292 existimo
2943 5235 3145 5308 lepram
3177 5245 3509 5307 sigrmcare,

1945 5322 2254 5380 immundus
2296 5327 2440 5387 etnim
2470 5328 2765 5383 secundum
2802 5328 2973 5401 legem
3012 5331 3258 5402 leprosus
3286 5330 3353 5386 ⁸⁸.
3406 5332 3513 5389 Sed

273 5493 317 5527 ⁸⁷
419 5494 587 5549 Exod.
610 5510 740 5558 xxv,
768 5492 854 5548 17.
929 5491 1045 5524 ’Μ’
1076 5489 1276 5549 lJoan.
1305 5506 1367 5559 tt,
1411 5492 1462 5557 1,
1498 5492 1555 5547 Ξ.
1631 5490 1678 5522 ⁸⁸
1711 5488 1868 5544 Rom.
1894 5504 1979 5555 ttt,
2036 5489 2129 5546 25.
2206 5490 2250 5522 ⁸¹
2287 5488 2389 5548 lsa.
2414 5506 2488 5558 vt,
2518 5493 2567 5546 1.
2643 5491 2690 5524 ⁸⁸
2725 5491 2895 5550 Exod.
2947 5510 3023 5561 tv,
3073 5496 3195 5555 t·5.
3272 5497 3321 5531 ⁸⁸
3349 5496 3507 5556 Joan.

273 5562 482 5628 xvu,2.
553 5565 601 5597 ⁸⁸
635 5563 776 5619 Psal.
816 5579 960 5627 xttv,
1019 5562 1069 5616 7.
1145 5563 1194 5595 ⁸⁸
1227 5561 1387 5619 Num.
1440 5577 1554 5627 ιιι,
1609 5559 1666 5616 8.
1743 5559 1789 5593 ⁸⁸
1851 5557 2009 5616 Joan.
2076 5575 2160 5624 nt,
2216 5560 2303 5614 tt.
2379 5561 2425 5594 ⁸⁸
2461 5562 2629 5619 Exod.
2686 5580 2761 5631 tv,
2804 5564 2861 5619 Ξ.
2941 5565 2987 5597 ⁸⁸
3042 5567 3185 5624 Psal.
3250 5584 3391 5633 xuv,
3452 5569 3507 5625 7.

271 5634 320 5665 ⁸⁸
347 5628 514 5688 Exod.
541 5645 618 5697 tv,
640 5633 692 5687 6.

805 5634 850 5664 “
877 5634 979 5690 isa.
1007 5648 1196 5701 xtvttt,
1223 5632 1308 5688 ¹3.

274 5705 319 5738 ⁸⁸
351 5702 522 5762 Levit.
549 5717 668 5769 xttt,
691 5703 749 5758 2.

1419 5634 1462 5667 ⁸¹
1495 5632 1636 5689 Psal.
1665 5644 1836 5699 xxxu,
1857 5631 1913 5687 6.
1990 5630 2038 5664 ⁸⁸
2068 5629 2226 5687 Rom.
2255 5646 2370 5696 vni,
2398 5631 2464 5700 33
2491 5631 2597 5689 lsa.
2624 5650 2746 5701 ιιιι,
2822 5635 2911 5694 12.
2989 5637 3034 5670 ⁸⁸
3063 5637 3086 5694 l
3112 5636 3240 5696 Gor.
3294 5654 3349 5705 v,
3413 5638 3507 5694 21.
