3809 6125
275 357 424 417 “05

1339 359 1426 419 Dr.
1465 362 1564 419 SS.
1607 362 1981 421 Tamiram
2020 365 2365 427 DtaLocus
2399 368 2513 426 Vn.

3395 368 3531 432 ttu’ss

279 475 410 530 «oo
459 471 706 546 πρέσδυς
754 471 875 527 οὐδὲ
927 471 1181 542 ἄγγελος,
1226 474 1343 529 ἀλλ’
1375 478 1536 543 αὐτὸς
1583 480 1613 532 ὁ
1658 479 1937 551 ΚύριοςΑ
1965 482 2128 553 quit:
2164 482 2327 539 «Non
2369 483 2603 555 legatus,
2637 497 2813 556 neque
2862 486 3105 558 angelus,
3150 486 3243 545 sed
3286 487 3401 560 ipse
3436 490 3535 546 Do·

269 568 486 621 8σωσεν
516 565 736 632 αὐτοὺς,
766 565 854 618 διὰ
876 565 936 619 τὸ
960 567 1180 637 ἀγαπᾷν
1203 568 1423 633 αὐτοὺς,
1460 570 1556 624 καὶ
1583 572 1856 640 φείδεσθαι

273 657 482 715 αὐτῶν.
518 654 691 719 Αὐτὸς
716 654 1060 724 ὲλυτρώσατο
1096 658 1314 724 αὐτοὺς,
1349 660 1444 714 καὶ
1469 661 1732 716 ἀνέλαόεν
1759 663 1855 716 αὐ·

270 752 426 814 τοὺς,
455 746 550 801 καὶ
576 745 793 816 ῦψωσεν
818 747 1015 812 αὐτοὺς
1039 749 1219 813 πάσας
1246 750 1347 814 τὰς
1379 752 1589 823 ἡμέρας
1606 751 1700 807 τοῦ
1724 753 1858 807 αἰῶ-

273 858 388 904 νος,
418 839 575 893 αὐτοὶ
616 838 675 892 δὲ
715 838 1040 909 ἠπείθησαν,
1073 841 1169 895 καὶ
1195 842 1516 913 παρώξυναν
1543 844 1605 898 τὸ
1632 843 1856 916 Πνεῦμα

271 933 338 985 τὸ
371 930 527 1001 ἆγιον
572 929 760 994 αὑτοῦ,
800 930 897 985 καὶ
942 932 1189 1005 ἐστράφη
1233 937 1417 1000 αὐτοῖς
1455 936 1539 1001 είς
1581 936 1801 1009 ἔχθραν.
1827 954 1848 988 s

273 1017 407 1092 'Ap’
434 1020 556 1093 οὐχὶ
585 1020 772 1090 σαφῶς
806 1020 862 1075 έν
903 1039 968 1091 γε
1001 1026 1238 1080 τουτοισὶ
1264 1026 1325 1080 τὸ
1350 1027 1758 1099 καταφοιτῆσάν
1793 1045 1852 1082 τε

272 1115 373 1168 καὶ
404 1112 635 1182 ὁδηγοῦν
661 1115 789 1178 τοὺς
816 1114 1260 1187 λελυτρωμένους
1284 1120 1439 1187 ἅγιον
1476 1119 1699 1190 Πνεῦμα
1741 1120 1854 1174 Κύ-

272 1206 396 1276 ριόν
416 1222 476 1259 τε
503 1206 597 1259 καὶ
630 1203 783 1270 Θεὸν,
805 1205 903 1259 οὐκ
930 1206 1226 1277 ἀλλότριον,
1251 1211 1554 1277 ἀποκαλεῖς
1581 1207 1715 1267 Εἶτα
1737 1211 1853 1275 πῶς

270 1299 344 1355 ἂν
375 1297 463 1371 εἴη
495 1297 682 1352 λοιπὸν
711 1299 1002 1369 ἐτεροφυὲς
1044 1300 1180 1370 πρὸς
1217 1300 1350 1355 Θεὸν
1392 1301 1454 1355 τὸ
1502 1304 1641 1373 μήτε
1672 1303 1854 1374 διῳκι-

270 1388 475 1459 σμένον
521 1388 793 1453 οὐσιωδῶς
841 1389 1027 1455 αὐτοῦ,
1069 1391 1207 1462 μήτε
1241 1392 1349 1461 μὴν
1385 1392 1686 1462 ἀλλότριον,
1724 1394 1852 1448 ἀλλ’

269 1477 407 1532 ἴδιον
430 1477 624 1543 αὐτοῦ;
666 1478 1083 1550 Παραθήγοντες
1122 1480 1199 1545 δὲ,
1247 1482 1368 1536 εἰπέ
1395 1499 1508 1553 μοι,
1535 1483 1596 1536 τὸ
1629 1482 1852 1554 Πνεῦμα

266 1586 440 1634 τινες,
467 1568 607 1623 κατὰ
651 1568 774 1623 τίνα
820 1569 886 1640 δὴ
930 1570 1132 1641 τρόπον
1183 1573 1576 1644 παροργίζουσι
1610 1572 1775 1640 Θεόν;
1814 1574 1848 1646 ἢ

269 1660 394 1724 πῶς
429 1659 496 1714 ἂν
539 1659 714 1731 ἔχοιεν
739 1660 907 1731 ἐχθρὰ
946 1663 1162 1733 φρονεῖν
1190 1663 1485 1734 ᾑρημένον,
1519 1660 1600 1727 οἷς
1625 1663 1848 1735 ἀντιφέ-

270 1752 465 1824 ρεσθαι
502 1753 564 1805 τὸ
601 1752 825 1821 Πνεῦμα
862 1752 1041 1818 δοκεί;

1964 574 2144 630 minus
2170 575 2408 631 servavit
2435 590 2551 643 eos,
2586 576 2739 647 quod
2760 576 3009 648 diligeret
3042 592 3160 646 eos,
3198 589 3255 635 et
3282 592 3527 649 parceret

1964 664 2064 719 eis.
2094 664 2213 735 lpse
2242 664 2467 721 redemit
2506 680 2600 722 eos
2639 674 2694 722 et
2722 667 2980 724 exaltavit
3011 683 3107 724 eos
3145 670 3397 727 omnibus
3420 671 3536 726 die-

1963 753 2066 811 bus
2109 756 2291 812 saeeuli
2331 756 2482 829 :ipsi
2532 766 2710 813 autem
2763 757 3025 814 increduli
3065 758 3309 825 fuerunt,
3353 770 3410 817 et
3439 776 3530 816 ex·

1961 844 2288 902 acerbarunt
2317 844 2576 917 Spiritum
2602 857 2848 904 sanctum
2877 850 3016 919 eius,
3045 860 3109 906 et
3129 864 3422 907 conversus
3446 861 3527 908 est

1961 938 2043 992 eis
2092 937 2145 993 in
2191 935 2528 994 inimicitiam
2553 939 2623 993 ⁸¹.
2689 937 2938 1009 Nunquid
2987 940 3042 995 in
3105 940 3193 996 liis
3239 940 3529 997 manifeste

1961 1037 2208 1083 sanctum
2237 1027 2523 1099 Spiritum,
2550 1029 2643 1099 qui
2677 1029 2895 1085 deducit
2931 1044 2995 1086 ae
3024 1031 3078 1085 in
3114 1030 3202 1086 via
3231 1030 3416 1102 dirigit
3441 1046 3529 1087 re-

1960 1118 2227 1186 demptos,
2270 1119 2557 1174 Dominum
2594 1128 2665 1174 et
2692 1120 2881 1187 Deum,
2926 1134 3031 1175 non
3068 1119 3300 1175 alienum
3348 1121 3526 1176 nomi-

1961 1209 2090 1264 nat?
2118 1210 2187 1263 At
2214 1224 2321 1279 qno
2364 1218 2522 1277 pacto
2552 1210 2774 1265 demum
2812 1210 2951 1266 alius
2990 1225 3023 1263 a
3060 1208 3172 1265 Deo
3196 1211 3399 1273 eritis,
3435 1214 3527 1281 qni

1959 1314 2132 1370 neque
2167 1300 2600 1355 substantialiter
2643 1298 2712 1354 ab
2752 1313 2820 1355 eo
2861 1299 3109 1365 dissidet,
3144 1314 3321 1371 neque
3364 1314 3529 1369 porro

1956 1388 2164 1445 alienus
2205 1397 2289 1445 est
2335 1389 2403 1444 ab
2453 1401 2540 1455 eo,
2588 1389 2683 1445 sed
2720 1387 2837 1458 ejus
2877 1388 3172 1459 proprius?
3203 1389 3305 1457 Qui
3348 1398 3527 1444 antem

1957 1482 2319 1547 exacerbant,
2364 1479 2556 1535 amabo
2608 1488 2693 1545 te,
2741 1478 3037 1550 Spiritum,
3086 1495 3322 1550 quonam
3368 1491 3529 1553 pacto

1958 1571 2125 1626 Deum
2174 1568 2539 1626 exacerbant?
2582 1576 2676 1623 aut
2726 1567 2998 1636 quomodo
3048 1567 3319 1623 insensum
3366 1568 3523 1643 *illum

1956 1662 2212 1730 habeant,
2255 1661 2451 1733 quibus
2485 1660 2723 1732 Spiritus
2762 1660 3038 1716 adversari
3069 1660 3319 1716 videtur?

341 1842 404 1895 B.
443 1841 682 1913 Φράσαις
706 1840 772 1895 ἂν
800 1841 982 1905 αὐτός·
1013 1841 1106 1894 σὺν
1132 1840 1241 1914 γὰρ
1270 1841 1372 1914 ήδη
1398 1859 1515 1906 πως
1557 1842 1653 1896 καὶ
1693 1842 1848 1897 τοῦτο
1880 1834 1922 1890 Β
2018 1844 2080 1899 B.
2148 1842 2268 1914 lpse
2293 1842 2515 1899 dixeriS.
2550 1839 2671 1896 Jam
2698 1839 2844 1896 enim
2869 1839 3048 1895 etiam.
3075 1838 3221 1895 islud
3249 1837 3526 1910 explicare

263 1933 467 1987 εἰπεῖν.

339 2025 405 2081 Α.
444 2023 652 2079 Οὐκοῦν
686 2022 851 2095 φαίην
893 2022 960 2090 ἂν
1003 2024 1084 2077 ὄτι
1126 2024 1193 2096 τῇ
1243 2022 1382 2094 πρὸς
1403 2021 1540 2077 Θεὸν
1570 2022 1760 2078 ένὼσει
1789 2024 1850 2080 τδ

263 2117 499 2188 Πνεῦμα
531 2115 695 2179 Θεός·
727 2114 940 2183 γένοιτο
962 2114 1007 2169 δ’
1037 2115 1103 2168 ἂν
1130 2115 1224 2168 καὶ
1246 2113 1404 2169 τοῦτο
1435 2114 1597 2179 εὐθὺς
1629 2115 1710 2172 ὅτι
1756 2116 1851 2187 μά-

263 2205 427 2260 ἳιιστα
456 2205 734 2275 διαφανὲς,
766 2207 814 2259 εί
849 2205 943 2259 καὶ
977 2205 1048 2258 δι’
1078 2205 1283 2277 ἑτέρων
1304 2223 1390 2269 τις
1417 2205 1591 2260 ἕλοιτο
1615 2206 1851 2261 διαστεί-

265 2314 386 2369 χειν
416 2296 656 2351 ἐννοιῶν.
691 2296 804 2349 Καὶ
849 2295 1001 2363 γοῦν,
1037 2295 1097 2348 οὐ
1132 2296 1283 2365 τόπῳ
1316 2296 1412 2349 καὶ
1453 2299 1849 2368 περιορισμοῖς,

263 2388 539 2459 ποσότητί
562 2404 622 2440 τε
649 2387 744 2440 καὶ
790 2386 1010 2457 μέτροις
1054 2386 1416 2456 ὑποκειμένου
1445 2387 1580 2440 Θεοῦ
1627 2388 1852 2459 (πρέποι

262 2477 377 2549 γὰρ
403 2476 469 2531 ἂν
496 2477 696 2548 μᾶλλον
725 2477 874 2529 τουτὶ
895 2478 1160 2546 γενητοῖς·
1188 2476 1389 2531 ἄποσον
1408 2476 1518 2548 γὰρ
1543 2477 1638 2531 καὶ
1661 2477 1854 2549 ἀπερι-

263 2571 504 2643 όριστον,
534 2569 630 2625 καὶ
663 2568 951 2640 ἀμέγεθες,
978 2568 1071 2623 καὶ
1108 2570 1209 2623 οὐκ
1234 2570 1292 2623 ὲν
1317 2569 1464 2625 θέσει
1495 2573 1559 2642 τῇ
1592 2570 1738 2625 κατὰ
1761 2571 1853 2640 τᾴ-

266 2680 374 2716 πον
397 2664 601 2718 νοεῖται
624 2660 687 2715 τὸ
720 2660 897 2726 Θείον,
925 2660 1158 2731 ἐπείπερ
1199 2662 1352 2715 ἐστὶν
1385 2660 1678 2733 ἀσώματον
1716 2678 1855 2717 παν-

266 2753 486 2824 τελῶς),
519 2753 614 2807 καὶ
630 2753 762 2807 αὐτὸ
807 2756 1054 2823 φανεῖται
1080 2752 1141 2806 τὸ
1168 2752 1392 2824 Πνεῦμα
1420 2754 1533 2818 τοῖς
1569 2753 1669 2823 τῆς
1705 2752 1854 2819 Θείας

269 2844 482 2913 φύσεως
528 2844 801 2915 ἐκπρεπὲς
847 2842 1126 2915 ίδιώμασι,
1167 2845 1264 2898 σὺν
1292 2843 1467 2915 Πατρί
1513 2862 1571 2899 τε
1615 2844 1708 2901 καὶ
1740 2842 1856 2915 Υίῷ

265 2935 338 2989 τὰ
362 2935 538 2990 πάντα
558 2934 820 3004 πληροῦν,
844 2936 937 2987 καὶ
961 2935 1021 2985 ὲν
1049 2936 1212 2989 πᾶσιν
1235 2931 1378 2989 εἶναι
1399 2935 1852 3007 πεπιστευμένον.

1952 1943 2056 1990 luae
2080 1942 2205 1990 sunt
2241 1944 2440 2004 partes-

2025 2023 2091 2077 Α.
2139 2023 2323 2079 Dicam
2353 2022 2540 2093 igitur,
2568 2021 2777 2077 unitate
2800 2034 2921 2076 cum
2960 2018 3070 2074 Deo
3098 2017 3364 2088 Spiritum
3405 2032 3541 2075 esse·

1951 2116 2138 2171 Deum.
2172 2112 2325 2179 Quod
2365 2110 2868 2167 manifestissimum
2914 2123 3132 2179 quoqne
3171 2123 3295 2162 mox
3340 2108 3525 2175 suerit,

1950 2208 1997 2262 si
2040 2203 2184 2259 aliud
2238 2204 2505 2259 rationum
2539 2202 2646 2258 iter
2682 2201 2939 2255 insistere
2974 2199 3130 2255 velis.
3165 2198 3374 2268 Quippe
3402 2214 3526 2254 cum

1953 2297 2074 2351 loco
2107 2306 2158 2350 et
2188 2291 2806 2362 circumscriptionibtm,
2858 2289 3258 2361 quantitatique
3287 2296 3342 2343 et
3378 2304 3527 2342 men·

1952 2388 2097 2443 suris
2144 2385 2287 2439 Deus
2332 2399 2440 2439 non
2482 2382 2555 2437 sit
2599 2380 2865 2436 obnoxius
2901 2379 3026 2448 (boc
3074 2378 3221 2435 enim
3262 2377 3529 2433 creaturis

1954 2478 2127 2547 magis
2161 2475 2459 2532 convenit:
2492 2488 2617 2529 nam
2658 2483 2713 2528 et
2743 2471 3065 2543 quantitatis
3100 2484 3295 2539 expers
3331 2478 3435 2533 est,
3474 2476 3528 2523 et

1955 2568 2214 2632 ambitus,
2240 2574 2297 2621 et
2334 2564 2744 2635 magnitudinis,
2788 2578 2889 2619 nec
2938 2562 2991 2616 in
3026 2561 3133 2616 situ
3174 2560 3412 2614 locorum
3443 2558 3527 2612 in·

1959 2657 2218 2729 telligitur
2253 2670 2373 2712 esse
2417 2654 2584 2721 Deus,
2632 2669 2754 2708 cum
2806 2651 2966 2722 plane
3013 2650 3085 2706 sit
3128 2650 3526 2720 incorporeus),

1955 2749 2075 2820 ipse
2107 2760 2326 2818 quoque
2359 2745 2596 2817 Spiritus
2628 2753 2835 2799 natnrae
2863 2743 3063 2798 divinae
3107 2740 3529 2811 proprietatibus

1957 2839 2293 2910 conspicuus
2332 2837 2635 2908 apparebit,
2681 2851 2806 2891 cum
2846 2834 3010 2891 Patre
3039 2843 3092 2889 et
3129 2833 3268 2889 Filio
3300 2832 3529 2903 implens

1956 2930 2161 2999 omnia,
2202 2938 2261 2986 et
2314 2929 2369 2983 in
2412 2927 2666 2984 omnibus
2706 2941 2828 2982 esse
2875 2924 3143 2981 creditus.
3193 2922 3342 2978 Dixit
3381 2926 3526 2980 enim

269 3028 420 3098 Ἔφη
453 3026 552 3096 μὲν
576 3025 684 3092 γάρ
709 3039 811 3074 που
842 3022 908 3074 δι’
937 3024 1056 3085 evo<
1081 3023 1190 3077 τῶν
1220 3025 1514 3096 προφητῶν
1538 3028 1567 3079 ό
1594 3027 1771 3084 πάντα
1800 3028 1856 3082 ἐν
1959 3022 2156 3081 alicubi
2188 3036 2285 3094 per
2312 3020 2549 3093 aliquem
2570 3017 2911 3089 prophetam,
2933 3016 3024 3071 ille
3045 3015 3139 3086 qni
3164 3023 3248 3070 est
3266 3017 3447 3070 omnia
3472 3014 3527 3069 in

265 3121 406 3171 πᾶσι
441 3112 571 3173 Θεός
592 3127 606 3141 ·
661 3128 680 3159 ι
711 3110 801 3178 Μὴ
848 3110 966 3179 οὐχὶ
1004 3111 1095 3162 τὸν
1123 3112 1349 3180 οὐρανὸν
1372 3114 1467 3167 καὶ
1490 3115 1590 3184 τὴν
1611 3118 1715 3188 γῆν
1746 3118 1856 3188 ἐγὼ
1959 3114 2388 3172 omnibusDeus
2414 3129 2432 3168 ι
2463 3129 2484 3164 ι
2513 3109 2705 3167 Nonne
2729 3109 2926 3164 coelum
2966 3123 3032 3163 ac
3066 3117 3265 3161 terram
3300 3102 3531 3175 impleo?

262 3203 504 3275 πληρῶ;
540 3200 688 3268 λέγει
720 3199 945 3270 Κΰρῑος·
977 3217 995 3250 ³
1045 3200 1351 3271 Περῑτῑθεὶς
1375 3201 1432 3254 δὲ
1463 3201 1522 3254 τὸ
1562 3204 1751 3275 χρῆμα
1773 3209 1852 3278 τῷ
1960 3209 2090 3265 dicit
2142 3206 2401 3261 Dominus
2423 3204 2490 3260 ⁶⁸.
2523 3220 2544 3254 ι
2592 3201 2827 3272 idipsum
2870 3208 3051 3255 autem
3097 3197 3233 3253 Filio
3262 3196 3529 3262 tribuens,

268 3293 408 3363 Υῑῷ.
440 3292 678 3363 ἔγραψεν
708 3291 841 3359 ἡμῖν
886 3291 914 3343 ὁ
963 3288 1175 3353 Παῦλθς
1200 3308 1213 3322 ·
1258 3290 1358 3355 ιὍ
1394 3288 1656 3359 unffi&
1694 3295 1856 3359 αΰτός
1956 3296 2424 3370 eboscripserit
2453 3292 2607 3350 nobis
2634 3291 2836 3348 Paulus
2865 3309 2880 3346 ι
2919 3309 2938 3344 ι
2966 3290 3066 3358 Qui
3090 3289 3388 3355 descendit,
3419 3289 3532 3358 ipse

260 3389 388 3440 ἐστι
415 3383 506 3436 καὶ
530 3384 557 3435 ὁ
585 3381 793 3444 ἅναῧὰς
822 3380 1076 3452 ὑπεράνω
1109 3373 1328 3439 πάντων
1351 3380 1461 3437 τῶν
1481 3382 1743 3454 οὐρανῶν.
1769 3384 1857 3438 ἵνα
1959 3400 2051 3445 est
2077 3398 2128 3444 ct
2155 3390 2247 3459 qui
2284 3387 2527 3442 ascendit
2558 3401 2717 3458 supra
2752 3399 2942 3441 omnes
2980 3384 3167 3451 εωὶοε,
3200 3393 3258 3439 ιιι
3285 3383 3534 3453 impleret

264 3473 539 3549 πληρώσῃ
568 3473 640 3529 τὰ
667 3475 864 3530 πάντα.
895 3492 914 3528 ι
947 3472 1308 3545 Ἀναμελῳδεί
1343 3473 1400 3527 δὲ
1435 3474 1572 3546 πρὸς
1602 3473 1734 3529 Θεὸν
1765 3472 1856 3528 καὶ
1958 3480 2139 3535 omnia
2165 3479 2243 3534 ⁸⁸?
2275 3498 2295 3532 ι
2333 3479 2503 3534 David
2532 3492 2748 3548 quoqne
2786 3477 3003 3533 divinus
3041 3480 3106 3530 ad
3139 3476 3303 3529 Deum
3340 3474 3485 3530 canit
3512 3487 3528 3527 ι

266 3572 300 3625 ὁ
328 3567 614 3629 θεσπέσιος
643 3563 808 3618 Δαὸῑδ
834 3582 849 3597 ·
889 3582 908 3616 0
939 3562 1052 3618 Ποῦ
1082 3563 1333 3636 πορευθῶ
1358 3564 1465 3617 ἀπὸ
1489 3564 1582 3618 τοῦ
1605 3564 1858 3636 Πνεῦμα·
1966 3588 1985 3623 ι
2018 3570 2137 3638 Quo
2178 3570 2269 3627 ibo
2318 3584 2346 3623 a
2383 3568 2590 3640 Spiritu
2641 3578 2753 3636 tuo,
2805 3577 2861 3622 ct
2905 3580 3027 3637 qno.
3060 3582 3089 3617 a
3138 3564 3275 3620 l'acie
3326 3572 3413 3617 tun
3453 3563 3532 3616 fu·

274 3660 361 3721 τός
397 3675 511 3722 σου,
544 3657 637 3710 καὶ
670 3655 778 3709 ἀπὸ
807 3655 902 3708 τοῦ
935 3653 1223 3726 προσώπου
1255 3671 1346 3707 σου
1376 3654 1475 3708 ποῦ
1507 3657 1693 3726 <pti-rm
1731 3655 1856 3710 Ἐὰν
1959 3660 2143 3734 giam?
2168 3661 2225 3717 Si
2249 3659 2543 3716 ascendero
2574 3659 2628 3714 in
2652 3657 2872 3723 coelum,
2896 3667 2949 3711 tu
2981 3657 3086 3711 illic
3114 3671 3212 3712 est
3244 3656 3288 3710 si
3316 3656 3539 3711 descen-

266 3750 457 3804 ἀναΰῶ
485 3750 565 3812 εἰς
595 3748 687 3801 τὸν
732 3747 981 3818 οὐρανὸν,
1022 3747 1087 3800 σὺ
1118 3747 1236 3800 ἐκεῖ
1263 3742 1341 3800 εἴ·
1386 3747 1482 3800 ἐὰν
1525 3746 1748 3802 καταὸὧ
1777 3749 1857 3813 εἰς
1958 3753 2092 3810 dero
2130 3752 2184 3808 in
2212 3750 2505 3818 internum,
2551 3750 2681 3807 ades
2703 3751 2772 3806 ⁶⁸.
2802 3769 2822 3803 ι
2854 3749 3062 3819 ltaque,
3097 3749 3142 3805 si
3176 3747 3323 3803 locus
3350 3745 3532 3829 annus

269 3841 365 3896 τὸν
411 3841 566 3913 ᾅδην,
603 3840 786 3911 πᾶρεῑ.
820 3858 838 3891 ³
894 3838 1102 3894 Οὐκοῦν
1135 3840 1183 3892 εἰ
1214 3837 1377 3902 τόπῠς
1406 3838 1580 3902 Οὐδεὶς
1615 3838 1744 3893 ἔνθα
1781 3838 1856 3911 μὴ
1957 3852 2043 3901 est
2066 3843 2155 3900 ubi
2196 3857 2303 3898 non
2332 3843 2404 3898 sit
2434 3841 2692 3911 Spiritus„
2721 3849 2777 3896 et
2802 3838 3059 3908 implente
3090 3837 3272 3894 omnia
3303 3836 3534 3908 Spiritu,

269 3933 391 3986 ⁸⁶2²
412 3932 470 3985 τὸ
495 3932 740 4002 Πνεῦμα,
771 3933 865 3986 καὶ
898 3931 1231 4005 πληροῦντος
1263 3931 1331 3985 τὰ
1367 3930 1654 3985 πάντατοῦ
1685 3930 1856 3986 Πνεύ·
1957 3937 2106 3993 Deus
2131 3944 2213 3990 est
2242 3935 2336 4004 qui
2365 3931 2576 4003 implet,
2599 3942 2660 3988 ut
2679 3947 2711 3988 a
2741 3931 2973 4003 quodam
3003 3940 3148 3986 recte
3172 3931 3372 3985 dictum
3404 3938 3529 3984 est:

272 4041 464 4095 ματθς,
491 4023 621 4088 Θεὸς
650 4024 678 4076 ὁ
703 4024 946 4096 πληρῶν,
976 4023 1118 4079 κατὰ
1147 4023 1210 4078 τὸ
1236 4023 1343 4078 ὑπό
1373 4040 1466 4077 του
1494 4023 1673 4089 καλῶς
1704 4025 1858 4096 εἰρη-
1964 4045 1985 4082 ι
2016 4026 2250 4098 Spiritus
2277 4023 2491 4081 Domini
2526 4024 2755 4093 replevit
2791 4023 2978 4079 orbem
3011 4030 3304 4087 terrarum,
3334 4029 3391 4076 et
3425 4021 3529 4077 boe

276 4116 458 4186 μένον,
488 4118 568 4171 ὅτι
603 4136 622 4167 ι
655 4116 880 4188 Πνεῦμα
906 4115 1114 4188 Κυρίου
1149 4114 1478 4188 πεπλήρωκε
1529 4117 1629 4189 τὴν
1675 4117 1858 4172 οικου-
1961 4119 2105 4192 qnod
2156 4116 2404 4173 continet
2445 4115 2651 4184 omnia,
2688 4114 2976 4171 scientiam
3023 4115 3185 4169 babet
3226 4112 3473 4177 vocis⁸⁸;
3506 4131 3527 4165 ι

275 4207 469 4280 μένην,
492 4210 585 4262 καὶ
612 4208 673 4262 τὸ
697 4210 919 4279 συνέχον
940 4210 1008 4262 τὰ
1032 4207 1228 4272 πάντα,
1247 4209 1447 4277 γνῶσιν
1474 4210 1587 4280 ἔχει
1615 4211 1851 4282 φωνῆς-ι
1960 4227 2067 4285 quo
2112 4223 2269 4281 pacto
2309 4210 2525 4265 demum
2574 4208 2865 4266 obscurum
2908 4219 3030 4261 esse
3066 4203 3282 4274 poterit,
3329 4203 3534 4258 unitate

273 4299 395 4362 πῶς
440 4300 507 4353 ἂν
553 4300 765 4369 γένοιτο
810 4299 995 4354 λοιπὸν
1027 4299 1270 4355 ἄποπτόν
1297 4317 1357 4354 τε
1394 4303 1488 4356 καὶ
1515 4301 1854 4374 ἀσυμφανὲς,
1960 4319 2082 4360 cum
2113 4305 2223 4360 Deo
2262 4302 2496 4358 naturali
2540 4301 2810 4373 Spiritum
2832 4311 2956 4354 esse
2994 4297 3203 4354 Deutn?
3230 4294 3327 4352 Sin
3354 4302 3532 4351 autem

269 4392 356 4445 ὅτι
399 4392 466 4461 τῇ
518 4391 654 4462 πρὸς
687 4390 818 4444 Θεὸν
867 4389 1059 4445 ὲνώσει
1110 4394 1313 4462 φυσικῇ
1343 4391 1406 4446 τὸ
1433 4392 1659 4463 Πνεῦμα
1686 4393 1854 4460 Θεός;
1960 4395 2141 4451 omnia
2176 4395 2441 4460 continet,
2472 4391 2748 4464 quomodo
2791 4401 3012 4448 creatus
3043 4390 3154 4446 erit
3196 4397 3289 4444 aut
3332 4387 3529 4455 sactus,

273 4479 341 4534 Et
387 4481 445 4534 δὲ
489 4480 584 4534 καὶ
627 4481 837 4552 συνέχει
875 4480 946 4535 τὰ
987 4481 1183 4546 πάντα,
1215 4480 1334 4545 πῶς
1363 4480 1430 4535 ἂν
1459 4483 1547 4554 εἴη
1582 4483 1858 4555 κτιστὸνῆ
1959 4500 2082 4540 cum
2122 4485 2275 4550 illud,
2320 4483 2526 4548 omnia,
2560 4497 2776 4541 omnem
2818 4480 3055 4552 speciem
3103 4494 3171 4536 ac
3198 4494 3369 4551 genus
3401 4478 3531 4534 sub-

272 4572 523 4643 γενητδν,
566 4572 740 4627 καίτοι
782 4573 876 4628 τοῦ
920 4571 1116 4628 πάντα
1145 4575 1252 4628 πᾶν
1296 4570 1437 4638 εἶδός
1483 4591 1544 4627 τε
1581 4575 1674 4628 καὶ
1703 4575 1860 4643 γένος
1959 4574 2197 4637 stantiae,
2221 4573 2497 4644 produclae
2533 4572 2811 4639 nimirum,
2858 4571 2911 4626 in
2954 4570 3139 4641 seipso
3178 4571 3531 4641 comprehen-

273 4665 482 4730 οὐσίας,
524 4665 897 4737 πεποιημένης
923 4665 980 4719 δὲ
1009 4665 1271 4738 δηλονότι,
1299 4666 1715 4733 κατακλείοντος
1746 4667 1856 4722 ὥσ·

272 4773 383 4827 περ
413 4757 470 4809 ὲν
511 4755 710 4827 ἐαυτῷ,
747 4757 840 4810 καὶ
870 4757 1056 4826 ἕτερον
1093 4757 1339 4828 ἐναργῶς
1371 4757 1521 4828 παρὰ
1550 4757 1727 4812 πάντα
1751 4775 1855 4813 κα-

272 4847 650 4913 ταδεικνύντος
695 4848 758 4903 τὸ
803 4850 1024 4922 συνέχον
1069 4850 1242 4916 αὑτάς
1291 4851 1355 4905 Ὀ
1398 4850 1456 4903 δὲ
1504 4849 1580 4922 μὴ
1621 4850 1769 4905 ἔστιν
1795 4853 1856 4905 ὲν

271 4939 463 5003 πᾶσιν,
495 4939 609 4993 ἀλλ’
642 4938 746 5004 ἔξω
794 4939 889 4993 τοῦ
924 4939 1141 5006 πάντα,
1174 4940 1418 5010 φυσικῶς
1472 4941 1855 5013 ὑπερκείσεταί

274 5046 382 5085 που
409 5029 477 5084 τὰ
506 5031 731 5101 γενητὰ.
762 5031 856 5084 καὶ
879 5030 976 5103 τὴν
997 5031 1105 5084 τῶν
1127 5033 1256 5103 παρ’
1273 5030 1439 5086 αὐτοῦ
1464 5031 1855 5104 πληρουμένων

270 5135 335 5173 τε
389 5119 484 5173 καὶ
535 5119 983 5190 συνειλημμένων
1031 5119 1381 5191 ὑπεραλεῖται
1421 5119 1602 5192 φύσιν.
1637 5121 1769 5187 Θεὸς
1799 5122 1855 5178 δὲ

274 5210 375 5281 ήδη
405 5210 465 5264 τὸ
497 5210 640 5283 ὑπὲρ
671 5210 847 5265 κτίσιν
867 5226 881 5240 ·
908 5211 941 5282 ἢ
971 5211 1070 5265 οὐκ
1097 5211 1296 5282 ἀληθὲς
1319 5212 1348 5267 ὅ
1373 5229 1549 5284 φημις

347 5303 408 5356 Β.
449 5300 711 5373 Σῦμφημι
732 5319 746 5332 ·
785 5303 924 5376 πλὴν
949 5302 1175 5374 ἐροῦντα
1205 5304 1313 5358 ἴσθι
1336 5322 1416 5359 τοι
1447 5305 1630 5372 πάλιν,
1663 5305 1738 5370 ὡς
1767 5304 1852 5377 εἴη

271 5393 338 5448 τὸ
387 5393 610 5464 Πνεῦμα
647 5394 865 5448 κτιστύν
909 5411 969 5448 τε
1021 5395 1112 5448 καὶ
1144 5394 1388 5466 γενητόν.
1419 5395 1550 5460 Θεὸς
1590 5397 1700 5467 γάρ
1751 5397 1853 5452 πού

273 5501 432 5556 φησι,
468 5484 903 5556 προσπεφώνηκέ
934 5504 1016 5550 τις
1063 5486 1172 5540 τῶν
1221 5486 1591 5558 ἀρχαιοτέρων
1618 5502 1634 5518 ·
1674 5506 1693 5540 ι
1715 5486 1855 5556 Ἐγώ

270 5577 394 5648 ιίμι
419 5576 620 5649 Κύριος
659 5576 897 5649 στερεῶν
943 5577 1191 5650 βροντὴν,
1224 5579 1317 5632 καὶ
1370 5577 1570 5645 κτίζων
1614 5578 1847 5650 πνεῦμα,

1962 4669 2075 4734 dat,
2108 4677 2164 4724 et
2204 4666 2348 4723 aliud
2385 4666 2454 4722 ab
2479 4665 2730 4721 omnibus
2758 4680 2881 4722 esse
2926 4664 3213 4721 manifeste
3243 4664 3530 4734 signiticet,

1963 4758 2018 4815 ld
2047 4758 2190 4828 quod
2219 4772 2281 4812 ea
2315 4755 2600 4814 eontinet?
2630 4753 2785 4824 Quod
2812 4765 2992 4813 autem
3020 4771 3127 4812 non
3155 4764 3241 4812 est
3278 4756 3330 4810 in
3353 4756 3532 4811 omni·

1963 4848 2089 4916 bus,
2118 4848 2211 4904 sed
2239 4857 2391 4903 extra
2438 4846 2590 4914 illud,
2622 4848 2823 4914 οηιηία,
2860 4845 3182 4902 naturaliter
3225 4845 3412 4915 utique
3444 4859 3533 4901 res

1958 4950 2170 4996 creatas
2196 4941 2442 5007 excedet,
2472 4949 2528 4996 et
2574 4952 2763 4995 eorum
2797 4954 2917 5009 quae
2956 4938 3248 5010 implentur
3274 4945 3329 4992 et
3358 4936 3527 4992 conti·

1959 5041 2159 5089 nentur
2184 5033 2252 5087 al)
2285 5032 2400 5102 ipso
2427 5041 2679 5087 naturam
2708 5029 2996 5089 transiliet.
3037 5028 3108 5085 Αι
3138 5027 3284 5100 quod
3309 5035 3530 5085 creatu-

1959 5140 2074 5180 ram
2128 5133 2347 5196 superat
2368 5163 2385 5190 ,
2432 5122 2576 5180 Deus
2628 5131 2732 5180 est.
2784 5121 2972 5180 Nonne
3024 5136 3211 5179 verum
3257 5128 3339 5178 est
3388 5118 3532 5191 quod

1960 5213 2120 5270 dico?

2032 5305 2092 5360 B.
2133 5305 2442 5372 Assentior;
2472 5311 2846 5360 verumtamen
2884 5303 3020 5360 scito
3066 5317 3256 5358 rursus
3290 5302 3531 5358 dicturos

1964 5396 2106 5461 illos,
2139 5406 2381 5451 creatum
2410 5404 2465 5452 et
2501 5393 2705 5452 sactum
2731 5409 2852 5452 esse
2881 5393 3168 5464 Spiritum.
3197 5391 3340 5449 Deus
3380 5393 3526 5449 euim

1961 5488 2158 5545 alicubi
2195 5489 2390 5560 inquit,
2422 5499 2666 5544 veterum
2712 5486 2932 5559 quidam
2972 5486 3280 5543 inclamavit
3311 5505 3325 5541 :
3373 5501 3394 5538 ι
3420 5483 3532 5555 Ego

1960 5596 2079 5637 sunt
2113 5580 2392 5638 Dominus.
2426 5578 2651 5635 lirmans
2684 5578 3001 5647 tonitruum,
3050 5587 3104 5633 et
3139 5591 3334 5635 creans
3362 5574 3526 5648 spiri·

353 5753 395 5787 ⁸¹
433 5751 534 5809 lsa.
588 5769 743 5822 axin,
771 5754 825 5820 9,
868 5754 948 5857 lp.
1028 5755 1071 5788 ⁸²
1107 5754 1307 5812 Jerem.
1349 5755 1614 5824 unisti.
1690 5756 1738 5839 ‚⁶⁸
1779 5755 1979 5827 liplies.
2015 5773 2090 5824 tv,
2119 5755 2201 5813 10,
2281 5758 2324 5791 ⁸⁸
2363 5755 2504 5814 Psal.
2542 5769 2808 5825 cxxxvnt,
2848 5755 2904 5824 7,
2936 5753 2987 5810 8.
3066 5753 3110 5785 “
3153 5752 3280 5825 Sap.
3312 5767 3351 5819 t,
3383 5748 3440 5812 Ἰ.
