3809 6125
314 301 419 358 8¹5

1267 296 1328 352 S.
1366 292 1643 351 CYtttLLt
1683 292 2157 350 AlAExANnntNJ
2197 292 2515 349 ARCHOEP.

3470 280 3579 339 816

315 422 770 495 naturalem,}sed
823 421 1003 494 potius
1058 420 1347 478 ascititiam
1403 430 1692 490 utramque
1735 426 1889 490 pote·
1922 422 1965 479 Α
1996 416 2262 488 κριμένην
2326 417 2383 470 δὲ
2447 414 2644 486 μᾶλλον
2718 412 2817 485 τὴν
2877 411 2963 466 ἐπ’
3016 410 3219 482 ἀμφοῖν
3275 405 3571 473 ὲξουσὶανς

312 528 530 576 slalem.

383 614 450 669 A.
495 630 516 665 ι
548 611 834 682 Evigilate,
856 610 948 679 qui
974 610 1125 665 estis·
1141 609 1300 676 ebrii,
1322 624 1388 665 ex
1415 609 1540 665 vino
1566 609 1835 673 vestro⁸¹,
1865 626 1883 659 ι

311 705 622 761 inclamabit
661 703 859 772 aliquis
897 702 1192 765 ltaereticis,
1243 717 1308 757 ac
1350 702 1473 773 jure
1505 701 1719 757 merito.
1754 699 1888 755 Cum

309 797 453 851 enim
485 804 629 849 essct
669 794 722 849 in
754 795 929 848 forma
961 800 1018 846 et
1052 791 1361 847 omnimoda
1410 790 1723 861 aequalitate
1761 804 1888 845 eum

309 880 468 936 Patre
532 880 728 945 Filius,
793 880 1146 935 inanitionem
1191 880 1552 935 voluntariam
1607 878 1889 945 sustinuit,

309 977 597 1031 detnittcns
619 976 855 1045 scipsum
906 972 958 1026 in
996 972 1226 1028 sormam
1270 980 1516 1028 nostram
1538 971 1607 1036 ⁸¹,
1639 980 1696 1028 et
1727 971 1891 1025 bomo

309 1069 484 1124 sactus
522 1078 626 1132 est,
665 1068 751 1123 cui
802 1065 1062 1136 regnandi
1111 1064 1366 1135 legesque
1403 1062 1614 1119 serendi
1650 1072 1890 1133 potestas

308 1158 410 1213 alia
447 1175 550 1214 non
596 1168 675 1214 est
707 1173 870 1227 quam
901 1156 1116 1211 aliunde
1166 1165 1409 1226 accepta.
1441 1156 1577 1211 Cum
1616 1170 1748 1211 vero
1791 1170 1890 1212 no·

307 1250 516 1304 biscum
553 1263 755 1319 pauper
784 1249 962 1304 factus
992 1248 1086 1315 sit,
1116 1262 1182 1302 ac
1214 1246 1469 1302 servilem
1505 1247 1884 1303 conditionem

305 1342 533 1396 subierit
581 1340 994 1395 incarnationis
1030 1340 1257 1404 ratione,
1294 1348 1349 1393 et
1392 1339 1749 1394 adventitium
1786 1340 1886 1394 ba·

305 1433 434 1488 bere
476 1432 714 1487 fateatur
752 1431 806 1486 id
849 1432 996 1501 quod
1039 1441 1234 1486 natura
1267 1429 1432 1495 inest,
1469 1440 1524 1486 et
1571 1431 1888 1487 inanitionis

304 1525 558 1594 operibus
595 1540 660 1579 ac
691 1523 874 1579 verbis
903 1523 1090 1589 utiquc
1128 1520 1521 1587 conformetur,
1559 1524 1723 1579 etiam
1752 1522 1886 1578 nihil

302 1619 448 1683 inde,
481 1625 541 1674 ut
566 1632 706 1682 reor,
736 1614 1054 1672 offensionis
1076 1615 1182 1671 erit
1207 1614 1557 1672 credentibus
1594 1615 1648 1671 in
1686 1616 1885 1687 ipsum,

303 1712 344 1767 si
380 1722 589 1780 tempus
613 1709 758 1778 quod
781 1708 960 1764 verbis
983 1707 1237 1779 congruit
1265 1708 1632 1765 considerent.
1657 1706 1883 1776 Quando

2063 598 2128 648 Α.
2172 616 2189 647 ι
2251 594 2573 665 Ἐκνὴψατε,
2608 595 2658 647 οἱ
2703 593 3016 664 μεθύοντες,
3048 591 3109 655 ἐξ
3136 588 3281 643 οἴνου
3310 587 3522 654 αὐτῶν,
3551 605 3579 641 τ

1992 686 2332 756 ὲπιφωνείτω
2374 704 2458 749 τις
2498 687 2594 741 καὶ
2637 685 2783 757 μάλα
2811 687 3032 749 είκότως
3062 684 3176 746 τοῖς
3205 679 3583 753 διεστραμμέ-

1992 796 2122 842 νοις.
2171 779 2460 849 Ύπὰρχων
2504 778 2603 850 μὲν
2635 776 2744 852 γὰρ
2771 776 2830 831 ὲν
2879 778 3060 847 μορφῇ
3111 774 3207 828 καὶ
3255 773 3466 845 ἰσότητι
3513 774 3584 846 τῇ

1991 869 2133 925 κατὰ
2159 872 2266 924 πᾶν
2296 871 2324 923 ὁ
2352 870 2481 933 Υἱὸς
2514 869 2592 941 τῷ
2618 869 2815 941 Πατρὶ,
2848 869 3077 922 κένωσιν
3108 866 3207 937 μὲν
3239 867 3452 939 ὑπέστη
3485 865 3585 939 τὴν

1991 960 2315 1027 ἐθελούσιον,
2367 960 2555 1025 καθεὶς
2589 960 2783 1016 ἑαυτὸν
2827 961 2907 1023 είς
2959 957 3097 1023 εἶδος
3137 959 3199 1013 τὸ
3244 958 3368 1012 καθ’
3406 960 3582 1031 ημᾶς,

1990 1051 2181 1121 γέγονε
2212 1052 2270 1105 δὲ
2308 1052 2613 1125 ἄνθρωπος,
2649 1044 2694 1121 ᾧ
2720 1050 2781 1104 τὸ
2818 1050 3123 1121 βασιλεύειν
3152 1049 3247 1103 καὶ
3268 1048 3585 1121 νομοθετεῖν

1990 1145 2089 1216 οὐχ
2142 1144 2346 1216 ἑτέρως
2392 1142 2428 1216 ἢ
2476 1143 2649 1199 δοτόν.
2713 1141 2932 1214 Ἐπειδὴ
2976 1143 3031 1196 δὲ
3069 1142 3493 1215 συνεπτώχευσέ
3522 1160 3583 1198 τε

1989 1236 2139 1308 ἡμῖν,
2187 1237 2280 1289 καὶ
2320 1233 2686 1308 δουλοπρεπὲς
2736 1234 2905 1289 ὑπέδυ
2958 1235 3161 1307 μέτρον
3196 1236 3581 1309 οἰκονομικῶς,

1990 1329 2085 1384 καὶ
2138 1328 2447 1400 εἰσποιητὸν
2476 1330 2621 1401 ἔχειν
2650 1329 2907 1401 ὁμολογεῖ
2939 1330 2999 1384 τὸ
3031 1330 3190 1399 φύσει
3224 1330 3458 1402 προσὸν,
3490 1330 3583 1386 καὶ

1986 1424 2101 1485 τοῖς
2138 1421 2236 1491 τῆς
2290 1419 2573 1486 κενώσεως
2619 1421 2802 1493 ἔργοις
2846 1439 2902 1475 τε
2949 1423 3043 1477 καὶ
3081 1422 3260 1491 λόγοις
3314 1418 3376 1478 εὗ
3437 1422 3581 1495 μάλα

1989 1511 2415 1581 συμπλάττεται,
2451 1512 2548 1565 καὶ
2586 1511 2737 1565 οὐδὲν
2759 1510 2846 1575 ἂν,
2878 1506 3052 1583 οἶμαι,
3092 1510 3155 1564 τὸ
3185 1510 3389 1582 βλὰὀος
3419 1512 3487 1568 ἔκ
3517 1528 3580 1582 γι

1986 1600 2200 1655 τουτουῒ
2232 1603 2346 1666 τοῖς
2389 1602 2470 1666 είς
2498 1600 2661 1657 αὐτὸν
2690 1601 3059 1668 πιστεύουσιν,
3101 1603 3151 1656 εί
3183 1602 3277 1657 τὸν
3324 1605 3444 1669 τοῖς
3490 1602 3582 1658 λό·

1988 1706 2105 1759 γοις
2142 1690 2428 1774 πρέποντα
2462 1691 2809 1763 περιαθροίεν
2847 1690 3059 1762 καιρόν.
3108 1691 3249 1746 Πότε
3280 1690 3396 1764 γὰρ
3427 1707 3583 1747 νενο·

302 1802 447 1857 cnim
472 1801 619 1870 leges
649 1800 767 1856 tulit
791 1799 1042 1855 Christus
1070 1799 1358 1869 gentibus?
1384 1799 1727 1871 quandonam
1752 1800 1879 1855 item
1913 1773 1958 1830 Β
1988 1783 2260 1855 μθθὲτηκῑ
2292 1781 2392 1855 μὲν
2415 1785 2526 1849 '⁶015
2550 1782 2758 1838 ἕθνεΰῑν
2785 1784 2814 1837 ὁ
2839 1783 3095 1855 Χριστὸς·
3120 1782 3250 1838 πότε
3269 1782 3331 1839 δὲ
3350 1784 3582 1855 ἆφῖκῗᾱῑ

303 1895 449 1949 venit
489 1892 822 1949 annuntians
865 1892 918 1946 in
969 1892 1100 1947 Sion
1146 1893 1363 1949 Domini
1397 1894 1756 1949 mandatum?
1796 1893 1880 1947 An

301 2002 422 2043 cnm
444 1984 622 2040 sactus
648 1993 733 2039 est
759 1982 923 2040 bomo
941 1982 966 2037 ζ’
987 1985 1063 2039 Δι
1085 1983 1140 2039 in
1165 1984 1389 2055 scriptis
1413 1983 1674 2041 Mosaieis
1705 1983 1880 2041 cuivis

301 2077 611 2148 perspicere
639 2076 763 2132 licet
804 2089 912 2131 uon
953 2076 1061 2131 alio
1086 2084 1344 2147 ¹tempore
1376 2076 1602 2133 missum
1643 2089 1767 2131 esse
1790 2075 1880 2132 Fi·

301 2170 456 2234 lium,
499 2177 557 2223 ιιι
591 2168 943 2223 annuntiaret
979 2167 1193 2223 Domini
1242 2166 1559 2221 mandatum
1594 2163 1876 2229 lsraelitis,

298 2276 460 2331 quam
485 2275 608 2317 cum
647 2270 892 2316 nostram
916 2260 1093 2316 subiit
1128 2266 1525 2331 paupertatem,
1551 2266 1609 2313 et
1646 2258 1880 2327 prophe-

299 2365 478 2407 tarum
511 2352 773 2407 Dominus
806 2351 1070 2423 propheta
1117 2359 1460 2421 nuncupatus
1508 2357 1612 2415 est,
1653 2357 1708 2404 et
1738 2349 1879 2404 inter

297 2446 548 2503 liomiues
581 2455 923 2500 numeratum
952 2454 1038 2500 est
1073 2441 1308 2499 Verbum
1347 2442 1487 2512 qnod
1525 2442 1577 2496 in
1626 2442 1747 2496 sinu
1784 2442 1880 2497 Pa·

299 2537 399 2590 tris
443 2544 584 2591 erat.
633 2533 779 2589 Dixit
818 2535 966 2589 enim
1017 2533 1217 2589 alieubi
1261 2532 1424 2598 DeuS,
1454 2531 1586 2585 Mosi
1644 2530 1878 2586 sanctis·

250 2684 261 2691 ,
295 2627 438 2683 simo
466 2640 527 2681 ea
566 2626 632 2681 de
674 2639 730 2680 re
752 2623 983 2695 ‚plenam
1015 2622 1179 2679 tidem
1210 2617 1419 2677 lacien's
1450 2638 1465 2675 τ
1497 2638 1517 2673 ι
1546 2619 1875 2689 Propltetam

294 2716 570 2774 suscitabo
596 2717 676 2772 eis
713 2732 779 2773 ex
814 2714 1075 2771 fratribus
1101 2728 1312 2780 eorum,
1345 2713 1486 2769 sicut
1522 2720 1596 2767 te.
1637 2711 1704 2766 Et
1735 2710 1877 2766 dabo

292 2810 516 2865 verbum
565 2823 743 2864 meum
788 2809 840 2863 in
874 2821 970 2862 ore
1007 2806 1147 2878 ejus,
1199 2815 1256 2862 et
1287 2805 1539 2876 loquetur
1564 2804 1646 2860 eis
1679 2818 1879 2860 secun·

292 2899 420 2953 dum
453 2900 596 2969 quod
628 2899 897 2954 mandabo
922 2898 970 2953 ei
992 2898 1060 2955 ⁸⁸.
1090 2917 1110 2951 ι
1137 2897 1220 2952 An
1253 2897 1440 2967 igitur,
1474 2911 1599 2952 cum
1636 2896 1874 2953 nondum

291 2989 729 3059 conjunctionem
773 3005 894 3045 cum
933 3004 1098 3044 carne
1165 2988 1400 3043 Verbum
1442 2987 1671 3043 haberet
1709 2998 1873 3043 natu-

301 3096 482 3153 raeque
513 3082 764 3136 humanae
798 3094 1000 3135 arcano
1031 3080 1191 3136 modo
1227 3095 1327 3135 nec
1366 3079 1691 3150 intelligibili
1733 3094 1873 3134 non·
1899 3117 1942 3176 c

289 3174 417 3226 dum
465 3181 609 3228 esset
645 3171 879 3236 unitum,
924 3171 1092 3227 frater
1126 3171 1490 3228 israelitarum
1525 3171 1868 3238 censebitur,

288 3275 346 3318 ot
391 3280 458 3319 ex
503 3265 636 3333 ipsis
661 3273 848 3332 postea
897 3271 1082 3318 natum
1121 3273 1205 3318 est
1247 3263 1575 3333 terrigenis?
1611 3262 1694 3316 An
1743 3276 1872 3317 vero

288 3352 462 3407 satius
499 3351 632 3406 illud
659 3367 724 3407 ac
754 3351 940 3406 verius
976 3352 1143 3417 dices,
1179 3351 1406 3407 fratrem
1431 3367 1554 3409 csse
1584 3368 1870 3423 nuncupa-

293 3454 425 3507 tum,
467 3452 523 3497 et
549 3441 667 3498 loco
695 3441 858 3498 Mosis
900 3441 1089 3509 luisse,
1127 3444 1473 3515 paedagogttm
1519 3446 1766 3502 videlicet
1798 3447 1870 3514 ⁸⁸,

288 3551 353 3591 :te
395 3535 799 3607 legislatorem,
841 3547 894 3591 et
948 3537 1146 3593 servile
1181 3539 1449 3608 quoddam
1510 3540 1870 3596 ministerium

290 3627 565 3699 implesse,
621 3643 770 3695 cum,
828 3629 1026 3683 innatoe
1067 3629 1252 3698 glorian
1293 3630 1587 3684 eminentia
1623 3642 1866 3697 semota,

290 3735 530 3791 tempore
570 3737 634 3776 ac
686 3723 1009 3776 necessitate
1047 3722 1357 3790 postulante
1402 3723 1458 3778 in
1502 3721 1866 3778 voluntariam

289 3830 347 3867 se
371 3813 590 3869 demisit
628 3811 1026 3867 inanitionem?

357 4082 418 4138 B.
460 4084 724 4140 Pru-clare
758 4099 908 4140 sane.
947 4085 1012 4139 Et
1047 4099 1132 4140 me
1171 4086 1353 4141 animo
1375 4085 1665 4156 complecti
1697 4084 1860 4141 scias.

349 4265 518 4339 479
543 4267 606 4321 Α.
649 4267 836 4336 ltaque
867 4267 913 4322 si
939 4267 1106 4323 velint
1137 4268 1266 4338 quid
1298 4269 1497 4338 cuique
1524 4273 1753 4342 tempori
1791 4274 1864 4328 sit

281 4363 747 4417 accommodatum
780 4370 929 4418 recte
959 4362 1226 4428 dividere,
1257 4378 1364 4418 nou
1398 4366 1616 4430 cadent,
1643 4366 1859 4436 opinor,

1983 1874 2318 1945 διαγγέλλων
2355 1877 2416 1931 ὲν
2458 1874 2598 1930 Σιὼν
2633 1875 2696 1929 τὸ
2746 1874 3081 1947 πρόσταγμα
3109 1875 3358 1949 Κυρίου,
3402 1875 3436 1950 ἤ
3486 1879 3579 1933 ὅτε

1982 1966 2209 2036 γέγονεν
2240 1965 2565 2038 ἄνθρωπος
2601 1964 2796 2021 Καίτοι
2827 1965 2922 2020 καὶ
2956 1964 3104 2036 μάλα
3142 1964 3333 2036 σαφῶς
3363 1965 3578 2021 κατίδοι

1982 2079 2066 2125 τις
2097 2061 2162 2116 ἂν
2191 2063 2249 2116 ὲν
2272 2061 2588 2123 Μωσαῖκοίς
2611 2060 3062 2133 συγγράμμασιν,
3110 2057 3189 2125 ὡς
3215 2058 3272 2113 οὐ
3305 2060 3576 2116 καθ’ἔτε-

1984 2155 2078 2230 ρόν
2124 2172 2246 2211 τινα
2301 2154 2494 2226 χρόνον
2544 2154 2744 2225 ἐστάλη
2794 2150 3097 2223 διαγγελῶν
3144 2152 3208 2207 τὸ
3240 2151 3568 2225 πρόσταγμα

1982 2249 2189 2321 Κυρίου
2228 2250 2345 2312 τοῖς
2373 2247 2433 2315 ἐξ
2475 2245 2693 2320 Ἰσραὴλ
2723 2249 2751 2301 ό
2776 2246 2924 2312 Υἱὸς,
2956 2247 2990 2319 ἢ
3026 2246 3115 2300 ὅτε
3141 2245 3242 2317 τὴν
3266 2244 3387 2300 καθ’
3418 2246 3570 2318 ἡμᾶς

1981 2341 2158 2395 εἰσεδυ
2193 2340 2489 2411 πτωχείαν,
2531 2338 2626 2393 καὶΙ
2664 2337 2693 2390 ὁ
2722 2335 3017 2409 προφητῶν
3058 2335 3331 2408 δεσπότης
3358 2335 3577 2409 προφή-

1979 2449 2079 2502 της
2105 2431 2442 2504 ὠνόμασται,
2474 2432 2567 2486 καὶ
2603 2433 2717 2495 τοῖς
2746 2432 2810 2485 ἐκ
2839 2429 2940 2501 τῆς
2974 2429 3079 2501 γῆς
3108 2426 3436 2501 ἐναρίθμιος
3460 2429 3490 2482 ὁ
3518 2428 3577 2482 ἐν

1980 2525 2202 2589 κόλποις
2230 2522 2306 2578 ὢν
2345 2522 2438 2577 τοῦ
2474 2522 2689 2595 Πατρὸς
2731 2524 3015 2596 ἀπεφάνθη
3048 2522 3246 2593 Λόγος.
3283 2522 3435 2597 Ἔφη
3468 2522 3572 2596 γάρ

1981 2633 2083 2671 που
2117 2614 2271 2678 Θεὸς.
2300 2614 2510 2669 Μωσέα
2547 2614 2640 2669 τὸν
2677 2614 2972 2687 ἱερώτατον
3000 2614 3090 2667 ἐπ’
3119 2612 3278 2685 αὐτῷ
3313 2612 3383 2688 δὴ
3403 2613 3559 2683 τούτῳ

1978 2705 2373 2779 πληροφορῶν·
2410 2723 2429 2756 ι
2467 2706 2765 2778 Προφήτην
2796 2706 3088 2778 ἀναστήσω
3129 2707 3327 2771 αὐτοῖς
3368 2707 3426 2761 ἐκ
3457 2702 3554 2777 ῃ(-

1980 2817 2075 2855 σου
2110 2797 2220 2852 τῶν
2257 2795 2512 2867 ἀδελφῶν
2556 2797 2760 2861 αὐτῶν,
2788 2797 2978 2870 ὥσπερ
3029 2799 3110 2852 σέ.
3158 2798 3271 2853 Καὶ
3316 2797 3474 2853 δώσω
3504 2794 3564 2851 ἢ

1979 2892 2132 2965 ῥῆμά
2168 2907 2272 2963 μου
2301 2892 2358 2944 ἐν
2385 2889 2464 2961 τῷ
2509 2889 2739 2961 στόματι
2768 2890 2955 2955 αὐτοῦ,
2982 2891 3079 2945 καὶ
3108 2890 3331 2961 λαλήσει
3361 2888 3571 2954 αὐτοῖς,

1976 2983 2121 3039 καθὰ
2154 2982 2221 3037 ἂν
2258 2979 2585 3053 ἐντείλωμαι
2629 2982 2800 3053 αὐτῷ.
2851 3002 2869 3035 ι
2911 2979 3036 3053 'Ap’
3071 2977 3181 3047 οὖν,
3227 2973 3275 3036 ὦ
3312 2980 3571 3052 φιλότης,

1975 3077 2128 3132 οὔπω
2172 3078 2271 3151 τὴν
2322 3077 2459 3148 πρὸς
2503 3077 2681 3148 σάρκα
2724 3076 2939 3129 σύνοδον
2974 3075 3113 3146 ἔχων
3154 3076 3185 3130 ὀ
3232 3073 3433 3146 Λόγος,
3477 3074 3574 3129 καὶ

1977 3169 2117 3240 ὑπὲρ
2163 3168 2287 3222 νοῦν
2318 3184 2379 3222 τε
2414 3166 2510 3221 καὶ
2558 3168 2885 3239 ἀπορρήτως
2919 3168 2985 3237 τῇ
3034 3165 3357 3239 ἀνθρωπεία
3403 3164 3568 3236 φύσει

1976 3260 2375 3332 συνηνωμένος,
2403 3259 2630 3329 ἀδελφὸς
2661 3261 2726 3314 ἂν
2755 3262 2927 3314 νοοῖτο
2956 3259 3064 3314 τῶν
3090 3259 3150 3327 ἐξ
3196 3259 3440 3332 Ἰσραὴλ,
3473 3259 3568 3315 καὶ

1974 3354 2034 3420 ἐξ
2064 3353 2243 3408 αὐτῶν
2285 3353 2454 3423 ἀνέφυ
2495 3352 2605 3407 τῶν
2647 3352 2937 3425 γηγενῶν;
2980 3353 3051 3405 Ἢ
3082 3351 3216 3421 γοῦν
3249 3353 3434 3407 ὲκεῖνό
3466 3368 3566 3408 που

1974 3446 2083 3516 φὴς
2120 3446 2340 3518 ἄμεινόν
2369 3463 2427 3498 τε
2461 3445 2556 3498 καὶ
2587 3444 2806 3515 ἀληθὲς,
2838 3445 2920 3499 ὅτι
2960 3444 3378 3517 κεχρημάτικεν
3415 3444 3568 3503 ἀδελ-

1974 3535 2095 3605 φὸς,
2146 3536 2238 3589 καὶ
2291 3537 2348 3588 ἐν
2398 3535 2545 3601 τάξει
2580 3535 2769 3604 γέγονε
2808 3537 2873 3606 τῇ
2910 3534 3178 3599 Μωσέως,
3214 3535 3566 3608 παιδαγωγὸς

1971 3628 2231 3698 δηλονότι,
2269 3628 2361 3681 καὶ
2391 3630 2470 3690 εἰς
2512 3627 2572 3680 τὸ
2606 3628 2802 3698 χρῆναι
2841 3627 3153 3698 νομοθετεῖν
3187 3629 3425 3701 ίγμένος,
3462 3628 3564 3682 καὶ

1974 3719 2313 3790 ὑπουργικὴν
2363 3718 2553 3787 ὥσπερ
2586 3717 2844 3789 τινὰρτὴν
2878 3718 3158 3774 διακονίαν
3199 3718 3555 3791 ἀποπληρῶν,

1970 3809 2059 3862 ὅτε
2094 3809 2195 3879 τῆς
2225 3807 2466 3878 ἐμφύτου
2504 3806 2660 3880 δόξης
2696 3808 2756 3862 τὸ
2793 3810 3102 3879 ὑπερφερὲς
3138 3805 3201 3864 εὗ
3232 3809 3380 3881 μάλα
3411 3827 3558 3881 παρ-

1968 3899 2297 3972 ωθούμενος,
2332 3899 2408 3963 ὡς
2441 3902 2500 3955 ἐν
2539 3900 2718 3973 καιρῷ
2742 3918 2802 3954 τε
2837 3900 2933 3956 καὶ
2962 3901 3120 3974 χρείᾳ
3164 3901 3406 3974 καθῆκεν
3433 3905 3559 3959 ἐατ-

1967 3994 2059 4048 τὸν
2096 3996 2176 4058 εἰς
2203 3992 2450 4047 ἑκούσιον
2486 3993 2753 4060 κένωσιν;

2038 4085 2099 4139 Β.
2142 4085 2254 4140 Καὶ
2307 4085 2414 4157 μὴν
2451 4085 2527 4148 ὡς
2582 4086 2780 4157 ἄριστα
2828 4086 2985 4158 ἔφης,
3038 4087 3147 4141 ἴσθι
3198 4104 3283 4142 τοι
3329 4089 3549 4145 νοοῦντα

1967 4177 2133 4246 κάμέ.

2034 4272 2099 4324 Α.
2139 4270 2348 4324 Οὐκοῦν
2379 4271 2536 4343 εἴπερ
2568 4272 2776 4327 ἕλοιντο
2802 4273 2862 4327 τὸ
2888 4274 3104 4340 ἑκάστῳ
3136 4273 3353 4346 πρέπον
3376 4273 3548 4347 καιρῷ

1962 4361 2237 4432 διανέμειν
2265 4361 2461 4434 ὀρθῶς,
2485 4364 2586 4416 οὐκ
2619 4364 2707 4428 ἂν,
2742 4359 2917 4435 οἶμαι,
2938 4364 3337 4436 διολισθήσειαν
3362 4368 3443 4430 είς
3466 4366 3549 4435 ἑξ·

280 4455 335 4507 in
366 4461 574 4508 tantum
603 4454 801 4508 mentis
830 4463 1108 4524 stuporem
1156 4462 1212 4510 et
1243 4469 1338 4510 cor
1369 4469 1707 4525 perversum,
1760 4460 1855 4513 sed
1888 4470 1934 4525 ῃ
1961 4453 2226 4526 εστηκότα
2240 4455 2385 4522 νοῦν,
2403 4455 2500 4509 καὶ
2516 4455 2747 4527 καρδίαν
2768 4456 3228 4528 διεστραμμένην·
3264 4459 3544 4530 περιέσται

280 4554 483 4600 rectam
513 4547 758 4602 veritatis
798 4546 1104 4602 doctrinam
1139 4557 1394 4618 poterunt
1435 4549 1652 4604 demum
1687 4565 1857 4618 agno·

277 4648 455 4689 scere.
484 4634 691 4690 Addam
721 4635 985 4709 porroiis
1012 4652 1132 4706 quae
1171 4638 1409 4693 diximus
1443 4660 1454 4694 :
1484 4640 1540 4693 Si
1577 4639 1698 4708 quis
1730 4654 1859 4709 par-

276 4739 404 4778 vum
435 4741 558 4781 esse
588 4737 760 4797 putet,
797 4742 862 4782 ae
904 4743 1005 4798 pro
1033 4729 1207 4782 nihilo
1243 4731 1407 4783 ducat
1442 4731 1510 4785 iis
1553 4744 1673 4799 quae
1704 4731 1854 4786 Seri-

277 4822 436 4883 ptura
479 4813 738 4870 divinitus
770 4816 952 4872 afflata
1003 4817 1352 4872 continentur
1398 4832 1703 4889 congruum
1739 4821 1856 4873 cui·

275 4917 382 4975 que
403 4911 457 4958 et
483 4905 1055 4962 convenientissimum
1084 4916 1273 4978 aptare
1293 4918 1528 4979 tempus,
1554 4910 1683 4979 quid
1709 4920 1855 4965 vetat

274 4994 590 5066 quominus,
625 4995 751 5050 licet
781 5001 1017 5053 nondum
1067 5000 1208 5057 sorte
1237 5010 1533 5056 censeatur
1580 5003 1740 5057 bomo
1768 5003 1852 5057 l'a-

272 5099 420 5142 ctum
481 5085 818 5157 unigenitum
865 5087 958 5142 Dei
1011 5089 1285 5158 Verbum,
1336 5102 1611 5146 mortuum
1670 5102 1850 5148 tamen

276 5178 450 5245 ipsum
485 5176 751 5242 dicamus,
793 5190 1009 5230 crucem
1037 5181 1329 5250 crucisque
1367 5180 1632 5250 supplicia
1661 5193 1848 5251 pertn-

275 5268 423 5333 lisse,
457 5277 511 5323 et
542 5268 856 5338 priusquam
894 5283 1016 5321 cum
1042 5269 1142 5325 bac
1174 5279 1391 5325 terrena
1421 5287 1588 5327 carne
1619 5287 1848 5344 congre-

273 5356 493 5413 deretur
515 5373 578 5414 ac
602 5361 1045 5432 conjungeretur,
1067 5358 1284 5418 «ludaeos
1311 5365 1410 5432 ipsi
1444 5363 1652 5420 nelarie
1677 5366 1848 5422 insul·

275 5456 444 5513 tasse,
490 5448 789 5523 fecisseque
834 5469 898 5508 ac
941 5453 1144 5509 dixisse
1188 5470 1308 5522 quoe
1362 5448 1495 5510 nul'li
1540 5458 1631 5512 alii
1683 5474 1844 5529 qnam

271 5553 461 5596 eorum
480 5541 718 5598 audaciae
739 5560 804 5601 ac
823 5546 992 5600 furori
1016 5547 1369 5613 conveniunt,
1397 5549 1837 5619 quandoquidem

1962 4546 2020 4600 δέ
2056 4563 2238 4615 σφισιν
2267 4546 2366 4618 ἤδη
2399 4564 2516 4610 πως
2543 4547 2638 4601 καὶ
2669 4547 2729 4600 τὸ
2762 4551 2901 4601 νοεῖν
2930 4547 3107 4620 ὀρθῶς
3142 4548 3411 4605 δύνασθαι
3449 4548 3543 4620 τῆς

1961 4636 2221 4709 ἀληθείας
2250 4637 2342 4691 τὸν
2386 4638 2562 4708 λόγον.
2604 4639 2869 4710 Προσθεὶς
2893 4640 2937 4692 δ’
2963 4639 3028 4692 ἂν
3056 4635 3137 4702 οἷς
3166 4639 3309 4711 ἔφην
3345 4640 3541 4710 εἴποιμ’

1962 4729 2030 4783 ἂν
2065 4728 2146 4781 ἔτι
2184 4731 2280 4782 καὶ
2317 4729 2452 4795 τόδε,
2506 4731 2582 4793 ὡς
2612 4732 2666 4784 εί
2703 4732 2769 4800 γέ
2797 4749 2875 4801 τῳ
2919 4731 3151 4802 σμικρὸν
3200 4727 3343 4787 εἷναί
3371 4750 3429 4787 τε
3459 4732 3537 4787 60-

1961 4824 2068 4884 κεῖ,
2102 4821 2197 4875 καὶ
2243 4821 2548 4890 λελόγισται
2588 4823 2721 4893 παρ’
2753 4823 2930 4888 οὐδὲν,
2971 4823 3052 4888 τὸ,
3093 4823 3315 4896 ἑκάστῳ
3348 4826 3540 4897 χρῆναι

1960 4915 2068 4968 τῶν
2096 4916 2496 4986 γεγραμμένων
2537 4918 2690 4988 παρά
2734 4933 2797 4983 γε
2829 4919 2896 4988 τῇ
2932 4915 3278 4990 θεοπνεύστῳ
3328 4919 3537 4992 Γραφῇ,

1957 5007 2046 5062 τὸν
2086 5008 2237 5079 αὐτῷ
2279 5008 2559 5079 πρέποντα
2601 5027 2661 5063 τε
2710 5011 2805 5066 καὶ
2848 5011 3181 5065 οἰκειότατον
3226 5011 3538 5083 ἐφαρμόσαι

1957 5100 2170 5172 καιρὸν,
2223 5101 2277 5153 τί
2324 5102 2384 5154 τὸ
2421 5100 2695 5171 ἐμποδὼν,
2740 5103 2844 5156 κᾶν
2889 5104 2937 5155 εἰ
2975 5103 3146 5156 νοοῖτο
3191 5103 3358 5173 τυχὸν
3389 5101 3539 5158 οὔπω

1956 5190 2077 5243 καθ’
2127 5191 2275 5261 ἡμᾶς
2319 5189 2558 5259 γεγονὼς
2586 5192 2616 5244 ό
2669 5193 2963 5265 μονογενὴς
3011 5192 3105 5246 τοῦ
3154 5193 3294 5248 Θεοῦ
3346 5195 3534 5264 Λόγος,

1955 5282 2204 5337 τεθνάναι
2232 5282 2411 5351 λέγειν
2445 5283 2629 5348 αὐτὸν,
2667 5284 2900 5356 σταυρὸν
2928 5284 3321 5356 ὑπομείναντα,
3355 5287 3454 5341 καὶ
3473 5285 3536 5340 τὰ

1955 5374 2014 5426 ὲν
2048 5373 2217 5443 αὐτῷ,
2265 5376 2359 5427 καὶ
2402 5374 2509 5446 πρὸ
2557 5376 2862 5448 συνδρομῆς
2905 5377 3001 5431 καὶ
3048 5377 3267 5433 συνόδου
3314 5379 3417 5450 τῆς
3456 5379 3535 5441 είς

1954 5461 2111 5530 τήνδε
2150 5463 2251 5533 τὴν
2306 5464 2413 5517 ἀπὸ
2446 5465 2547 5535 γῆς
2597 5466 2797 5536 σάρκα,
2840 5467 3243 5540 ὲμπαροινῆσαι
3298 5470 3402 5542 μὲν
3438 5470 3533 5526 ἀν·

1952 5552 2114 5616 οσίως
2143 5554 2269 5616 τοὺς
2312 5553 2597 5620 Ἰουδαίους
2629 5556 2795 5629 αὐτῷ,
2818 5557 3016 5632 δρᾶσαι
3045 5557 3103 5614 δδ
3133 5559 3231 5616 καὶ
3271 5563 3471 5631 εἰπεῖν,
3497 5561 3530 5618 θ

336 5718 386 5751 ⁸¹
416 5715 533 5775 Joel
563 5732 602 5786 ι,
639 5719 692 5775 5.
764 5719 809 5755 ⁸¹
842 5722 1072 5797 Philipp.
1109 5741 1168 5792 tt,
1199 5725 1314 5792 6,·1.
1391 5725 1438 5759 ⁸⁸
1468 5725 1625 5782 Dent.
1666 5742 1825 5795 xvnt,
1869 5729 1961 5787 18.
2034 5731 2080 5764 ⁸⁸
2112 5729 2290 5788 Galat.
2334 5747 2419 5800 ιιι,
2452 5731 2545 5789 2⁴.
