3809 6125
323 304 431 362 800

1376 303 1468 360 on
1505 303 1609 363 ss,
1650 304 2028 365 τιιιΝιτΑτΕ
2064 295 2411 367 ntatecus
2442 308 2532 365 ιιι.

3489 297 3596 355 810

393 420 457 474 Β.
501 417 700 472 Ἔσται
731 415 842 489 γάρ
883 409 1010 470 οὖν·
1046 415 1312 488 ἀποφέρει
1341 416 1451 490 γάρ
1480 435 1600 484 πως
1631 421 1711 485 είς
1747 421 1908 475 τοῦτο
1935 430 1982 487 A
2081 422 2142 478 Β.
2180 423 2297 480 Erit
2332 438 2465 480 sane
2510 440 2525 477 ι
2575 434 2642 477 eo
2680 418 2828 477 enim
2876 418 3093 474 demum
3145 419 3354 487 spectat
3393 411 3591 490 oratio.

318 505 512 563 λοιπὸν
536 508 566 559 ὀ
595 505 774 573 λόγος.

387 600 454 652 Α.
499 596 694 668 Ἀθρει
735 595 802 668 δὴ
846 589 962 663 οὖν,
1002 595 1084 651 δτι
1110 597 1527 669 κινδυνεύομεν,
1559 592 1605 653 ὦ
1653 599 1903 672 Ἐρμεία,

313 689 459 745 κατά
489 705 556 759 γε
592 688 654 742 τὸ
678 688 911 753 ἐκείνοις
937 690 1213 754 ἀσυνέτως
1258 690 1469 757 δοκοῦν,
1495 693 1673 748 καίτοι
1724 712 1907 766 μειον·

1029 782 1240 853 ἀμείνω
1287 801 1405 847 πως
1448 784 1549 856 ἤδη
1603 785 1697 838 καὶ
1731 784 1903 858 προῦ-

310 781 648 850 εκτούμενον
686 780 780 835 τὸν
820 781 982 847 Υίὸν,

309 891 506 945 χοντα,
536 873 636 927 καὶ
660 872 828 928 αὑτοῦ
871 873 1328 945 καταλογίζεσθαι
1358 877 1456 930 τοῦ
1490 878 1626 931 Θεοῦ
1658 880 1750 934 κα),
1786 883 1903 935 Πα-

309 965 462 1036 τρὸς,
495 966 544 1019 εί
572 967 696 1028 ταῖς
723 963 832 1019 τῶν
866 966 1038 1033 ἁγίων
1070 970 1274 1036 φωναῖς
1294 968 1560 1097 ἀμελλητὶ
1574 972 1903 1027 καταπείθε-

309 1056 436 1111 σθαι
470 1056 893 1128 διαλογιζόμεθα
920 1058 1050 1113 δεῖν.

382 1152 448 1206 Β.
486 1151 600 1205 Καὶ
628 1150 738 1223 μὴν
771 1149 833 1203 τδ
867 1150 1059 1222 χρῆμά
1089 1153 1241 1217 ἐστιν
1266 1156 1368 1212 οὑκ
1394 1158 1720 1233 ἀμφίλογον.

379 1245 450 1302 Δ.
489 1243 675 1315 Iletia-n
717 1242 783 1315 δὴ
830 1239 927 1297 οὖν
971 1244 1408 1319 ἀνακεκραγότος
1442 1250 1544 1305 ὡδὶ
1579 1251 1901 1306 eoeneum-:-

312 1336 431 1392 σίου
465 1335 706 1401 Παύλου,
743 1336 820 1401 ὡς
846 1337 1055 1407 γένοιτο
1084 1339 1185 1409 μὲν
1213 1342 1355 1397 κατά
1391 1342 1556 1417 νόμον
1583 1346 1895 1419 Φαρισαῖος,

311 1428 465 1484 κατὰ
513 1428 678 1500 ζῆλον
701 1427 921 1483 διώκων
962 1429 1061 1500 τὴν
1101 1432 1448 1503 Ἐκκλησίαν,
1503 1436 1649 1492 κατὰ
1690 1438 1897 1493 δικαιο-

311 1520 483 1593 σύνην
504 1517 608 1591 τὴν
635 1522 693 1573 ὲν
709 1518 858 1589 νόμῳ
873 1520 1165 1591 γενόμενος
1190 1522 1503 1595 ἄμεμπτος,
1538 1545 1561 1582 ι
1596 1528 1713 1583 ἀλλ’
1737 1528 1897 1583 ἅτινα

306 1609 381 1685 ἦν
420 1629 516 1684 μοι
544 1610 735 1682 κέρδη,
781 1609 957 1665 ταῦτα
997 1612 1216 1684 ἥγημαι
1245 1615 1335 1671 διά
1376 1617 1636 1689 Χριστὸν,
1667 1619 1891 1691 ζημίαν.

324 1700 490 1756 Ἀλλὰ
523 1699 806 1772 μενοῦνγε,
856 1705 952 1755 καὶ
997 1702 1240 1776 ἠγοῦμαι
1287 1707 1466 1762 πάντα
1511 1707 1720 1782 ζημίαν
1753 1708 1895 1767 εἶναι

2081 598 2150 653 A.
2187 598 2322 655 Vide
2348 599 2531 671 igitur,
2563 597 2807 663 llermia,
2833 597 2887 652 in
2916 611 2982 653 eo
3012 610 3111 652 nos
3130 608 3297 667 prope
3311 591 3422 661 iam
3449 606 3592 659 esse,

2014 690 2311 757 utFilium‚
2331 705 2396 747 ex
2425 706 2610 747 eorum
2631 691 2799 749 stulta
2831 689 3100 747 sententia
3130 685 3595 756 inferiorem,ipso

2014 792 2193 840 tamen
2235 784 2347 840 Deo
2386 800 2452 842 ac
2500 784 2662 840 Patre
2693 783 3028 854 superiorem
3066 794 3130 837 ac
3159 778 3587 851 praestantiorem

2012 888 2358 941 censeamus,
2394 875 2441 931 si
2465 875 2692 931 vocibus
2719 883 3031 930 sanctorum
3066 872 3443 927 incunctanter
3472 880 3590 924 cre·

2009 965 2244 1024 dendum
2268 977 2538 1038 putemus.

2078 1144 2144 1201 B.
2186 1143 2448 1215 Equidem
2481 1144 2644 1201 dubia
2671 1160 2762 1203 res
2794 1160 2905 1202 non
2939 1155 3045 1201 est.

2079 1237 2147 1292 Α.
2186 1236 2388 1292 Audies
2415 1237 2597 1307 itaque
2623 1236 2849 1293 Paulum
2876 1235 3116 1292 divinum
3142 1235 3220 1292 sic
3240 1236 3587 1300 clamantem,

2006 1341 2067 1383 se
2092 1326 2309 1396 quidem
2356 1326 2527 1383 ruisse
2571 1326 2870 1382 secundum
2902 1325 3073 1395 legem
3111 1324 3473 1396 Pharisaeum,
3520 1341 3589 1382 ex

2008 1417 2359 1474 aemulatione
2385 1425 2801 1489 persequentem
2828 1416 3151 1483 Ecclesiam,
3180 1417 3475 1474 secundum
3493 1418 3586 1487 ju-

2008 1509 2215 1565 stitiam
2241 1520 2469 1580 quaeest
2502 1510 2555 1564 in
2593 1508 2712 1580 lege
2751 1517 3130 1565 conversatum
3164 1509 3284 1565 sine
3318 1509 3535 1580 querela
3566 1525 3583 1564 t

2009 1621 2031 1656 ι
2062 1602 2158 1658 sed
2192 1616 2311 1671 quae
2355 1602 2488 1658 mihi
2520 1600 2745 1657 fuerunt
2780 1599 2951 1667 lucra,
2990 1600 3106 1657 baee
3140 1600 3433 1657 arbitratus
3458 1616 3586 1671 pro-

2005 1706 2129 1767 pter
2178 1693 2458 1751 Christum
2500 1693 2845 1750 detrimenta.
2893 1691 3275 1748 Verumtamen
3331 1692 3586 1747 existimo

304 1793 363 1848 δ’.
366 1792 404 1848 ὰ
445 1792 504 1846 τὸ
544 1790 812 1863 ὑπερέχον
858 1792 960 1864 τῆς
1005 1793 1259 1863 γνώσεως
1295 1797 1471 1871 lquor,
1518 1799 1755 1874 Χριστοῦ
1797 1804 1894 1860 τοῦ
1926 1792 1972 1848 Β
1999 1789 2183 1846 omnia
2205 1787 2589 1845 detrimentum
2629 1799 2751 1842 esse
2782 1795 3005 1856 propter
3030 1786 3358 1840 eminentem
3401 1785 3584 1841 scien-

308 1886 522 1959 Κυρίου
549 1884 729 1958 ἡμῶν.
768 1904 787 1937 ι

425 1976 635 2049 ,Ἔφη
667 1976 779 2049 γάρ
807 1969 923 2045 ουν,
959 1978 1096 2032 ἀλλά
1119 1980 1173 2034 τί
1200 1980 1270 2036 ἂν
1293 1982 1537 2054 βούλοιτο
1564 1988 1752 2055 τουτί;

386 2158 452 2214 A.
491 2155 569 2212 Οὑ
612 2153 722 2227 γὰρ
750 2155 834 2209 ὅτι
866 2153 999 2219 Θεὸς
1026 2158 1122 2211 καὶ
1169 2158 1376 2231 Κύριος
1405 2154 1488 2225 εἷς
1517 2159 1896 2235 διακεχρησμ-

317 2246 497 2318 ᾠδηκε
523 2247 636 2314 τοῖς
658 2246 1038 2318 ἀρχαιοτέροις
1063 2249 1092 2301 ὁ
1121 2248 1286 2319 νόμος
1308 2264 1323 2315 ;

398 2337 465 2397 Β.
497 2336 624 2395 Ναί.
1871 2393 1874 2398 .

398 2429 464 2485 A.
500 2428 692 2486 Τοῦτον
718 2431 775 2486 δὲ
799 2426 941 2485 εἶναί
971 2448 1103 2511 φασι
1135 2431 1226 2485 τὸν
1254 2432 1476 2505 Πατέρα
1502 2449 1606 2490 που
1639 2432 1805 2507 τάχα.

392 2517 453 2575 Β.
487 2518 679 2576 §actv-

383 2612 448 2667 Δ.
495 2611 556 2667 '0
599 2611 658 2668 δὲ
708 2612 774 2684 δὴ
830 2612 939 2667 τῶν
991 2614 1325 2686 ἀπορρήτων
1387 2611 1630 2684 Χριστοῦ
1691 2612 1898 2685 ταμίαν

303 2702 498 2758 ἑαυτὸν
536 2704 671 2775 ἡμῖν
712 2704 1083 2776 ἀναδεδείχθαι
1128 2704 1326 2773 λέγων,
1358 2705 1388 2757 ὁ
1432 2706 1534 2776 τῆς
1565 2704 1899 2776 οἰκουμένης

314 2795 696 2867 μυσταγωγὸς,
740 2796 793 2849 τί
834 2796 941 2868 ἀρα
978 2796 1189 2869 μαθὼν,
1224 2796 1258 2867 ἢ
1289 2793 1766 2868 διενθυμούμενος,
1792 2794 1896 2867 τῆς

309 2886 694 2958 πρεσὸυτέρας
740 2886 836 2941 καὶ
895 2888 1124 2959 νομικῆς
1166 2886 1503 2950 παιδεύσεως
1550 2885 1898 2957 ἀσυγκρίτως

304 2980 366 3033 έν
412 2977 671 3048 ἀμείνοσι
703 2978 803 3047 τὴν
847 2976 1084 3048 Χριστοῦ
1116 2977 1321 3045 γνῶσιν
1363 2977 1552 3044 ἐτίθει,
1592 2978 1688 3031 καὶ
1720 2977 1898 3048 ὑπερ-

296 3070 549 3142 έχουσαν
591 3067 868 3138 ὀνομάζει,
914 3069 1009 3122 καὶ
1055 3068 1303 3122 σκύὸαλα
1340 3070 1440 3140 μὲν
1486 3072 1700 3145 ἡγεῖται
1733 3068 1804 3122 τὰ
1837 3069 1898 3123 ἐν

303 3163 489 3235 νόμῳ,
521 3160 872 3232 κατατέθηπε
912 3161 969 3214 δὲ
997 3161 1093 3214 καὶ
1117 3160 1474 3231 ὑπερηγάσθη
1499 3160 1621 3217 λίαν
1645 3162 1707 3216 τὸ
1731 3161 1897 3231 εὐαγ-

305 3255 535 3327 γελικὸν
578 3255 675 3308 καὶ
718 3253 982 3325 σωτήριον
1023 3253 1325 3325 κήρυγμας
1371 3253 1442 3305 Ἢ
1471 3252 1572 3307 οὑκ
1599 3254 1896 3323 ἀναγκαῖον

270 3349 461 3420 ,ἡμᾶς
489 3343 908 3410 ὑπολογίζεσθαι
951 3345 1046 3403 καὶ
1074 3345 1341 3417 φρονεῖν,
1370 3341 1453 3408 ὥς
1476 3335 1663 3417 ὧνπερ
1709 3346 1775 3400 ἂν
1808 3347 1894 3417 εἴη

304 3438 520 3512 μείζων
563 3438 598 3509 ἡ
631 3437 867 3507 γνῶσις,
914 3435 1125 3501 τούτοις
1152 3433 1340 3490 ἕποιτο
1372 3435 1439 3490 ἂν
1483 3435 1646 3501 εὐθὺς
1699 3438 1794 3492 καὶ
1834 3438 1898 3492 τὸ

309 3527 672 3601 ὑπερκεῖσθαι
702 3525 936 3598 πρέπειν
956 3523 1073 3579 τῶν
1109 3525 1590 3597 συγκρινομένων;

384 3618 448 3673 Β.
491 3613 657 3688 Οἶμαί
690 3633 774 3685 γε.

381 3712 449 3764 A.
491 3705 627 3764 Εἶτα
657 3710 802 3771 ὅπως
831 3709 911 3771 εἰς
943 3707 1101 3761 τοῦτο
1133 3707 1416 3762 καθίκοιτο
1442 3707 1509 3763 ἂν
1539 3698 1673 3781 ἡμῖν
1699 3711 1900 3782 ἠλιθιό-

311 3804 473 3876 τητός
501 3822 560 3858 τε
589 3806 683 3858 καὶ
710 3802 949 3874 ἀμαθίας
991 3804 1020 3856 ὁ
1053 3801 1180 3866 νοῦς
1200 3841 1216 3868 ,
1249 3802 1325 3863 ὡς
1357 3802 1568 3874 ἀμείνω
1611 3802 1825 3874 λέγειν,
1859 3806 1893 3877 ἢ

309 3897 445 3969 γοῦν
471 3897 676 3951 οἴεσθαί
713 3912 843 3950 ποτε
871 3893 965 3948 τοῦ
1000 3894 1211 3967 Πατρὺς
1253 3894 1346 3948 τὸν
1397 3894 1547 3961 Υἰδν,
1596 3896 1687 3950 τὸν
1732 3898 1896 3951 οἱονεὶ

316 3989 474 4063 ῥίζαν
499 3990 690 4060 ἔχοντα
716 3988 810 4042 καὶ
844 3987 1026 4057 πηγὴν
1057 3985 1148 4039 τὸν
1191 3986 1530 4058 γεννήτορας
1561 3987 1896 4058 Συνυ6ριοῦ·

319 4099 419 4153 μεν
443 4081 552 4151 γὰρ
581 4079 800 4143 πάντως
824 4077 902 4150 τῷ
928 4075 1080 4147 φυτῷ
1105 4077 1197 4131 τὸν
1235 4078 1466 4149 καρπὸν,
1513 4078 1607 4133 καὶ
1647 4079 1783 4150 ὁμοῦ
1827 4083 1894 4153 τῇ

312 4173 444 4248 ῥίζῃ
468 4173 530 4227 τὸ
563 4172 874 4243 βλάστημα,
905 4173 971 4242 τῇ
1002 4172 1152 4240 πηγῇ
1178 4168 1239 4222 τὸ
1285 4169 1345 4233 ἐξ
1381 4170 1551 4239 αὐτῆς
1593 4171 1896 4242 προχεόμε-

310 4283 406 4327 ναν
431 4269 599 4335 νᾶμα,
644 4265 738 4318 καὶ
769 4264 870 4316 οὑκ
898 4262 1178 4335 ἀλλότριον
1227 4261 1426 4331 αὐτῆς,
1468 4261 1547 4332 τῷ
1578 4263 1717 4331 φωτὶ
1742 4263 1804 4317 τὸ
1835 4263 1896 4330 ἐξ

309 4354 481 4413 αὑτοῦ
503 4355 808 4426 διαλάμπον
840 4354 935 4408 καὶ
963 4354 1356 4424 ἀπαστράπτον
1385 4352 1748 4424 ἀπαύγασμα.

385 4449 448 4503 Β.
485 4445 920 4520 Συνυὸριοῦμεν·
951 4445 1067 4508 πῶς
1097 4445 1205 4516 γὰρ
1229 4443 1291 4497 οὔ
1321 4461 1336 4509 ;

382 4630 450 4684 Α.
502 4625 844 4696 Ἀναγκαίως
890 4619 983 4677 οὖν
1028 4625 1138 4696 ἄρα
1190 4622 1628 4696 παραληψόμεθα
1668 4624 1761 4679 τὸν
1808 4627 1889 4690 είς

307 4719 542 4790 ἀνότητα
570 4716 808 4786 φυσικὴν
858 4713 1226 4769 συνεισδέοντα
1259 4712 1417 4782 λόγον
1457 4711 1535 4783 τῷ
1579 4713 1758 4787 Πατρὶ
1799 4713 1890 4767 τὸν

309 4809 462 4876 Υίδν,
515 4808 612 4862 καὶ
655 4809 713 4860 ὲν
758 4808 824 4877 τῇ
874 4802 1015 4857 κατὰ
1052 4802 1213 4872 φύσιν
1264 4803 1358 4857 καὶ
1400 4800 1627 4874 ἀληθινῇ
1676 4801 1890 4874 θεότητι

311 4900 734 4972 συνεισφέροντα
755 4913 772 4963 ;
974 4933 983 4939 -

380 4991 445 5046 B.
482 4991 805 5058 Ἀναγκαῖον
836 4987 934 5059 μὲν
966 4980 1090 5042 οὗν·
1123 4986 1237 5058 ἔχει
1267 4985 1379 5059 γάρ
1403 4980 1506 5040 ὧδε
1538 4986 1715 5042 ταυτί.
1740 4986 1891 5059 Πλὴν

305 5084 487 5137 ὲκεῐνο
513 5082 634 5150 λέγε
660 5081 741 5147 τὸ,
771 5081 916 5144 ὅπως
947 5080 1014 5134 ἂν
1033 5079 1259 5152 προῦχοι
1285 5095 1346 5133 τε
1378 5080 1471 5132 καὶ
1501 5078 1891 5149 ὑπερκείσεται

305 5177 408 5247 τῆς
442 5174 675 5246 ἀρχαίας
707 5174 800 5227 καὶ
825 5173 1054 5244 νομικῆς
1083 5169 1420 5235 παιδεύσεως
1444 5172 1479 5243 η
1505 5167 1713 5239 γνῶσις
1752 5169 1890 5240 Χρι-

307 5264 462 5327 στοῦ,
487 5261 664 5316 καίτοι
696 5260 1258 5334 συμπαραληφθέντος
1287 5261 1367 5324 εἰς
1402 5260 1707 5332 ταυτότητα
1728 5275 1887 5330 φυσι-

309 5354 414 5424 κὴν
442 5353 520 5422 τῷ
549 5352 725 5425 Πατρὶ
761 5351 858 5406 καὶ
891 5351 1010 5423 Θεῷ
1039 5350 1117 5422 τῷ
1157 5349 1420 5422 ἀληθινῷ,
1469 5351 1565 5406 καὶ
1612 5367 1886 5422 συγκεκη-

310 5446 585 5520 ρυγμένου
612 5445 700 5500 διὰ
726 5446 834 5500 τῶν
857 5444 1097 5518 ἀρχαίων
1131 5444 1478 5518 Γραμμάτων
1510 5461 1528 5512 ;

381 5539 450 5594 Δ.
500 5536 762 5608 ’Δμείνων
811 5538 964 5591 ἔσται
1012 5537 1163 5609 παρὰ
1198 5537 1354 5604 πολὺ,
1401 5537 1497 5592 καὶ
1534 5534 1884 5610 ὑπεραλείται

381 5711 430 5748 ⁵¹
457 5708 686 5783 Philipp.
718 5730 800 5782 ιιι,
833 5715 948 5771 5-8.

562 5806 832 5869 Parnon.
883 5808 996 5867 Gn.
1037 5805 1266 5868 Lxxv.

1998 1879 2127 1936 tiam
2160 1878 2291 1935 lesu
2321 1878 2525 1934 Christi
2557 1876 2772 1933 Domini
2800 1877 2971 1934 nostri
3007 1877 3073 1931 ⁸⁸.
3099 1896 3120 1931 ι

2068 1970 2134 2026 Β.
2176 1970 2256 2027 lta
2302 1968 2521 2041 quidem
2572 1968 2774 2026 Paulus
2828 1986 2843 2023 ι
2896 1968 2993 2026 sed
3045 1968 3197 2040 quid,
3236 1969 3339 2025 sihi
3398 1968 3585 2025 volunt

1998 2063 2224 2122 isthaec?

2069 2155 2139 2210 A.
2179 2153 2374 2211 Annon
2394 2154 2546 2225 quod
2568 2152 2656 2210 lex
2682 2151 3080 2224 antiquioribus
3104 2152 3269 2225 475
3299 2152 3584 2209 denuntia·

1996 2243 2079 2300 vit
2106 2258 2271 2299 unum
2299 2258 2424 2300 esse
2459 2243 2624 2300 Deum
2648 2258 2713 2300 ae
2731 2244 3058 2344 Dominum.
3040 2244 3065 2311 ⁴?

2070 2335 2134 2392 Β.
2164 2337 2362 2394 Etiam.
3362 2409 3371 2418 ,

2068 2429 2139 2485 A.
2161 2428 2315 2487 Hunc
2343 2437 2524 2486 autem
2559 2430 2781 2485 Patrem
2809 2444 2934 2486 esse
2954 2430 3109 2485 alunt
3156 2431 3425 2489 videlieet.

2069 2519 2133 2576 Β.
2163 2521 2349 2578 Aiunt.
2418 2573 2427 2581 .

2070 2608 2137 2668 A.
2168 2610 2264 2667 llle
2308 2621 2511 2680 autem,
2567 2615 2658 2684 qui
2715 2627 2776 2669 se
2833 2612 3035 2669 Christi
3087 2626 3411 2669 arcanorum
3472 2617 3582 2672 dis-

1998 2711 2341 2773 pensatorem
2369 2704 2523 2761 nobis
2574 2705 2934 2761 constitutum
2966 2719 3093 2762 esse
3124 2706 3278 2772 dicit,
3311 2706 3404 2763 ille
3430 2709 3582 2766 orbis

2000 2797 2210 2863 doctor,
2243 2797 2373 2868 quid
2431 2797 2483 2852 in
2529 2798 2711 2853 animo
2763 2796 3014 2860 habebat,
3061 2812 3183 2851 cum
3239 2796 3439 2853 Christi
3481 2813 3580 2854 eo-

2000 2888 2298 2959 gnitionem
2351 2888 2848 2958 incomparabiliter
2895 2888 3132 2958 ειιιίιιιιιε
3181 2888 3255 2943 illi
3313 2899 3376 2945 et
3423 2889 3580 2960 legali

1999 2980 2326 3036 institutioni
2356 2982 2668 3050 proecellere
2696 2982 2920 3044 diceret,
2976 2989 3035 3035 et
3067 2980 3396 3036 eminentem
3434 2983 3581 3037 dice·

2003 3083 2107 3142 ret,
2134 3083 2189 3129 et
2208 3083 2449 3131 stercora
2478 3074 2694 3145 quidem
2727 3075 3082 3131 arbitraretur
3120 3090 3184 3130 ea
3214 3090 3333 3145 quae
3363 3076 3415 3130 in
3440 3074 3578 3146 lege,

2002 3160 2443 3229 praedicationem
2506 3170 2686 3215 autem
2748 3161 3118 3230 evangelicam
3178 3170 3235 3216 et
3289 3161 3580 3218 salutarem

2000 3266 2164 3324 supra
2215 3253 2431 3308 modum
2463 3251 2865 3308 admiraretur?
2893 3250 3085 3306 Annon
3117 3266 3339 3309 necesse
3365 3263 3450 3311 est
3487 3268 3584 3310 co-

2000 3344 2174 3413 gitare
2219 3358 2284 3398 ae
2323 3342 2562 3408 sentire,
2598 3357 2828 3412 quorum
2878 3342 3231 3399 excellentior
3277 3343 3350 3400 sit
3396 3346 3583 3414 cogni·

2001 3434 2099 3500 tio,
2131 3449 2197 3489 ea
2228 3448 2444 3504 quoque
2475 3435 2786 3490 necessario
2811 3437 3185 3505 anteponenda
3213 3451 3333 3493 esse
3370 3438 3437 3493 iis
3462 3437 3578 3507 qui·

2000 3525 2099 3581 bus
2119 3539 2307 3596 compa
2316 3533 2502 3580 rantur
2519 3524 2546 3578 2

2069 3610 2131 3665 B.
2154 3609 2378 3681 Opinor.

2066 3704 2135 3760 A.
2169 3705 2240 3760 At
2258 3708 2530 3776 quomodo
2573 3721 2641 3764 eo
2694 3706 2961 3763 vecordiae
2979 3717 3039 3764 et
3075 3707 3391 3779 ignorantiae
3427 3725 3582 3766 mens

1999 3805 2190 3854 nostra
2248 3799 2482 3864 decidet,
2536 3809 2599 3855 ut
2662 3798 2859 3855 Filium
2911 3799 3077 3856 Patre
3146 3802 3580 3870 praestantiorem

2000 3890 2245 3946 dicamus
2274 3900 2368 3947 aut
2417 3892 2738 3958 sentiamus,
2766 3893 2857 3961 qui
2903 3892 3216 3950 Genitorem
3266 3895 3427 3949 veluti
3494 3911 3580 3951 ra-

1999 3982 2173 4037 dicem
2231 3982 2395 4039 babet
2460 3997 2527 4038 ae
2586 3982 2833 4040 sontem?
2894 3983 3068 4039 Simul
3130 3986 3278 4040 enim
3322 3986 3576 4056 iujuriam

2001 4072 2265 4132 iaciemus
2313 4075 2501 4146 utique
2549 4075 2748 4131 fructui
2808 4090 2930 4131 eum
2994 4075 3217 4142 arbore,
3256 4088 3309 4132 et
3356 4077 3578 4133 surculo

1998 4184 2120 4224 cum
2173 4168 2375 4235 radice,
2432 4185 2555 4225 cum
2609 4168 2759 4224 sente
2804 4167 3001 4233 rivulo,
3056 4169 3145 4239 qui
3178 4185 3285 4224 non
3314 4178 3396 4225 est
3414 4170 3482 4224 ab
3511 4185 3579 4227 eo

1998 4263 2267 4330 diversus,
2330 4278 2539 4318 necnon
2582 4277 2704 4317 eum
2759 4259 2965 4316 lumine
3010 4261 3164 4317 radio
3205 4261 3297 4330 qui
3355 4276 3423 4316 ex
3460 4262 3579 4332 ipso

1997 4355 2197 4410 emicat
2217 4371 2281 4411 ae
2303 4354 2542 4425 effulget.

1918 4461 1974 4521 γ)
2067 4445 2130 4500 Β.
2168 4446 2457 4502 Enimvero
2505 4446 2667 4503 simul
2724 4445 2979 4515 iniuriam
3029 4446 3334 4502 faciemus:
3388 4445 3573 4515 quidni

1991 4536 2138 4591 enim
2158 4535 2185 4589 2

2068 4630 2135 4681 A.
2166 4626 2485 4683 Necessario
2537 4627 2702 4698 igitur
2760 4629 3110 4684 admittemus
3163 4629 3431 4685 rationem
3454 4644 3575 4699 qum

1993 4719 2140 4775 Patri
2164 4718 2360 4775 Filium
2394 4721 2447 4774 in
2482 4720 2785 4777 naturalem
2843 4721 3179 4775 identitatem
3229 4721 3571 4790 constringit,

1992 4814 2133 4871 etin
2167 4813 2472 4870 naturalem
2502 4829 2566 4870 ae
2593 4829 2776 4871 veram
2809 4813 3063 4869 deitatem
3097 4812 3259 4869 simul
3283 4813 3525 4870 inducit?

2064 4988 2129 5047 Β.
2163 4989 2487 5046 Necessario
2535 4996 2723 5045 certe:
2759 4988 2831 5043 ita
2883 4987 3029 5043 enim
3084 5002 3145 5044 se
3175 4988 3292 5045 baec
3346 4987 3572 5044 habent.

1995 5081 2224 5149 Verum,
2271 5083 2466 5137 amabo
2497 5090 2572 5147 te,
2600 5080 2870 5151 quomodo
2895 5079 3102 5137 Christi
3136 5079 3375 5151 cognitio
3404 5081 3571 5134 veteri

1993 5182 2050 5230 et
2086 5173 2246 5244 legali
2276 5173 2602 5229 institutioni
2641 5171 2947 5238 antecellet,
2977 5187 3101 5226 cunt
3154 5171 3207 5224 in
3264 5171 3570 5226 naturalem

1994 5265 2330 5320 identitatem
2374 5280 2496 5319 cum
2544 5262 2707 5319 Patre
2757 5271 2813 5318 et
2861 5263 2969 5317 Deo
3024 5275 3153 5316 vero
3191 5271 3572 5330 coassumptus

1994 5358 2087 5423 sit,
2113 5373 2178 5413 ae
2206 5372 2305 5430 per
2349 5366 2565 5413 veteres
2617 5356 2929 5426 Scripturas
2976 5352 3338 5410 communiter
3368 5355 3571 5424 predi-

1994 5448 2188 5507 catus?

2068 5538 2133 5593 A.
2164 5539 2346 5612 Longe
2365 5539 2674 5608 antecellet,
2705 5554 2769 5596 ac
2811 5537 3039 5610 primam
3073 5539 3218 5596 illam
3269 5533 3567 5609 superabit.

3133 5798 3208 5860 26
