3809 6125
309 322 420 382 825

309 436 481 513 ζωὴν.
513 435 676 510 εἴπερ
701 436 822 494 loti
859 438 950 495 acal.
977 436 1141 503 αὐτὸς
1171 439 1312 494 κατὰ
1345 439 1509 510 φύσιν
1537 442 1649 514 ζωή
1674 459 1691 510 ;

1768 511 1871 530 zu*

379 608 448 663 A.
487 608 600 662 Καὶ
633 608 763 682 μὴν,
782 608 943 666 τοῦτό
968 610 1032 681 γέ
1050 613 1168 668 ἐστι
1189 616 1290 686 τῆς
1315 614 1382 670 ἐκ
1404 615 1538 669 Θεοῦ
1569 617 1661 671 καὶ
1685 617 1899 689 Πατρὸς

1383 326 1472 382 ΒΕ
1512 325 1616 384 SS.
1659 321 2037 384 Tmm'ram
2078 327 2429 388 blALoGth
2469 327 2559 385 111.

1932 445 1978 503 A
2009 447 2129 511 pter
2160 441 2377 498 Patrem
2402 484 2419 510 ,
2477 439 2745 513 siquidem
2775 444 2861 495 est
2904 436 3070 493 etiam
3122 437 3240 509 ipse
3279 436 3581 493 secundum

3481 315 3585 370 826

1999 543 2250 589 naturam
2273 536 2382 589 vita
2397 535 2424 591 ἲ

1995 645 1999 649 ·
2071 624 2140 678 Δ.
2167 624 2329 695 Atqui
2358 624 2695 681 nobilitatem
2727 639 2889 696 quam
2927 623 3096 680 babet
3121 635 3187 678 ex
3219 619 3329 675 Deo
3349 629 3403 675 et
3421 618 3580 673 Patre

307 698 595 769 εὖγενεὲας
624 697 919 768 ἀπόδειξις,
949 701 1045 759 καὶ
1070 704 1172 776 τῆς
1202 706 1346 761 κατὰ
1377 705 1538 778 φύσιν
1568 708 1897 781 ταυτότητος
1996 714 2146 771 istud
2186 714 2462 783 declarat,
2506 726 2564 774 et
2610 718 2921 773 naturalem
2967 715 3319 775 identitatem
3376 711 3579 767 diserte

308 793 549 864 μήνυσις
580 791 839 864 ἀκριδής.

373 884 435 939 Β.
479 884 607 949 Πῶς
643 883 860 953 λέγεις;

373 977 443 1032 Α.
483 977 630 1049 Ἔφη
659 976 787 1050 γὰρ,
817 973 877 1031 οὗ
908 979 964 1034 τί
986 998 1088 1036 που
1119 982 1308 1055 σαφῶς
1334 984 1717 1057 ζωογονεῖσθαι
1736 989 1890 1062 παρὰ

300 1068 398 1125 τοῦ
426 1068 664 1144 Πατρὸς,
699 1070 844 1142 πλὴν
868 1071 949 1126 ὅτι
979 1073 1065 1128 Ζῶ
1096 1075 1186 1129 διὰ
1211 1076 1304 1131 τὸν
1335 1078 1576 1153 Πατέρα.

369 1160 433 1217 Β.
477 1160 545 1216 Τί
577 1155 672 1216 οὗν
704 1160 866 1216 τοῦτό
902 1180 1000 1233 γε;

368 1256 436 1310 Δ.
477 1256 599 1310 Ὅτι
625 1254 705 1327 τῷ
746 1256 848 1327 μὲν
884 1255 984 1329 τὴν
1011 1256 1147 1312 ἰδίαν
1174 1259 1349 1330 ἔχοντι
1383 1260 1547 1330 φύσιν
1587 1262 1888 1331 ἀθανασίας

295 1347 520 1421 ἐρήμην
537 1347 635 1402 καὶ
656 1346 824 1419 ζωῆς,
843 1348 1153 1421 εἰσποίητον
1174 1349 1230 1405 δὲ
1256 1354 1387 1423 παρ’
1402 1351 1590 1428 ἑτέρου
1614 1355 1675 1409 τὸ
1695 1358 1885 1429 χρῆμα

294 1440 656 1514 κερδαίνοντι,
676 1438 912 1512 ἁρμόσαι
934 1442 1000 1495 ἂν
1025 1437 1178 1513 οἶμαι
1202 1443 1298 1497 καὶ
1321 1444 1469 1515 μάλα
1485 1444 1664 1519 ὀρθῶς
1682 1449 1879 1501 εἰπεῖν·

297 1552 320 1587 ι
340 1533 499 1605 Ζωήν
517 1549 610 1603 μοι
623 1531 855 1585 δέδωκεν
878 1534 906 1585 ὁ
922 1533 1072 1602 Πατή
1082 1550 1133 1604 ρ.
1148 1554 1167 1586 ι
1189 1533 1296 1588 Τοῦ
1332 1552 1396 1605 γε
1431 1535 1539 1609 μὴν
1553 1537 1778 1605 εἰδότος,
1796 1539 1880 1593 ὅτι

287 1622 407 1695 ζωὴ
438 1622 686 1694 πέφηνεν
717 1620 783 1675 ὲκ
811 1620 976 1693 ζωῆς,
1006 1622 1101 1677 καὶ
1144 1624 1358 1695 καρπὸν
1395 1624 1584 1691 οὐσίας
1623 1626 1735 1698 ἔχει
1778 1628 1880 1699 τὴν

285 1713 614 1779 ἀθανασίαν,
633 1713 695 1768 τὸ
709 1712 874 1784 φάναι
892 1712 1216 1785 θεοπρεπὲς,
1241 1734 1259 1769 ι
1281 1716 1366 1771 Ζῶ
1380 1717 1468 1771 διά
1483 1717 1576 1772 τὸν
1599 1719 1871 1792 Πατέρα.»

1995 806 2219 863 indicat.
2414 865 2435 883 ο

2061 896 2232 970 484
2268 893 2329 953 Β.
2354 898 2635 966 Quomndo
2662 898 2835 955 dicis?

2059 989 2123 1043 Α.
2157 989 2304 1045 Dixit
2340 991 2505 1058 enim,
2537 1006 2642 1046 non
2684 991 2870 1059 utique
2921 997 3113 1059 aperte
3152 982 3419 1044 vivificari
3447 995 3508 1038 se
3539 994 3570 1034 a

1991 1078 2168 1148 Patre,
2194 1082 2291 1137 sed
2318 1082 2500 1138 vivere
2523 1096 2582 1137 se
2612 1089 2836 1151 propter
2850 1080 3092 1137 Patrem.

2062 1173 2121 1227 Β.
2152 1172 2292 1240 Quid
2317 1189 2444 1230 vero
2471 1174 2613 1229 istud
2642 1173 2770 1229 est?

2060 1265 2128 1319 A.
2165 1263 2319 1332 Quod
2353 1265 2402 1319 ei
2437 1264 2528 1334 qui
2561 1265 2837 1334 propriam
2880 1272 3133 1318 naturam
3152 1260 3567 1317 babetimmor-

1984 1354 2216 1411 talitatis
2274 1364 2330 1411 et
2383 1355 2506 1409 vitae
2557 1363 2859 1424 expertem,
2902 1354 3157 1423 istudque
3187 1353 3257 1408 ab
3290 1352 3396 1407 alio
3419 1351 3566 1405 velut

1983 1448 2278 1502 ascititium
2315 1446 2532 1515 accipit,
2588 1446 2772 1500 dicere
2820 1446 2946 1517 jure
2981 1444 3237 1500 convenit
3275 1460 3290 1498 ι
3327 1460 3347 1495 ι
3381 1444 3562 1499 vitam

1983 1540 2114 1595 mihi
2145 1539 2293 1594 dedit
2322 1538 2539 1593 Pater.»
2556 1538 2624 1591 At
2645 1539 2737 1608 qui
2758 1538 2911 1592 novit
2935 1552 2993 1592 se
3013 1537 3280 1607 prodiisse
3304 1535 3469 1589 vitam
3493 1548 3560 1588 ex

1982 1632 2111 1697 vita,
2172 1640 2228 1686 et
2288 1631 2612 1686 substantiae
2641 1630 2877 1685 fructum
2916 1629 3122 1683 habere
3174 1626 3562 1681 immortalita-

1980 1730 2116 1788 tem,
2167 1722 2410 1776 dicturus
2457 1729 2543 1777 est
2599 1720 2785 1790 utique
2835 1733 2931 1789 pro
2973 1733 3039 1775 eo
3066 1733 3132 1774 ac
3163 1716 3333 1772 Deum
3366 1717 3557 1770 decet:

282 1800 436 1879 *Αρα
468 1803 599 1876 γὰρ,
632 1805 682 1858 εἰ
708 1802 804 1858 τοῦ
849 1803 1138 1877 ἀνθρώπου
1172 1807 1420 1879 γέννημα
1455 1807 1623 1881 τυχὸν
1663 1809 1881 1880 λογικὸν
1910 1801 1954 1857 Β
1988 1833 2008 1868 ι
2033 1814 2167 1870 Vivo
2194 1822 2413 1884 propter
2428 1810 2642 1866 Patrem
2661 1811 2728 1866 ⁸⁸.
2752 1830 2772 1864 ι
2802 1812 2884 1876 An
2904 1811 3048 1866 enim
3074 1809 3121 1867 si
3151 1809 3293 1865 lilius
3323 1808 3559 1864 bominis

281 1897 353 1952 ἐκ
384 1894 609 1966 λογικοῦ
641 1894 878 1965 πεφηνὸς
909 1896 1005 1949 τοῦ
1050 1897 1180 1951 ἰδίου
1222 1899 1453 1970 πατρὸς,
1484 1900 1716 1970 Λογικόν
1737 1902 1875 1973 εἰμι,

281 1985 465 2057 λέγοι,
497 1983 588 2041 διὰ
612 1985 705 2040 τὸν
730 1986 1018 2059 πατέρα,ῆ
1049 1988 1182 2055 γοῦν
1211 1988 1334 2042 καθ’
1365 1988 1553 2063 ἕτερον
1594 1992 1797 2064 τρόπον
1843 1995 1878 2066 ἡ

282 2079 461 2152 πυρὸς
500 2079 581 2143 είς
618 2076 684 2133 τὸ
733 2076 839 2145 ἔξω
879 2078 1243 2149 διεκφοιτῶσα
1274 2080 1567 2154 θερμότης,
1601 2084 1651 2137 εί
1690 2086 1878 2157 φωνὴν

285 2172 436 2227 ἱεῖσα
461 2169 632 2243 λέγοι,
654 2169 878 2243 Θερμὴν
911 2169 1020 2242 ἔχω
1053 2172 1151 2243 τὴν
1183 2172 1492 2245 προσδολὴν
1537 2173 1626 2229 διά
1650 2175 1712 2229 τὸ
1739 2175 1797 2241 ἐξ
1814 2170 1877 2232 οὗ

290 2264 513 2337 πέφηνα
550 2262 679 2336 πῦρ,
696 2263 798 2318 οὐκ
829 2263 894 2318 ἀν
919 2282 995 2335 τῳ
1023 2264 1253 2331 δόξειαν,
1275 2265 1331 2318 εἴ
1354 2282 1418 2336 γε
1446 2265 1573 2321 νοῦν
1599 2265 1736 2337 ἔχοι,
1771 2266 1875 2335 φύ-

299 2371 444 2410 σεων
473 2354 695 2430 ἰδιότητα
739 2357 840 2428 τὴν
892 2356 951 2423 ἐξ
997 2350 1072 2411 ὧν
1118 2357 1228 2409 εἰσὶ
1266 2357 1500 2430 λαχόντα
1547 2359 1748 2431 μᾶλλον
1779 2360 1877 2430 ἐφ’

303 2447 585 2520 ἐαυτοῖς,ἣ
622 2449 752 2521 γοῦν
784 2450 1292 2522 εἰσπεπορισμένην
1339 2452 1436 2506 καὶ
1481 2450 1540 2505 ὲν
1584 2450 1737 2520 τάξει
1769 2450 1876 2506 τῶν

296 2539 671 2620 δεδωρημένων
702 2541 801 2614 τὴν
825 2542 922 2596 τοῦ
951 2536 1092 2597 εἶναι
1121 2542 1346 2597 τοιῶσδε
1370 2542 1529 2608 δόξαν
1559 2541 1736 2612 ἐλεῖνς

360 2631 423 2690 Β.
465 2634 699 2690 Ἔοικεν.

351 2722 418 2779 A.
458 2725 534 2799 Ζῇ
558 2725 844 2799 τοιγαροῦν
875 2730 904 2782 ὁ
931 2727 1059 2793 Υἱὸς
1099 2727 1189 2781 διὰ
1214 2727 1308 2782 τὸν
1343 2724 1582 2798 Πατέρα.
1610 2726 1734 2798 Ζωὴ
1764 2724 1871 2799 γὰρ

274 2815 344 2871 ἐκ
372 2815 518 2888 ζωῆς
555 2818 768 2890 πέφηνε
804 2820 900 2874 τοῦ
933 2820 1167 2892 Πατρὸς,
1200 2819 1454 2889 ἀληθινὸς
1493 2817 1568 2873 ὢν
1598 2817 1733 2881 Θεὸς
1773 2836 1874 2874 κα-

274 2907 456 2981 θάπερ
481 2910 675 2982 ἀμέλει
708 2912 803 2964 καὶ
828 2913 857 2965 ὁ
880 2910 1075 2965 τεκών.
1106 2911 1462 2984 Συλλήπτορα
1488 2911 1546 2964 δὲ
1566 2911 1681 2975 τοῖς
1699 2910 1872 2981 ἐμαυ-

268 3000 367 3056 τοῦ
409 3002 712 3074 ποιήσομαι
750 3002 931 3071 λόγοις
971 3004 1066 3056 καὶ
1109 3005 1201 3058 τὸν
1243 3003 1555 3076 σοφώτατον
1597 3002 1870 3074 Ἰωάννην,

1981 1906 2269 1962 rationalis
2300 1904 2557 1959 nimirum
2578 1918 2647 1959 ex
2675 1901 2923 1958 rationali
2965 1910 3121 1972 patre
3146 1909 3442 1972 prognatus
3477 1898 3562 1953 di-

1981 2006 2160 2055 ceret:
2208 1995 2511 2052 Rationalis
2554 2008 2682 2049 sum
2729 2002 2951 2064 propter
2979 1999 3196 2062 patrem
3231 2008 3246 2045 ι
3276 1998 3370 2044 aut
3406 1988 3560 2044 calor

1980 2090 2162 2159 quiex
2189 2089 2312 2159 igne
2328 2085 2581 2151 mittitur,
2605 2084 2651 2140 si
2686 2084 3003 2153 loqueretur
3026 2122 3041 2149 ,
3073 2096 3137 2137 ac
3161 2082 3400 2137 diceret:
3435 2078 3557 2135 Vim

1982 2179 2153 2236 babeo
2196 2178 2449 2243 calidam,
2493 2185 2718 2247 propter
2745 2175 2948 2245 ignem,
2981 2188 3048 2229 ex
3077 2188 3185 2243 quo
3209 2172 3417 2241 prodii:
3450 2186 3557 2225 non

1978 2273 2149 2329 cuivis
2188 2284 2336 2326 sante
2378 2267 2578 2324 mentis
2619 2266 2952 2322 videbuntur
2998 2276 3315 2322 naturarum
3363 2263 3561 2333 quibus

1978 2370 2230 2419 constant
2275 2360 2670 2432 proprietatem
2723 2366 2881 2413 nacta
2906 2399 2923 2426 ,
2986 2357 3167 2428 potius
3221 2355 3276 2411 in
3335 2356 3558 2425 seipsis,

1977 2469 2141 2524 quam
2199 2452 2418 2509 aliunde
2457 2465 2523 2507 ac
2557 2449 2726 2506 veluti
2768 2449 3021 2518 precario
3056 2457 3116 2504 ut
3153 2460 3222 2504 eo
3252 2448 3414 2505 modo
3446 2447 3561 2503 sint

1977 2544 2296 2615 accepisse?

2046 2634 2110 2688 B.
2144 2633 2217 2687 lta
2250 2633 2430 2704 plane.

2048 2728 2117 2782 A.
2169 2725 2320 2784 Vivit
2347 2743 2482 2799 ergo
2516 2729 2688 2788 Filius
2716 2740 2939 2803 propter
2970 2729 3213 2785 Patrem.
3258 2726 3381 2783 Vita
3410 2726 3555 2783 euim

1981 2832 2049 2874 ex
2071 2818 2181 2872 vita
2210 2816 2377 2874 Patre
2410 2824 2695 2890 processit,
2727 2839 2848 2879 cum
2877 2823 2949 2878 sit
2974 2836 3135 2877 verus
3164 2822 3339 2883 Deus,
3370 2835 3559 2889 quem·

1974 2907 2267 2963 admodum
2338 2924 2535 2980 nempe
2571 2920 2626 2967 et
2684 2912 2867 2967 Pater.
2928 2911 3063 2966 Meis
3126 2918 3313 2964 autem
3396 2909 3558 2964 dictis

1974 2998 2383 3070 astipulatorem
2426 3003 2692 3059 adhibebo
2756 3003 3222 3075 sapientissimum
3267 2998 3554 3065 loannem,

263 3091 370 3148 ὡδὶ
411 3092 733 3163 γεγραφότα
763 3093 892 3164 περὶ
922 3093 1120 3146 αὐτοῦ·
1156 3112 1175 3145 ι
1203 3094 1314 3148 Καὶ
1341 3096 1560 3166 οἴδαμεν
1582 3096 1666 3152 ὅτι
1693 3096 1721 3149 ό
1741 3094 1873 3160 Υἱὸς
1975 3090 2068 3160 qui
2101 3091 2167 3146 de
2203 3092 2323 3161 ipso
2355 3091 2409 3146 in
2440 3093 2586 3148 bunc
2616 3094 2838 3149 modum
2883 3094 3110 3163 scripsit
3133 3111 3151 3148 ε
3191 3111 3219 3145 c
3250 3092 3319 3147 Et
3353 3093 3557 3148 scimus

186 3216 191 3221 ·
263 3182 370 3240 τοῦ
414 3181 554 3237 Θεοῦ
597 3184 743 3255 ἥκει,
776 3184 872 3238 καὶ
920 3182 1121 3237 ἔδωκεν
1168 3184 1303 3254 ἡμῖν
1352 3183 1591 3240 διάνοιαν
1629 3186 1863 3260 ἀγαθὴν,
1895 3158 1942 3217 c·
1974 3182 2235 3252 quoniam
2267 3182 2440 3239 Filius
2479 3181 2576 3239 Det
2609 3184 2792 3250 venit,
2844 3190 2899 3239 et
2935 3183 3087 3239 dedit
3132 3183 3290 3238 nobis
3334 3197 3554 3238 sensum

268 3272 365 3333 M
400 3273 766 3346 γινώσκωμεν
804 3275 896 3328 τὸν
926 3273 1179 3346 ἀληθινὸν
1204 3273 1357 3341 Θεὸν,
1390 3275 1483 3328 καὶ
1512 3275 1678 3345 ἐσμὲν
1701 3279 1760 3332 ὲν
1784 3277 1867 3350 τῷ

266 3364 519 3443 ἀληθινῷ
554 3366 731 3438 Ἰησοῦ
762 3366 1006 3438 Χριστῷ,
1039 3365 1118 3438 τῷ
1148 3364 1268 3439 Υἱῷ
1290 3360 1478 3422 αὑτοῦ.
1512 3358 1683 3432 Οὗτός
1717 3368 1867 3426 ἐστιν

266 3462 304 3517 ὁ
337 3458 597 3533 ἀληθινὸς
621 3458 779 3527 Θεὸς,
807 3459 904 3515 καὶ
931 3458 1046 3532 ζωὴ
1091 3458 1126 3532 ἡ
1168 3456 1404 3523 αίώνιος.
1440 3478 1458 3511 ι
1485 3453 1636 3531 Ἀρα
1675 3460 1739 3533 δή
1781 3479 1865 3517 σοι

266 3553 430 3609 τοῦδε
447 3551 514 3608 ἂν
537 3553 750 3623 γένοιτο
772 3551 1146 3625 φανερώτερον
1178 3552 1278 3616 ἔτι,
1309 3554 1476 3625 ἤγουν
1499 3555 1580 3618 εἰς
1607 3553 1866 3627 ἐλέγχους

268 3645 707 3715 εὐσθενέστερον,
738 3641 833 3697 τοῦ
885 3643 982 3713 μὲν
1033 3644 1286 3716 ἑτεροίως
1330 3643 1473 3714 ἔχειν
1518 3644 1728 3699 οἴεσθαι
1772 3645 1866 3702 τὸν

269 3738 428 3802 nov,
457 3737 491 3809 ἢ
521 3737 711 3809 ὥσπερ
742 3738 808 3793 ἂν
845 3738 958 3809 ἔχοι
987 3739 1129 3792 κατὰ
1157 3738 1321 3808 φύσιν
1348 3740 1378 3792 ό
1409 3739 1634 3811 Πατήρ;

348 3830 412 3884 Β.
451 3830 638 3894 υύδὲν,
679 3831 754 3893 ὡς
801 3825 1040 3901 ἐγῷμαι,
1064 3830 1181 3902 ,τῆς
1227 3829 1322 3883 τοῦ
1369 3829 1633 3900 Θεολόγου
1679 3831 1865 3904 φωνῆς

270 3921 492 3994 ἄμαχόν
518 3939 637 3975 τινα
666 3924 778 3986 τοῖς
800 3919 1100 3985 διεναντίας
1125 3919 1486 3990 ὲξανιστάσης
1518 3923 1618 3991 τὴν
1650 3938 1863 3993 μαρτυ-

272 4014 426 4087 ρίαν.
457 4014 603 4086 Πλὴν
632 4015 678 4068 εί
698 4013 909 4082 λέγοιτο
935 4012 1066 4077 Θεὸς
1095 4011 1347 4085 ἀληθινὸς
1371 4013 1400 4065 ό
1430 4012 1574 4078 Υἱὸς,
1602 4013 1866 4083 διαγελῶ-

273 4123 366 4160 σιν
395 4105 575 4169 edom,
605 4105 698 4160 καί
732 4123 896 4174 φασιν
920 4105 1021 4159 οὐκ
1059 4098 1196 4159 εἶναι
1233 4104 1366 4158 Θεὸν
1403 4103 1502 4175 μὲν
1533 4105 1702 4170 ὅντως
1731 4106 1863 4179 ἀλη·

274 4196 445 4262 θινὸν,
476 4196 797 4269 κεχαρίσθαι
830 4197 887 4251 δὲ
916 4196 1064 4268 αὐτῷ
1090 4195 1326 4267 τοῦνομα
1356 4197 1497 4252 κατὰ
1527 4196 1743 4269 θέλησιν
1768 4198 1861 4254 τοῦ

274 4290 664 4362 Πατρός.Ἔφη
702 4290 812 4362 γάρ
842 4307 965 4358 που,
1004 4290 1188 4359 φασὶν,
1228 4291 1257 4344 ό
1291 4287 1578 4354 θεσπέσιος
1626 4289 1861 4356 Παῦλος,

272 4379 361 4435 ὅτι
398 4398 416 4431 ι
437 4379 496 4432 '0
523 4379 653 4443 Θεὸς
687 4379 847 4434 αὐτὸν
880 4378 1229 4451 ὑπερύψωσε,
1262 4378 1357 4433 καὶ
1389 4379 1680 4453 ἐχαρίσατο
1709 4379 1862 4452 αὐτῷ

272 4468 448 4540 ὄνομα
479 4468 540 4522 τὸ
576 4469 718 4540 ὑπὲρ
747 4471 856 4523 πᾶν
883 4468 1076 4537 ὄνομα.
1113 4487 1131 4520 ι

345 4561 415 4616 Δ.
456 4561 792 4632 Κεχαρίσθαι
812 4561 907 4634 μὲν
923 4559 1071 4632 αὐτῷ
1097 4559 1267 4631 όνομα
1284 4560 1345 4615 τὸ
1368 4560 1510 4634 ὑπὲρ
1531 4563 1642 4616 πᾶν
1664 4562 1857 4635 ὄνομα,

273 4653 447 4725 φαίην
474 4652 520 4706 δ’
547 4653 635 4716 ἂν,
662 4652 770 4706 ῑσθι
801 4670 902 4719 τοι,
933 4652 1026 4707 καὶ
1049 4653 1211 4718 αὐτὸς
1241 4652 1371 4723 ἐγώ.
1401 4654 1476 4708 Τὸ
1500 4654 1694 4728 γάρτοι
1723 4656 1862 4730 φλη-

272 4746 463 4816 νάφως
478 4745 863 4818 ἀντιφέρεσθαι
884 4747 1062 4801 δοκεῖν
1083 4748 1201 4811 ταῖς
1217 4747 1325 4800 τῶν
1344 4733 1611 4817 θεολόγων
1630 4752 1858 4820 φωναῖς,

271 4834 520 4907 οίηθείην
557 4835 623 4890 ἂν
662 4834 722 4888 οὔ
759 4836 811 4889 τί
853 4853 956 4890 που
991 4835 1188 4908 φρενὸς
1233 4836 1464 4908 ἀγαθῆς,
1492 4837 1757 4911 λογισμοῦ
1801 4842 1860 4897 δὲ

274 4929 480 5004 μᾶλλον
498 4928 900 5001 παραπαίοντος
929 4928 1027 5001 ἤδη
1058 4946 1177 4993 πως
1198 4929 1292 4983 καὶ
1320 4929 1669 5002 ἐξεστηκότος
1690 4931 1858 5004 ἀδρα-

271 5024 364 5088 νὲς
384 5022 713 5094 ἐγχείρημα.
740 5019 1217 5093 Καταπέπ>.ηγμαί
1240 5038 1304 5091 γε
1327 5019 1434 5091 μὴν
1453 5020 1514 5074 τὸ
1536 5023 1618 5085 είς
1641 5021 1859 5095 ἀπάτην

272 5113 590 5183 εὐμήχανον
636 5111 745 5166 τῶν
783 5112 1103 5177 διεναντίας,
1128 5114 1183 5166 οῖ
1209 5128 1272 5182 γε
1302 5111 1402 5180 τὴν
1435 5111 1534 5183 μὲν
1560 5111 1654 5166 τοῦ
1694 5129 1860 5184 κεχα-

273 5202 465 5275 ρίσθαι
495 5204 787 5275 πρόφασιν,
827 5201 936 5254 οῦδ·
969 5203 1090 5257 ὅσον
1122 5205 1197 5267 είς
1237 5200 1363 5256 νοῦν
1394 5202 1664 5258 ποιεῖσθαι
1692 5221 1859 5258 σπου-

271 5291 517 5358 δάζουσι,
549 5291 894 5364 λεξιθηροῦσι
914 5291 972 5345 δὲ
997 5291 1165 5356 οὕτως
1189 5293 1284 5348 καὶ
1312 5291 1650 5365 τριποθήτως
1675 5294 1857 5367 ἁρπά-

275 5381 431 5448 ζουσι
457 5387 567 5439 πᾶν
591 5387 727 5453 ὅπερ
753 5385 819 5440 ἂν
848 5384 1093 5456 φαίνοιτο
1123 5387 1186 5456 τῇ
1217 5385 1309 5439 τοῦ
1343 5384 1474 5439 Υίοῦ
1509 5388 1642 5458 τιμῇ
1671 5403 1732 5442 τε
1762 5387 1859 5442 καὶ

274 5474 404 5547 δόξῃ
454 5476 795 5548 καθεστηκὸς
850 5474 1126 5541 ἐναντίον,
1164 5475 1239 5538 ὡς
1287 5475 1440 5529 οὐδὲν
1495 5477 1750 5548 ἡγεῖσθαι
1797 5476 1858 5531 τὸ

279 5565 524 5638 ἄμεινον,
560 5568 733 5622 καίτοι
765 5569 856 5622 τὸν
884 5566 978 5622 τοῦ
1015 5565 1347 5638 δεδωρῆσθαι
1377 5566 1588 5638 καιρὸν,
1616 5567 1714 5639 οὐχ
1740 5566 1857 5621 ἓτε-

1966 3275 2191 3339 bonum,
2235 3282 2296 3329 ut
2321 3287 2719 3343 cognoscamus
2751 3288 2941 3330 verum
2975 3275 3167 3339 Deum,
3209 3282 3266 3329 et
3303 3274 3477 3329 simus
3500 3273 3557 3329 in

1967 3378 2098 3419 vero
2150 3361 2278 3419 Jesu
2326 3362 2550 3421 Christo
2580 3362 2721 3421 Filio
2747 3365 2887 3435 eius.
2938 3363 3039 3420 Hic
3074 3374 3158 3419 cst
3186 3378 3349 3419 verus
3385 3363 3550 3431 Deus,

1966 3465 2022 3513 et
2068 3457 2181 3511 vita
2227 3466 2429 3512 aeterna
2460 3457 2528 3512 ⁸¹.
2577 3476 2599 3511 ι
2645 3459 2729 3513 An
2766 3456 2862 3513 tibi
2895 3458 3111 3514 demum
3144 3456 3421 3512 videbitur
3451 3457 3555 3513 hoc

1964 3564 2087 3606 esse
2132 3549 2425 3619 quidquam
2483 3550 2855 3616 manifestius,
2913 3559 3010 3605 aut
3053 3549 3122 3605 ad
3154 3547 3547 3604 confutandam

1963 3642 2273 3712 opinionem
2323 3643 2470 3699 illam
2518 3643 2841 3710 robustius,
2888 3659 2996 3714 qua
3042 3652 3271 3714 putatur
3290 3643 3451 3697 aliter
3488 3657 3549 3697 se

1966 3734 2168 3791 babere
2212 3736 2382 3793 Filius
2413 3752 2574 3808 quam
2618 3738 2688 3794 sit
2716 3738 3015 3793 secundum
3048 3746 3299 3792 naturam
3343 3735 3552 3791 Pater?

2037 3827 2099 3883 B.
2129 3827 2295 3896 Nihil,
2326 3838 2386 3884 ut
2410 3844 2554 3898 reor,
2589 3845 2714 3885 cum
2740 3828 3000 3902 'theologi
3044 3843 3153 3885 vox
3203 3829 3551 3899 inexpugna-

1966 3918 2076 3975 bile
2130 3919 2402 3989 quoddam
2466 3920 2801 3976 adversariis
2848 3921 3221 3977 testimonium
3279 3929 3544 3991 opponat.

1967 4011 2348 4068 Verumtamen
2393 4011 2439 4067 si
2489 4012 2705 4067 dicatur
2756 4011 2899 4069 Deus
2945 4028 3109 4068 verus
3158 4012 3365 4077 Filius,
3424 4013 3542 4069 risu

1965 4107 2153 4164 statim
2202 4105 2469 4172 diffluunt,
2512 4107 2776 4180 aiuntque
2811 4125 2917 4164 non
2950 4123 3073 4164 esse
3106 4107 3275 4163 Deum
3328 4109 3548 4179 quidem

1966 4209 2119 4256 certe
2154 4214 2368 4267 verum,
2394 4200 2492 4258 sed
2521 4201 2569 4257 ei
2597 4214 2663 4256 ex
2699 4201 2982 4255 voluntate
3016 4199 3195 4256 Patris
3215 4215 3410 4255 nomen
3441 4208 3549 4255 tra-

1967 4289 2165 4345 ditum.
2199 4288 2346 4347 Dixit
2366 4291 2513 4348 enim
2547 4291 2742 4348 alicubi
2768 4292 2984 4347 divinus
3000 4289 3498 4364 Paulus,inquiunt
3529 4311 3541 4346 :

1972 4394 1992 4429 ι
2029 4376 2176 4434 Deus
2192 4378 2453 4435 exaltavit
2486 4379 2656 4445 illum,
2682 4388 2738 4433 et
2766 4378 2992 4435 donavit
3033 4378 3112 4433 illi
3149 4392 3349 4434 nomeu
3402 4379 3546 4448 quod

1889 4505 1937 4562 D
1964 4475 2049 4524 est
2077 4484 2240 4539 super
2267 4484 2431 4526 omne
2472 4485 2669 4525 nomen
2705 4470 2771 4525 ⁸⁸.
2808 4489 2827 4522 ι

2034 4559 2099 4615 Α.
2132 4559 2324 4614 Datum
2356 4573 2479 4616 esse
2510 4560 2727 4628 quidem
2768 4561 2818 4615 ei
2851 4575 3045 4616 nomen
3094 4563 3238 4631 quod
3269 4569 3356 4616 est
3384 4574 3550 4630 super

1964 4663 2126 4705 omne
2170 4664 2403 4715 nomen,
2461 4665 2546 4706 me
2584 4664 2800 4720 quoque
2845 4652 3124 4707 dicturum
3178 4651 3324 4708 scias
3360 4651 3544 4706 velim.

1966 4743 2141 4801 Stulte
2191 4745 2340 4803 enim
2394 4758 2695 4817 repugnare
2730 4745 2867 4801 velle
2919 4745 3303 4818 theologorum
3347 4746 3542 4809 dictis,

1963 4852 2069 4893 non
2089 4836 2277 4908 utique
2305 4852 2455 4894 sanae
2486 4837 2685 4893 mentis
2708 4877 2725 4904 ,
2758 4836 2854 4894 sed
2894 4845 3088 4893 emota:
3116 4837 3297 4908 potius
3324 4845 3380 4893 et
3401 4846 3546 4892 atto-

1963 4927 2089 4983 nitae
2141 4928 2473 4985 imbecillum
2521 4938 2772 4985 conatum
2812 4942 2935 4983 csse
2971 4942 3117 4984 reor.
3154 4924 3541 4985 Verumtamen

1965 5019 2399 5076 adversariorum
2442 5020 2854 5091 propensionem
2890 5020 2944 5075 in
2995 5035 3245 5076 errorem
3278 5021 3538 5084 admiror,

1963 5110 2054 5180 qui
2106 5126 2326 5166 causam
2372 5127 2473 5166 cur
2526 5113 2710 5168 datum
2756 5112 2862 5178 sit,
2914 5113 3054 5168 nein
3098 5113 3340 5168 animum
3374 5111 3539 5184 485

1966 5203 2181 5272 quidem
2212 5204 2469 5261 inducere
2503 5204 2716 5270 volunt,
2747 5205 2841 5260 sed
2884 5217 2950 5261 ex
2982 5203 3206 5276 syllabis
3234 5212 3291 5258 et
3313 5205 3540 5260 vocibus

1964 5302 2075 5348 tam
2102 5295 2260 5351 avide
2286 5304 2505 5368 captant
2540 5306 2595 5352 et
2621 5296 2894 5368 arripiunt
2927 5297 3291 5367 quodcunque
3321 5294 3540 5351 videtur

1965 5383 2084 5439 Filii
2114 5386 2304 5442 honori
2337 5397 2393 5442 et
2416 5387 2603 5458 gloriae
2630 5387 2994 5451 contrarium,
3044 5394 3104 5440 ut
3152 5384 3292 5441 nibil
3334 5385 3535 5443 melius

1962 5486 2173 5546 putent,
2201 5478 2449 5548 quamvis
2496 5487 2709 5553 tempus
2731 5494 2838 5551 quo
2872 5480 3057 5535 datum
3100 5486 3190 5535 est
3246 5493 3356 5535 non
3381 5479 3530 5533 aliud

1962 5567 2119 5624 nobis
2144 5567 2401 5629 divinitus
2425 5570 2605 5629 afflata
2635 5570 2918 5643 Scriptura
2941 5569 3182 5638 deliniat,
3200 5583 3363 5640 quam
3403 5569 3540 5626 illud

353 5742 578 5802 σὺὖοειιι.
617 5762 672 5816 v,
700 5744 801 5813 263
837 5760 910 5814 vr,
943 5744 1032 5802 58.
1104 5744 1158 5777 ⁸⁷
1195 5741 1391 5804 lloan.
1440 5761 1493 5816 v,
1525 5745 1615 5805 20.
1686 5746 1730 5779 ⁸⁸
1769 5744 1997 5820 Philipp.
2030 5763 2087 5819 u,
2127 5747 2181 5806 9.
