3809 6125
261 252 366 309 919
1287 248 1348 303 S.
1386 242 1663 301 CYttlLLl
1701 235 2173 299 ALEXANDmNt
2210 231 2533 292 attentae.
3419 212 3519 270 ⁹2⁴

262 367 425 437 pheta
479 366 718 423 universi
775 366 1109 423 creationem
1164 362 1505 420 manifestius
1557 360 1836 433 explicans
1864 368 1908 425 Α
1936 355 2029 419 τὸς
2067 356 2283 423 γένεσιν
2330 349 2653 421 τρανότερον
2704 338 3109 443 ἔξηΥΟὖΡ-ξνοςο
3153 328 3528 402 &vnum

265 456 533 511 clamabat
572 456 758 512 dicens
800 474 813 510 ε
861 474 881 508 ι
925 455 1184 512 Dominus
1225 455 1317 526 qui
1360 454 1492 511 fecit
1533 463 1735 510 terram
1778 451 1832 505 in
1936 442 2107 513 λέγων
2133 444 2163 495 ὁ
2196 441 2478 511 προφήτης
2514 433 2815 506 Ἱερεμίας·
2847 449 2867 483 ί
2894 419 3530 535 Ῑξυρῑθςὸωήωῖἳῆ*

266 546 582 602 fortitudine
617 562 748 615 sua,
785 546 879 617 qui
913 548 1089 602 erexit
1122 547 1311 603 orbem
1349 556 1619 600 terrarum
1657 543 1711 596 in
1752 554 1836 596 sa·
1937 535 2044 605 γῆν
2085 534 2145 588 ἐν
2176 534 2242 603 τῇ
2275 529 2421 600 ἰσχῦῖ
2461 526 2649 591 αὺτοῦ,
2673 525 2702 578 ὂ
2727 520 3045 593 ἅνθρθωσας
3066 515 3167 587 τὴν
3194 509 3532 619 ῡξκῗυμὲᾞ

267 638 472 709 pientia
511 653 628 706 sua,
665 646 722 695 et
763 639 1048 709 prudentia
1086 652 1185 694 sua
1227 636 1470 693 extendit
1511 634 1708 691 coelum
1729 631 1773 685 ⁸.
1812 648 1832 682 ι
1940 628 2000 681 ἐν
2027 628 2095 695 τῇ
2129 623 2295 694 σοφίᾳ
2325 617 2518 685 αὑτοῦ,
2545 616 2639 670 καὶ
2673 616 2740 686 ’ῑῇ
2788 610 3047 683 φρονήπῑ
3085 606 3258 663 “0²⁰⁰
3300 600 3534 669 *ὕπ’*

1941 714 2034 770 τὸν
2063 714 2312 785 οὐρανόν.
2345 730 2365 764 ι

340 811 408 866 A.
449 809 586 877 Quid
626 809 788 866 vero?
826 825 1007 867 nonne
1049 825 1173 868 eum
1215 809 1483 880 sapientia
1524 817 1582 864 et
1623 806 1840 862 sortitu·
2014 807 2080 861 A.
2110 805 2177 858 Τί
2202 803 2289 866 δὲ;
2312 801 2432 872 οὐχι
2460 798 2623 872 σοφίᾳ
2642 812 2702 851 τε
2729 793 2825 848 καὶ
2860 790 3004 862 ίσχύῖ
3031 790 3128 844 καὶ
3151 786 3265 860 μὴν
3287 786 3389 840 καί
3409 801 3539 857 φρο-

273 901 421 968 dine‚
447 901 689 972 adeoque
713 899 809 955 Dei
840 901 1126 972 prudentia
1151 897 1337 959 oreat'a
1361 914 1484 956 esse
1507 906 1701 954 cuncta
1728 911 1844 950 ma·
1945 894 2251 970 νήσειΘεοῦ
2268 890 2599 946 saetosam&
2611 889 2789 943 πάντα
2804 881 3102 956 διαρρήδην
3129 881 3272 953 ημῖν
3297 876 3541 980 titana:

273 991 468 1050 niseste
511 990 716 1049 scribat
755 990 1058 1049 Ieremias?
1093 990 1288 1048 Omnia
1327 1006 1426 1061 per
1462 989 1658 1045 Filium
1702 986 1845 1041 sacta
1949 974 2142 1059 φοντος
2181 985 2404 1039 Ἡσαΐου
2431 978 2824 1055 [γρ.·1ερεμίου
2845 975 2888 1048 ],
2920 976 3099 1030 πάντα
3141 972 3236 1026 διὰ
3282 987 3383 1025 τον
3409 968 3541 1023 Thu

275 1097 395 1140 esse
427 1080 563 1137 dicit
594 1082 814 1152 sapiens
845 1080 1102 1138 «loannes.
1145 1100 1165 1135 ι
1205 1078 1398 1136 Omnia
1430 1079 1606 1145 enim,
1640 1074 1846 1146 inquit,

274 1189 373 1242 per
415 1173 587 1242 ipsum
627 1170 771 1229 lacta
810 1180 967 1239 sunt.
1007 1180 1062 1228 et
1099 1172 1217 1228 sine
1253 1172 1371 1240 ipso
1405 1169 1605 1225 lactum
1641 1174 1728 1223 est
1762 1164 1849 1220 ni·

277 1266 352 1321 hi!
377 1270 415 1321 ⁸.
461 1286 479 1319 ι

350 1358 413 1413 Β.
452 1358 649 1414 Etiam.
682 1356 821 1424 Quid
857 1370 989 1427 ergo
1018 1355 1161 1411 istud
1196 1354 1297 1411 sibi
1326 1352 1482 1409 vult?

349 1449 416 1504 A.
458 1448 664 1519 Nempe
708 1447 931 1511 Filium.
976 1460 1099 1501 cum
1144 1445 1220 1501 sit
1264 1443 1532 1515 sapientia
1578 1449 1638 1497 et
1682 1439 1856 1494 virtus

282 1540 459 1596 Patris
480 1542 528 1606 ⁷,
560 1540 716 1596 nobis
745 1537 1150 1594 manifestatum
1179 1551 1321 1593 esse.

351 1632 412 1686 B.
453 1631 733 1698 Quomodo
760 1646 888 1686 vere
915 1639 1008 1686 aut
1040 1630 1184 1685 unde
1214 1627 1317 1684 hoc
1349 1625 1620 1682 dubium?

1950 1078 2203 1149 γενέσθαι
2234 1074 2445 1148 φησὶνό
2466 1070 2630 1142 σοφὸς
2654 1070 2932 1138 Ἰωάννης;
2969 1085 2989 1119 ι
3016 1064 3207 1120 Πάντα
3238 1060 3379 1135 γάρ,
3414 1058 3543 1132 ἔφη,

1950 1171 2017 1225 δι’
2047 1167 2213 1224 αὑτοῦ
2246 1166 2485 1237 ἐγένετο,
2518 1162 2615 1219 καὶ
2642 1160 2811 1234 χωρίς
2848 1156 3015 1213 αὐτοῦ
3054 1154 3285 1226 ἐγένετο
3309 1149 3488 1206 οὐδὲν.
3513 1167 3537 1204 a

2025 1363 2088 1418 Β.
2127 1361 2257 1415 Ναί.
2283 1357 2352 1416 Τί
2384 1353 2479 1413 οὖν
2510 1354 2670 1411 τοῦτό
2700 1371 2803 1423 γε;

2028 1455 2095 1509 Δ.
2134 1453 2257 1507 Ὀτι
2287 1445 2451 1520 σοφία
2483 1448 2580 1503 καὶ
2612 1445 2844 1515 δύναμις
2870 1441 2947 1496 ὢν
2975 1440 3069 1496 τοῦ
3101 1437 3247 1496 Θεοῦ
3296 1436 3398 1494 καὶ
3433 1436 3545 1493 Πα-

1956 1544 2085 1618 τρδς
2113 1544 2142 1597 ό
2171 1541 2304 1606 Υίδς
2324 1542 2459 1611 ἡμῖν
2486 1537 2884 1606 ἀναπέφανται.

2032 1636 2095 1689 Β.
2134 1633 2260 1697 Πῶς
2289 1632 2420 1703 γὰρ,
2451 1632 2486 1702 ἢ
2514 1629 2679 1685 πόθεν
2708 1626 2870 1681 τοῦτο
2892 1624 3248 1698 ἀμφίλογονς

350 1724 418 1778 Α.
457 1723 603 1779 Cedo
646 1724 849 1793 itaque,
892 1730 1072 1776 utrum
1119 1719 1322 1777 Filium
1363 1718 1420 1773 in
1466 1714 1755 1787 sapientia,
1799 1721 1854 1769 et
1887 1723 1931 1779 Β
2024 1726 2091 1780 Α,
2131 1721 2362 1786 oenum
2395 1720 2496 1790 ἆγε
2547 1719 2613 1791 δὴ
2665 1718 2895 1789 φράσον,
2927 1716 3139 1788 πότερα
3189 1716 3288 1770 τὸν
3317 1714 3450 1769 Υίδν
3487 1713 3544 1766 ἐν

284 1814 566 1885 prudentia
603 1829 670 1869 ac
701 1814 903 1869 virtute
938 1812 1115 1868 Patris
1149 1819 1391 1868 creatum
1431 1823 1572 1875 esse,
1605 1818 1699 1863 aut
1734 1806 1856 1861 sine

283 1906 544 1977 sapientia
564 1946 580 1972 ,
617 1905 902 1977 prudentia
933 1918 998 1962 ac
1029 1904 1229 1960 virtute
1261 1899 1604 1959 statuamus?
1633 1899 1855 1955 Factum

285 1996 430 2051 euim
459 2010 579 2051 esse
607 1996 776 2050 aiunt.

358 2085 421 2141 Β.
462 2084 625 2155 Atqui
655 2085 816 2155 plane
843 2085 986 2141 istud
1017 2085 1259 2156 ineptum
1289 2092 1393 2140 est.
1421 2081 1541 2139 Non
1569 2080 1715 2139 enim
1744 2088 1861 2136 erat

288 2176 505 2247 quando
533 2176 654 2231 sine
678 2176 945 2246 sapientia
972 2185 1027 2232 et
1054 2177 1258 2232 virtute
1287 2182 1406 2231 erat
1432 2175 1615 2231 Pater.

357 2270 425 2323 A.
458 2268 634 2331 ‚Recte
673 2268 811 2324 dieis
846 2285 863 2324 ε
902 2276 954 2324 te
987 2268 1133 2324 enim
1170 2277 1319 2324 recta
1351 2278 1407 2323 et
1435 2281 1592 2337 aequa
1625 2266 1862 2322 sentien-

291 2368 399 2415 tem
439 2357 688 2414 laudabo.
724 2358 924 2416 Verum
968 2358 1098 2429 quid
1140 2360 1208 2414 ad
1250 2361 1366 2414 haee
1405 2358 1623 2425 dicent,
1667 2355 1759 2426 qui
1804 2357 1861 2412 in

290 2458 664 2506 creaturarum
691 2464 975 2505 numerum
1000 2448 1199 2505 Filium
1223 2450 1612 2506 conscribunt?
1636 2447 1692 2503 Si
1718 2447 1863 2504 enim

291 2556 508 2612 semper
531 2540 750 2612 quidem
780 2555 886 2597 non
917 2551 1057 2610 erat,
1084 2551 1139 2598 et
1168 2543 1286 2613 lege
1315 2555 1596 2610 creaturae,
1628 2550 1882 2612 tempore·

293 2633 349 2689 in
374 2642 554 2689 ortum
582 2633 812 2689 eductus
838 2642 952 2697 est,
977 2634 1231 2703 quamvis
1258 2634 1331 2690 sit
1360 2634 1655 2703 sapientia,
1681 2641 1737 2688 et
1758 2632 1867 2688 vir-

296 2735 406 2794 tus,
434 2731 491 2781 et
518 2724 803 2796 prudentia
831 2725 904 2781 sit
928 2722 1129 2793 Patris»,
1158 2723 1377 2782 Patrem
1406 2734 1531 2782 ante
1556 2725 1732 2795 ipsum
1757 2724 1868 2780 vir-

297 2825 443 2881 tute,
474 2827 534 2873 et
561 2817 826 2887 sapientia
847 2856 864 2883 .
895 2825 951 2873 et
982 2816 1272 2888 prudentia
1304 2832 1495 2874 carere
1528 2817 1866 2885 fatebuntur,

296 2909 701 2978 coneedentque
734 2909 935 2964 factum
969 2924 1092 2967 esse
1127 2908 1321 2965 Filium
1358 2910 1477 2965 sine
1509 2907 1779 2980 sapientia
1813 2917 1870 2964 et

1961 1815 2123 1886 σοφίᾳ
2146 1813 2243 1868 καὶ
2272 1810 2489 1867 συνέσει
2518 1810 2615 1863 καὶ
2641 1807 2871 1879 δυνάμει
2897 1804 2992 1860 τοῦ
3023 1805 3245 1877 Πατρός
3271 1801 3536 1875 παρῆχθαι

1961 1906 2096 1976 πρὸς
2126 1902 2381 1975 ὓπαρξιν,
2417 1902 2586 1974 ᾖγουν
2615 1900 2832 1969 ἀσόφως
2878 1915 2939 1951 τε
2989 1897 3087 1952 καὶ
3136 1895 3403 1960 ἀσυνέτως
3439 1893 3534 1949 καὶ

1960 1977 2203 2057 ἀσθενῶς
2231 1990 2552 2064 ἣγοόμεθα;
2590 1986 2825 2061 Γενητδν
2857 1987 2962 2059 γὰρ
2989 1982 3135 2042 εἶναί
3163 2001 3310 2058 φασι.

2032 2087 2094 2143 Β.
2136 2084 2249 2139 Καὶ
2275 2085 2382 2155 μὴν
2410 2081 2568 2137 τοῦτό
2596 2082 2661 2152 γέ
2685 2084 2803 2136 ἐστι
2835 2080 3185 2135 παντάπασιν
3213 2076 3452 2151 ἀμαθὲς.
3474 2076 3552 2131 Oi»

1962 2177 2072 2248 γὰρ
2103 2172 2172 2249 ἦν
2197 2176 2286 2230 ὅτε
2316 2175 2508 2245 σοφίας
2532 2170 2599 2245 ἦν
2622 2173 2744 2244 δίχα
2767 2173 2861 2227 καὶ
2884 2171 3180 2243 δυνάμεως
3203 2171 3235 2224 δ
3261 2170 3477 2241 Πατήρ.

2035 2271 2101 2325 Α.
2141 2262 2216 2323 Εὖ
2260 2268 2461 2336 λέγεις.
2480 2265 2871 2336 Ἐπαινέσομαι
2906 2263 3017 2336 γὰρ
3048 2258 3168 2330 οὖν,
3201 2260 3345 2334 ὸρθά
3374 2262 3470 2316 καὶ
3494 2259 3561 2314 δὶ-

1966 2360 2102 2415 καιά
2131 2375 2192 2414 σε
2219 2361 2439 2431 φρονεῖν
2461 2356 2757 2430 ᾑρημένον.
2775 2354 2938 2408 Ἀλλὰ
2960 2352 3017 2408 τί
3040 2353 3186 2426 πρὸς
3214 2351 3400 2408 ταῦτα
3420 2354 3566 2422 φαῖεν

1968 2452 2037 2507 ἂν
2087 2452 2138 2505 οἱ
2185 2453 2299 2515 τοῖς
2341 2451 2587 2520 γενητοῖς
2633 2446 2944 2519 ἐναρίθμιον
2983 2445 3456 2517 καταγράφοντες
3487 2445 3560 2499 dr

1968 2541 2132 2609 Υίόν;
2175 2541 2239 2596 Εί
2293 2540 2403 2612 γὰρ
2448 2536 2515 2611 ἦν
2556 2540 2654 2609 μὲν
2698 2540 2797 2593 οὐκ
2841 2539 2949 2602 ἀεὶ,
2999 2536 3159 2608 νόμῳ
3205 2536 3267 2591 δὲ
3315 2536 3560 2600 κτίσεως,

1967 2636 2146 2707 χρόνῳ
2176 2632 2436 2704 παρήχθη
2466 2631 2603 2703 πρὸς
2641 2629 2895 2703 ὕπαρξιν,
2924 2630 3101 2684 καίτοι
3140 2630 3339 2701 σοφία,
3364 2628 3460 2686 καὶ
3481 2627 3564 2683 δῦ·

1968 2746 2158 2802 ναμις,
2184 2726 2278 2783 καὶ
2302 2725 2518 2791 σύνεσις
2545 2725 2621 2780 ὢν
2656 2724 2751 2779 τοῦ
2785 2723 3021 2797 Πατρὸς,
3051 2723 3267 2796 ἀσθενῆ
3293 2725 3394 2779 καὶ
3413 2719 3560 2779 &aab

1971 2838 2081 2888 κιν,
2129 2819 2331 2891 ἀσοφόν
2374 2833 2437 2872 τε
2487 2819 2583 2872 καὶ
2630 2816 2913 2882 ἀσύνετον,
2949 2815 3395 2889 ὁμολογήσουσιν
3431 2809 3562 2870 εἶναι

1972 2912 2079 2985 πρὸ
2123 2909 2288 2965 αὑτοῦ
2332 2908 2423 2963 τὸν
2458 2908 2704 2980 Πατέρα,
2737 2905 3132 2980 περιποιῆσθαί
3193 2906 3305 2979 [w.
3333 2904 3554 2976 πεκοιῆ·

297 3001 522 3068 virtute,
550 3001 676 3057 licet
703 3001 967 3058 mirandis
997 3002 1213 3059 dotibus
1240 3000 1652 3067 circumfusum,
1681 3015 1785 3058 uec
1813 3000 1868 3055 in
1976 3001 2119 3077 σθαί]
2139 3018 2200 3055 τε
2238 3000 2471 3055 δώσουσι
2499 3000 2592 3054 τὸν
2617 2999 2747 3053 Υίὸν
2778 2999 2999 3070 ἀσόφως
3037 3014 3100 3052 τε
3135 2999 3243 3053 καὶ
3271 2997 3542 3070 ἀνάνδρως,

300 3103 563 3150 creaturae
597 3095 932 3162 conditione,
974 3096 1068 3151 sed
1110 3085 1525 3166 incomparabili
1565 3093 1871 3165 superemi-
1897 3066 1947 3129 c
1974 3095 2154 3152 καίτοι
2185 3091 2427 3164 πλουσίῳ
2450 3091 2837 3163 περιχεόμενον
2863 3088 3123 3160 Θαύματι,
3152 3090 3256 3144 καὶ
3281 3090 3382 3145 οὑκ
3399 3081 3545 3153 hale

301 3187 486 3241 nentia
508 3186 764 3256 positum.
791 3185 944 3254 Quod
971 3188 1041 3254 si,
1066 3188 1240 3244 cuivis
1265 3202 1411 3243 sanae
1437 3187 1636 3243 mentis
1664 3186 1875 3243 ridiculi

303 3293 427 3332 cum
456 3278 587 3345 sint,
618 3276 816 3348 rejecta
843 3279 1028 3350 putida
1054 3280 1405 3350 blasphemia,
1428 3280 1602 3350 ipsum
1626 3280 1790 3336 etiam
1822 3279 1875 3335 in

305 3367 573 3435 sapientia
599 3379 656 3424 et
683 3369 885 3425 virtute
913 3369 1088 3425 Patris
1114 3371 1432 3439 productum
1460 3379 1669 3441 putant,
1693 3384 1881 3426 neces-

305 3460 452 3516 sario
474 3459 748 3518 fatendum
775 3470 857 3518 est
877 3461 1048 3533 ipsum
1074 3462 1254 3533 seipso
1279 3464 1491 3520 tandem
1515 3463 1878 3535 antiquiorem

307 3552 454 3620 sore,
481 3568 547 3609 ac
576 3562 840 3624 praeterea
875 3554 1148 3624 opisscem.
1181 3553 1435 3610 Condidit
1467 3555 1612 3610 enim
1643 3556 1880 3625 seipsum

309 3642 477 3698 Filius
495 3685 511 3712 ,
563 3644 829 3714 siquidem
850 3684 865 3710 ‚
914 3659 1037 3700 cum
1091 3654 1238 3702 esset
1284 3647 1400 3715 ipse
1442 3646 1622 3702 onmis
1666 3647 1883 3717 sapien-

311 3737 384 3790 tia
438 3745 492 3792 et
538 3736 713 3792 virtus
763 3734 974 3801 Patris,
1029 3737 1084 3791 in
1116 3738 1315 3792 virtute
1352 3752 1449 3793 sua
1505 3744 1562 3792 et
1620 3737 1882 3807 sapientia

309 3826 485 3882 sactus
524 3835 626 3882 est.
680 3825 938 3896 intelligis
985 3841 1115 3898 ergo
1168 3842 1275 3898 quo
1328 3836 1487 3900 pacto
1538 3829 1776 3900 undique
1827 3829 1882 3884 in

312 3917 603 3972 absurdum
635 3926 757 3972 ruat
780 3917 990 3974 oratio?

379 4093 441 4147 B.
483 4091 559 4148 lta
590 4107 833 4164 prorsus.

380 4185 447 4241 A.
488 4185 661 4241 Aliter
681 4201 894 4259 quoque
918 4202 1023 4244 nec
1048 4186 1221 4243 multo
1249 4202 1372 4243 cum
1402 4187 1600 4245 sudore
1625 4189 1885 4244 stultissi-

310 4292 458 4332 mum
487 4291 674 4332 eorum
706 4292 828 4333 esse
855 4280 1049 4351 dogma
1079 4280 1417 4335 ostendetur.
1445 4280 1560 4352 Age
1587 4279 1762 4347 enim,
1792 4281 1886 4337 Dei

311 4378 584 4435 naturam,
617 4378 876 4438 quantum
915 4384 1110 4440 capere
1144 4368 1308 4442 540
1338 4380 1524 4427 noster
1555 4381 1730 4442 potest
1765 4373 1887 4428 ani-

313 4475 462 4522 mus.
491 4460 805 4525 metientes,
834 4475 986 4530 quae,
1017 4469 1071 4516 et
1103 4470 1307 4531 quanta
1339 4461 1440 4527 sit,
1473 4471 1531 4519 et
1555 4476 1807 4532 quaenam
1837 4467 1887 4520 ei

311 4552 642 4607 conveniant
664 4562 1090 4622 perscrutemur,
1116 4554 1311 4609 amice.
1335 4553 1530 4611 Utrum
1555 4571 1744 4614 creare
1767 4571 1888 4613 cre-

314 4643 491 4698 dimus
534 4657 752 4700 eausam
801 4644 1099 4701 exsistendi
1155 4646 1320 4702 rebus
1386 4647 1544 4704 factis
1601 4648 1888 4705 tribuendo

315 4735 456 4803 quod
482 4749 575 4792 eas
598 4750 720 4793 esse
742 4737 892 4804 velit,
917 4738 1312 4807 annuendoque
1337 4738 1509 4796 solum
1538 4748 1595 4794 ut
1621 4742 1888 4797 exsistant

315 4841 376 4881 ea
416 4841 534 4895 quae
574 4827 866 4898 aliquando
903 4843 1010 4885 non
1047 4838 1223 4892 erant.
1263 4838 1424 4900 atque
1465 4831 1538 4885 ita
1577 4835 1885 4888 universam

316 4929 597 4984 permeare
656 4927 999 4986 creaturam;
1052 4935 1119 4973 an
1175 4919 1587 4977 instrumentale
1641 4921 1889 4978 ministe-

316 5004 457 5059 rium
502 5004 778 5073 habendo,
814 5016 871 5062 et
912 5024 942 5062 a
985 5009 1281 5066 mediatore
1326 5010 1691 5067 necessarium
1726 5011 1890 5069 veluti

319 5097 620 5153 subsidium
670 5098 953 5166 capiendo,
998 5103 1448 5172 quemadmodum
1496 5103 1541 5159 si
1586 5105 1708 5175 quis
1750 5105 1887 5174 lapi·

321 5194 448 5244 dnm
477 5189 733 5261 scalptori
763 5202 961 5260 praesto
991 5208 1115 5251 esse
1142 5196 1286 5252 dicat
1313 5211 1375 5251 ea
1409 5211 1505 5267 per
1528 5213 1650 5267 quae
1682 5197 1889 5268 lapides

321 5280 563 5340 incidere
593 5293 747 5339 etex
783 5294 900 5339 arte
933 5299 1029 5340 sua
1063 5288 1229 5357 possit
1268 5287 1522 5358 operari?

393 5459 454 5514 Β.
494 5458 567 5515 At
616 5462 772 5530 quis,
831 5463 1027 5519 amabo
1076 5472 1160 5529 te,
1217 5467 1495 5536 negaverit
1542 5481 1729 5521 creare
1773 5466 1891 5522 solu

397 5636 418 5670 ⁸
446 5635 647 5694 ierem.
680 5655 733 5707 x,
778 5638 860 5696 12.
937 5641 957 5675 ⁸
993 5640 1151 5701 Joan.
1189 5659 1230 5708 ι,
1261 5644 1313 5698 ’5.
1391 5645 1408 5675 ⁷
1447 5641 1466 5697 l
1500 5642 1625 5700 Cor.
1662 5660 1700 5711 ι,
1734 5644 1825 5702 2t.

1976 3190 2010 3260 ἠ
2044 3187 2244 3253 κτίσις,
2280 3184 2396 3241 ἀλλ’
2426 3186 2484 3239 ὲν
2527 3184 2878 3256 ἀσυγκρίτοις
2917 3184 3048 3238 ὄντα
3093 3187 3224 3249 ταῖς
3258 3184 3558 3257 ὑπεροχαῖς.

1976 3281 2041 3336 Εἰ
2061 3281 2120 3334 δὲ
2146 3279 2212 3351 δὴ
2237 3277 2699 3351 καταμιιδιῶντος
2722 3276 2902 3330 αὐτῶν
2926 3276 3150 3344 παντὸς,
3179 3271 3367 3348 οῐμαι,
3395 3276 3566 3346 λόγου,

1975 3371 2039 3425 τὸ
2060 3372 2160 3443 τῆς
2183 3368 2491 3440 δυσφημίας
2524 3364 2711 3439 αἶσχος
2737 3367 2993 3439 παρωθού
3001 3385 3182 3440 μενοι,
3209 3368 3311 3423 καὶ
3338 3369 3502 3425 αὐτὸν
3519 3368 3570 3423 ἐν

1981 3463 2144 3534 σοφίᾳ
2162 3462 2255 3516 καὶ
2279 3460 2507 3530 δυνάμει
2528 3458 2624 3513 τοῦ
2646 3460 2862 3531 Πατρδς
2894 3459 3181 3533 παρῆχθαί
3200 3460 3350 3533 πρὸς
3369 3462 3575 3532 γόησιν

1979 3554 2181 3608 οἴονται
2220 3554 2352 3618 δεῖν,
2392 3554 2684 3621 ἀναγκαῖον
2719 3553 3022 3623 ὁμολογεῖν,
3044 3552 3121 3616 ὡς
3169 3552 3342 3617 αὐτὸς
3388 3550 3578 3610 ἑαυτοῦ

1981 3644 2351 3719 πρεσδύτερος
2398 3643 2550 3697 ἔσται
2582 3643 2788 3709 λοιπὸν,
2818 3644 2909 3697 καὶ
2956 3644 3094 3714 πρός
3134 3660 3204 3713 γε
3243 3645 3454 3717 τούτῳ,
3491 3645 3580 3716 δη-

1986 3734 2261 3807 μιουργός.
2281 3735 2585 3806 ’Υπέστησε
2615 3735 2723 3806 γὰρ
2753 3733 2944 3788 ἑαυτὸν
2972 3737 3001 3788 ό
3025 3734 3176 3802 Υίδς,
3215 3735 3388 3810 είπερ
3422 3737 3579 3802 αὐτὸς

1983 3827 2058 3881 ὢν
2087 3828 2121 3899 ἡ
2146 3829 2295 3882 πᾶσα
2323 3828 2484 3895 σοφία
2509 3828 2604 3882 καὶ
2628 3829 2662 3900 ἡ
2692 3826 2921 3898 δύναμις
2947 3827 3042 3880 τοῦ
3071 3828 3319 3901 Πατρὸς,
3344 3830 3409 3883 ὲν
3427 3828 3576 3885 δυνά-

1988 3937 2079 3991 μει
2121 3921 2188 3991 τῇ
2223 3917 2419 3973 ἑαυτοῦ
2445 3920 2542 3973 καὶ
2588 3919 2751 3993 σοφίᾳ
2792 3921 3007 3989 γέγονε.
3040 3919 3246 3989 Συνίης
3279 3914 3404 3987 οὖν,
3434 3920 3563 3983 m

1986 4015 2234 4084 πανταχῆ
2264 4014 2532 4084 καταρρεῖ
2561 4013 2699 4085 πρὸς
2725 4013 2787 4067 τὸ
2814 4013 3043 4077 ἀκαλλὲς
3070 4015 3100 4068 ό
3133 4012 3336 4082 λόγος;

2057 4104 2119 4156 Β.
2161 4102 2273 4156 Καὶ
2303 4100 2467 4156 πάνυ.

2057 4192 2124 4249 Δ.
2166 4193 2564 4265 Παραδειχθείη
2591 4192 2637 4247 δ’
2670 4192 2736 4247 ἂν
2765 4194 2828 4247 οιί
2858 4192 2954 4246 σὺν
2988 4192 3176 4264 ίδρῶτι
3230 4192 3444 4265 πολλῷ,
3488 4192 3575 4248 καὶ

1989 4283 2111 4339 καθ’
2134 4283 2323 4356 ἕτερον
2350 4285 2548 4356 τρόπον
2588 4283 2793 4354 ἠλίθιον
2820 4282 3016 4354 κομιδῇ
3053 4281 3115 4335 τὸ
3147 4282 3331 4352 δόγμα
3369 4283 3571 4347 αὐτοῖς.

1991 4375 2129 4449 Φέρε
2173 4378 2282 4449 γὰρ
2329 4375 2413 4447 δὴ,
2443 4376 2543 4446 τὴν
2584 4375 2679 4428 τοῦ
2712 4374 2848 4429 Θεοῦ
2876 4375 3036 4445 φύσιν
3059 4376 3181 4437 ταῖς
3202 4374 3576 4448 europeam<

1996 4469 2226 4533 ἐννοίαις
2251 4469 2328 4533 ὡς
2357 4470 2435 4523 ἔνι
2473 4469 2958 4542 διαμετρήσαντες,
2988 4469 3070 4533 τίς
3119 4468 3185 4542 δὴ
3231 4471 3330 4524 καὶ
3380 4470 3572 4541 ὁπόση,

1998 4560 2253 4633 nataae-:9
2276 4561 2341 4615 ἂν
2370 4561 2507 4634 αὐτῇ
2532 4561 2753 4633 πρέποι,
2785 4559 3360 4634 πολυπραγμονῶμεν,
3391 4554 3441 4615 ὦ
3461 4563 3574 4617 τᾶν.

1997 4653 2207 4724 Πότερα
2249 4652 2305 4706 δὲ
2337 4653 2535 4726 χρῆναι
2562 4652 2916 4725 δημιουργεῖν
2946 4652 3300 4724 πιστεύομεν,
3326 4651 3578 4726 ἀφορμὴν

1996 4743 2075 4804 είς
2103 4741 2330 4814 ὓπαρξιν
2355 4745 2469 4808 τοῖς
2493 4747 2743 4814 γενητοῖς
2764 4743 2827 4797 τὸ
2850 4740 2989 4798 εῖναι
3019 4744 3195 4798 θέλειν
3221 4744 3370 4799 αὐτὰ
3406 4742 3578 4799 διανί-

1999 4848 2225 4903 μουσαν,
2259 4834 2352 4886 καὶ
2375 4833 2435 4886 τὸ
2461 4832 2567 4886 δεῖν
2596 4833 2833 4904 ὑπάρξαι
2863 4834 3020 4904 μόνον
3042 4835 3154 4897 τοῖς
3176 4833 3279 4887 οὐκ
3302 4828 3426 4888 οὖσί
3453 4846 3577 4887 ποτε

1998 4922 2422 4990 κατανεύουσαν,
2454 4924 2829 4996 διαπεραίνειν
2861 4941 2919 4978 τε
2948 4925 3090 4979 οὕτω
3134 4923 3234 4996 τὴν
3284 4924 3580 4996 σύμπασαν

1998 5015 2198 5078 κτίσιν,
2238 5016 2406 5087 ἤγουν
2453 5017 2759 5090 ὑπηρεσίαν
2788 5018 2978 5089 ἔχοντα
3002 5018 3101 5090 τὴν
3129 5018 3460 5090 ὀργανικὴν,
3489 5015 3579 5073 καὶ

1995 5107 2094 5177 τὴν
2125 5109 2189 5160 ὲκ
2233 5108 2328 5161 τοῦ
2375 5109 2748 5179 μεσιτεύοντος
2791 5111 3110 5181 ἐπικουρίαν
3151 5111 3230 5174 ὡς
3269 5110 3578 5181 ἀναγκαίαν

1996 5196 2470 5269 παρειλημμένην,
2502 5196 2633 5265 οἷον,
2660 5202 2707 5254 εί
2741 5200 2835 5255 καί
2882 5218 2965 5263 τις
3004 5200 3157 5272 ἀνδρὶ
3183 5199 3486 5274 λιθουργῷ,
3513 5199 3580 5256 τά

1996 5288 2065 5343 δι’
2087 5282 2163 5342 ὧν
2188 5287 2339 5343 ἔσται
2368 5290 2672 5363 λιθουργὸς,
2703 5293 2796 5348 καὶ
2843 5292 3068 5364 ποιητὴς
3093 5286 3168 5346 ὧν
3192 5287 3306 5346 οἶδε
3335 5310 3578 5365 παρατε-

1999 5377 2208 5432 θεῖσθαι
2231 5376 2408 5447 λέγοι;

2069 5469 2130 5522 Β.
2174 5463 2305 5523 Είτα
2344 5470 2445 5537 τίς,
2480 5471 2599 5526 εἰπέ
2635 5490 2746 5544 μοι,
2775 5471 3157 5543 καταρνήσαιτ’
3186 5472 3277 5539 ἂν,
3303 5474 3389 5528 ὅτι
3427 5472 3579 5544 πάμ-
