3809 6125
294 323 405 381 ⁵⁰⁹
1685 336 2131 421 wimannus.

3462 357 3567 414 sto

294 469 370 525 με
401 451 485 506 δεῖ
513 447 715 513 ποιεῖν,
742 446 1046 548 tva-⁶200&
1080 449 1141 501 Οἱ
1182 448 1235 501 δὲ
1266 446 1417 505 εἷπον
1438 469 1451 481 ·
1489 454 1787 510 Πίστευσον
1818 460 1897 522 είς
1925 463 1972 521 Α
2001 459 2253 517 dixerunt
2280 481 2292 517 ε
2321 464 2494 521 Crede
2523 465 2577 521 in
2606 466 2886 526 Dominum
2912 470 3119 538 Iesum,
3145 481 3198 528 et
3226 472 3407 530 salvus
3433 478 3541 533 eris

289 546 390 599 τὸν
430 541 638 615 Κύριον
673 540 905 609 Ἰησουν,
931 538 1028 592 καὶ
1060 540 1283 614 σωθήσῃ
1318 543 1518 607 σὺ,καὶ
1547 546 1574 597 ὁ
1598 539 1746 610 οἶκός
1771 565 1888 600 σου.
1997 563 2050 605 ιιι
2083 560 2135 608 et
2161 554 2353 609 domus
2389 563 2495 610 tua.
2534 555 2603 611 Et.
2635 557 2799 615 locuti
2828 571 2955 617 sunt
3001 564 3050 617 ei
3082 562 3308 619 verbum
3331 515 3565 620 Domini⁹

290 636 412 693 Καὶ
443 632 714 704 ἐλάλησαν
747 628 899 699 αὐτῷ
936 628 1032 682 τὸν
1056 628 1216 699 λόγον
1245 633 1337 686 τοῦ
1369 634 1593 703 Κυρίου,
1629 636 1724 690 σὺν
1756 630 1889 693 πᾶσι
1993 658 2114 697 eum
2146 645 2399 701 omnibus
2426 647 2519 717 qui
2561 659 2721 705 erant
2770 652 2823 706 in
2852 653 3013 709 domo
3064 654 3204 725 ejus.
3252 655 3320 711 Et
3372 607 3566 713 tollens

289 730 413 791 τοῖς
454 727 515 779 ὲν
548 725 615 795 τῇ
671 720 820 791 οἰκίᾳ
849 719 1041 794 αὑτοῦ..
1086 722 1196 777 Καὶ
1234 723 1568 793 παραλαὸὼν
1600 728 1797 791 αὐτοὺς
1831 732 1889 782 ἑν
1991 748 2087 790 eos
2106 734 2159 790 in
2180 735 2267 791 iiia
2291 737 2421 791 liora
2444 739 2642 806 noetiS‚
2660 740 2788 797 lavit
2811 744 2994 816 plagas
3016 760 3203 802 eorum
3248 749 3564 816 etbaptiza·

290 818 484 889 ἐκείνῃ
513 818 581 887 τῇ
608 813 729 885 ὥρᾳ.
759 813 858 882 τῆς
887 811 1104 876 νυκτὸς,
1136 811 1354 867 ἔλουσεν
1383 816 1491 869 ἀπὸ
1510 818 1616 871 τῶν
1644 818 1887 890 πληγῶν,
3212 789 3228 815 ,

291 911 396 965 καὶ
443 906 749 973 &amison
799 903 963 968 αὐτὸς
1008 905 1103 958 καὶ
1145 905 1195 957 oi
1253 906 1417 959 αὐτοῦ
1464 909 1663 973 πάντες
1706 928 1884 982 παρα-

291 1002 508 1075 χρῆμα.
549 996 868 1067 ’Δναγαγών
909 1012 972 1048 τε
1007 996 1207 1059 αὐτοὺς
1248 998 1330 1062 είς
1369 999 1464 1055 τὸν
1500 995 1649 1054 οἷκον
1694 1002 1884 1067 αὑτοῦ,

292 1094 580 1167 παρέθηκε
608 1086 911 1162 τράπεζαν,
958 1088 1054 1142 καὶ
1098 1089 1465 1159 ἠγαλλιάσατο
1501 1094 1753 1147 πανοικεὶ
1785 1112 1886 1147 πε-

293 1183 611 1247 πιστευκὼς
647 1182 729 1253 τῷ
757 1181 898 1253 Θεῷ.
924 1199 945 1233 ι
990 1181 1048 1234 '0
1089 1182 1385 1245 πιστεύσας
1426 1186 1512 1249 εἰς
1541 1185 1633 1238 τὸν
1679 1186 1885 1257 Κύριον

308 1277 541 1349 Ἰησοῦν,
557 1276 703 1332 κατὰ
727 1276 826 1347 τὴν
840 1274 949 1330 τῶν
968 1275 1282 1329 ἀποστόλων
1301 1263 1644 1348 παραίνεσιν,
1672 1278 1747 1343 ὡς
1763 1279 1885 1352 Θεῷ

294 1368 597 1432 πιστεύσας
624 1366 994 1438 ἠγαλλιάσατο
1022 1365 1271 1420 πανοικεὶ
1301 1367 1702 1436 πεπιστευκώς.
1741 1369 1883 1422 Ἀλλ’

293 1462 458 1534 εἴπερ
485 1456 557 1533 ἦν
591 1458 804 1531 ποίημα
836 1459 933 1513 καὶ
963 1458 1166 1529 κτίσμα
1192 1461 1222 1513 ό
1255 1458 1412 1522 Υἱὸς,
1456 1458 1598 1516 κατὰ
1641 1460 1732 1513 τὸν
1759 1460 1885 1513 δυσ-

295 1554 434 1627 σεὸῆ
474 1554 588 1609 τῶν
634 1552 930 1626 αίρετικῶν
980 1552 1155 1621 λόγον,
1197 1550 1338 1605 διατί
1382 1551 1458 1622 μὴ
1500 1550 1640 1623 πρὸς
1684 1551 1884 1619 γνῶσιν

289 1647 472 1720 ἀληθῆ
515 1648 939 1719 χειραγωγεῖται
974 1644 1124 1716 παρὰ
1148 1644 1257 1697 τῶν
1289 1642 1602 1710 ἀποστόλων
1627 1642 1657 1694 ὁ
1687 1643 1884 1715 δεσμο·

291 1740 494 1811 φύλαξ,
533 1738 774 1793 ἀκούων·
807 1738 921 1793 Οὐκ
949 1737 1029 1800 είς
1057 1737 1207 1799 Θεὸν,
1236 1729 1281 1789 ὧ
1306 1730 1481 1801 οὗτος,
1514 1723 1843 1798 Ιὲιιιίστευσας
1864 1773 1879 1799 ,

290 1835 411 1889 ἀλλ’
437 1836 519 1898 εἰς
540 1833 600 1887 ἓν
623 1849 678 1886 τι
706 1831 817 1885 τῶν
847 1830 1168 1901 ποιημάτων
1203 1830 1299 1884 καὶ
1326 1815 1606 1899 γενητῶὶη
1632 1825 1769 1879 Νυνὶ
1797 1824 1876 1888 δὲ,
1918 1797 1958 1851 Β

287 1924 453 1980 τοῦτο
482 1923 583 1995 μὲν
609 1921 854 1984 εἰπόντες
878 1920 936 1974 ού
965 1921 1263 1988 φαίνονται,
1289 1917 1355 1989 ἦν
1379 1920 1437 1972 δὲ
1467 1917 1669 1991 μᾶλλον
1696 1917 1878 1979 αὐτοῖς

289 2019 388 2073 καὶ
442 2016 570 2071 λίαν
616 2013 912 2076 ἅποδεκτὸς
955 2012 1032 2074 ὠς
1083 2010 1280 2081 ἄριστα
1332 2006 1701 2079 διατιθέμενος
1720 2045 1735 2070 ,
1784 2006 1880 2059 καὶ

287 2111 470 2182 ἀληθῆ
511 2108 647 2182 περὶ
662 2107 765 2178 τῆς
796 2105 1028 2167 πίστεως
1048 2103 1146 2172 τὴν
1166 2100 1419 2173 διάληψιν
1441 2100 1603 2172 ἔχων.
1627 2098 1736 2151 Καὶ
1760 2096 1877 2160 πῶς

288 2208 398 2261 οὐκ
424 2204 537 2275 ἠδη
564 2199 734 2255 παντί.
757 2215 833 2270 τῳ
851 2198 1035 2266 σαφὲς,
1062 2194 1292 2258 ὅτιθεὸς
1312 2191 1635 2270 κατὰφύσιν
1652 2191 1681 2243 ὁ
1699 2188 1828 2250 Υἱός
1849 2206 1863 2254 ;

308 2303 379 2355 'u
406 2300 470 2354 δὲ
488 2295 919 2365 τοῦτοὺπίιρχων,
949 2291 1067 2354 πῶς
1095 2292 1161 2346 ἂν
1188 2289 1276 2361 εἴη
1299 2286 1620 2359 κτίσμα-οιαὶ
1637 2284 1886 2353 ποίημα;

633 2393 723 2447 Ἐκ
757 2389 856 2459 τῆς
896 2387 1166 2444 Ἱακώόου
1197 2379 1600 2458 Ἐπιστολῆς.,

387 2530 410 2563 c
453 2506 712 2571 Ἰάκωδος.
747 2503 879 2559 Θεοῦ
912 2505 1004 2559 καὶ
1043 2502 1252 2575 Κυρίου
1285 2501 1461 2573 Ἰησοῦ
1491 2497 1730 2573 Χριστοῦ
1759 2494 1879 2549 δοῦ-

294 2603 419 2667 λος,
447 2602 570 2665 ταῖς
602 2597 805 2653 δώδεκα
837 2597 1034 2668 φυλαῖς
1071 2599 1192 2659 ταῖς
1228 2597 1286 2649 ὲν
1314 2597 1378 2664 τῇ
1417 2592 1715 2663 διασπορᾷ,
1756 2589 1876 2661 χαί-

289 2709 433 2764 ρειν.
462 2710 484 2745 ι
518 2689 653 2745 Θεὸν
674 2687 864 2743 ivea&
894 2687 991 2741 καὶ
1018 2685 1222 2757 Κύριον
1249 2682 1519 2738 ἀποκαλεῖ
1537 2681 1631 2735 τὸν
1670 2678 1875 2750 Ἰησοῦν

279 2782 548 2857 Χριστὸν,
587 2780 745 2838 τοῦτο
771 2779 918 2837 κατὰ
954 2778 1117 2849 φύσιν
1149 2777 1278 2831 δντα
1306 2774 1592 2843 γινώσκων
1618 2772 1717 2842 τῆς
1745 2771 1877 2839 ἀλη-

1995 836 2080 881 tus
2113 837 2200 882 est
2219 828 2355 897 ipse,
2384 837 2438 883 et
2465 834 2642 888 omnis
2661 832 2852 891 domus
2888 838 3005 906 ejus
3029 840 3305 893 continuo.
3325 837 3565 908 Cumque

1992 918 2332 982 perduxisset
2358 938 2451 977 eos
2485 925 2535 980 in
2560 928 2777 982 domum
2811 943 2990 994 snam,
3024 930 3272 1000 apposuit
3296 929 3376 985 eis
3409 944 3563 983 men-

1990 1021 2128 1076 sam,
2165 1019 2219 1064 et
2253 1011 2461 1069 iaetatus
2486 1027 2569 1072 est
2623 1033 2744 1072 cum
2795 1021 2941 1072 omni
2994 1022 3154 1076 domo
3196 1036 3291 1076 sua
3333 1023 3563 1078 credens

1991 1094 2101 1152 Deo
2135 1098 2197 1152 ¹⁸.
2246 1120 2267 1154 ι
2302 1102 2402 1169 Qui
2462 1107 2695 1162 credidit
2726 1109 2777 1162 in
2828 1108 3113 1164 Dominum
3157 1109 3363 1177 Jesum,
3406 1115 3561 1182 Juxta

1987 1192 2352 1257 apostolorum
2386 1196 2813 1253 admonitionem
2837 1239 2853 1265 ,
2906 1208 2964 1253 ut
2997 1200 3106 1255 Deo
3130 1203 3362 1258 eredens
3408 1204 3561 1259 iaeta-

1988 1290 2074 1337 tus
2089 1293 2192 1349 est,
2212 1289 2497 1344 cumomni
2518 1289 2678 1345 domo
2697 1307 2814 1347 sua.
2835 1291 3021 1363 Atqui.
3039 1294 3084 1348 si
3109 1304 3223 1349 erat
3240 1295 3411 1351 Filius
3425 1312 3561 1365 opus

1987 1372 2071 1426 vei
2100 1384 2367 1442 creatura,
2398 1394 2455 1433 ιιι
2482 1382 2725 1439 haeretiei
2760 1383 2925 1453 impie
2956 1386 3271 1453 opinantur,
3327 1402 3426 1442 cur
3450 1404 3557 1441 non

1985 1464 2164 1534 potius
2192 1477 2376 1523 eustos
2409 1475 2647 1529 carceris
2695 1476 2762 1528 ad
2825 1491 3010 1528 veram
3067 1474 3159 1529 Dei
3196 1476 3441 1530 notitiam
3489 1477 3559 1531 ab

1984 1556 2244 1622 apostoiis
2271 1558 2761 1630 amima-uitur,
2792 1574 2848 1620 et
2871 1581 2970 1621 cnr
3007 1583 3111 1621 non
3139 1565 3208 1621 ab
3233 1567 3299 1621 iis
3329 1566 3403 1621 iiii
3431 1568 3559 1623 diei-

1989 1654 2113 1700 tur:
2143 1645 2262 1703 Non
2296 1651 2349 1705 in
2385 1651 2550 1708 Deum
2582 1656 2880 1719 credidisti,
2915 1658 3053 1713 bone
3082 1659 3185 1724 vir,
3228 1659 3326 1714 sed
3374 1659 3426 1713 in
3458 1658 3559 1713 aii·

1986 1750 2145 1805 quam
2172 1751 2476 1797 creaturam
2501 1745 2525 1799 ί
2553 1746 2620 1801 Αι
2654 1763 2787 1804 vero
2819 1764 3163 1820 nequaquam
3193 1749 3244 1805 id
3273 1750 3553 1814 dixerunt,

2000 1828 2129 1897 quin
2174 1831 2353 1899 potius
2386 1844 2573 1903 gratus
2605 1840 2892 1893 aditiodum
2940 1839 3043 1895 iilis
3071 1842 3153 1895 vir
3180 1841 3269 1897 ille
3302 1842 3423 1908 snit,
3466 1851 3555 1896 ut·

1984 1927 2109 1986 pote
2138 1920 2405 1990 sincerus,
2425 1935 2480 1981 et
2506 1942 2688 1981 veram
2710 1928 2778 1983 de
2804 1929 2907 1983 tide
2937 1931 3299 1997 cognitionem
3325 1934 3553 1987 habens.

1986 2006 2083 2062 Cui
2124 2026 2254 2081 ergo
2297 2015 2518 2070 dubium
2576 2032 2695 2073 esse
2744 2028 2922 2089 potest
2969 2019 3167 2076 Filium
3210 2036 3330 2077 esse
3358 2032 3553 2078 <natura

1987 2094 2198 2155 Deum?
2248 2103 2349 2169 Qui
2373 2121 2501 2162 vcro
2549 2108 2692 2164 Deus
2732 2121 2851 2178 est,
2894 2114 3163 2182 quomodo
3209 2114 3278 2171 sit
3305 2129 3441 2185 opus
3472 2116 3555 2171 vet

1979 2200 2227 2245 ereatura
2258 2195 2281 2246 ?
2464 2199 2482 2216 ¹

2476 2388 2562 2443 Ex
2596 2390 2832 2459 Epistola
2865 2392 3075 2449 Jacobi.

2060 2518 2078 2550 ‹
2115 2498 2371 2567 lacobus,
2402 2502 2496 2558 Dei
2551 2515 2606 2560 et
2636 2505 2850 2563 Domini
2903 2506 3025 2563 lesu
3077 2506 3279 2563 Christi
3317 2522 3507 2563 servus
3534 2547 3551 2573 .

1982 2588 2264 2647 duodecim
2292 2593 2538 2650 tribubus
2559 2612 2680 2666 qnae
2725 2608 2851 2654 sunt
2907 2599 2960 2652 in
3003 2599 3360 2669 dispersione,
3405 2598 3555 2653 saiu-

1987 2691 2094 2738 tem
2133 2685 2199 2738 ¹¹.
2244 2704 2262 2737 ι
2326 2686 2424 2743 Hie
2454 2689 2737 2745 manifeste
2780 2690 3058 2746 Christum
3092 2691 3259 2746 Deum
3286 2701 3340 2746 et
3363 2689 3552 2746 Domi·

1985 2790 2113 2829 num
2146 2776 2381 2847 appellat
2420 2781 2670 2836 veritatis
2707 2796 2886 2852 praeeo
2917 2799 2931 2835 ι
2974 2782 3172 2853 quippe
3202 2783 3294 2852 qui
3333 2783 3435 2841 boe
3468 2783 3550 2853 ip·

279 2876 439 2943 0⁵1⁸<
472 2877 504 2931 ὅ
535 2872 732 2949 κῆρυξ·
758 2874 871 2929 Καὶ
913 2872 1032 2937 πῶς
1057 2872 1136 2935 εἰς
1160 2868 1411 2924 τοσοῦτον
1438 2860 1873 2938 ἁπθθρασύνεταῑ
1982 2885 2100 2925 sum
2128 2880 2321 2925 natura
2361 2886 2485 2928 esse
2515 2873 2740 2929 sciebat.
2778 2876 2847 2929 Αι
2874 2890 2980 2944 quo
3006 2883 3164 2945 paeto
3208 2868 3447 2933 baeretici
3484 2889 3551 2930 eo

274 2972 392 3028 τῶν
432 2968 889 3043 ἑτεροδοξούντων
935 2968 964 3021 ό
995 2965 1154 3033 νοῦς,
1203 2966 1279 3029 ὡς
1324 2964 1417 3017 τὸν
1461 2960 1634 3024 οὕτως
1680 2958 1872 3031 ἔχοντα
1903 2995 1943 3054 C
1983 2963 2207 3019 insaniae
2238 2978 2300 3019 at·
2344 2966 2632 3021 dementiae
2672 2976 3075 3038 proruperunt..
3136 2976 3191 3021 ut
3233 2965 3428 3021 Filium
3458 2967 3550 3035 qui

275 3061 504 3133 φύσεως
542 3059 696 3128 Υίὸν,
737 3056 964 3131 γενητὸν
1004 3057 1036 3129 ἢ
1077 3054 1298 3128 ποιητὸν
1331 3050 1767 3120 ὑπολαμδάνειν;
1800 3048 1873 3102 Οὐ
1981 3053 2053 3108 ita
2085 3068 2145 3108 se
2186 3068 2251 3109 ex
2307 3065 2501 3110 natura
2533 3071 2631 3113 sua
2679 3056 2863 3122 babet,
2913 3054 3118 3112 factum
3163 3054 3245 3112 vel
3300 3066 3549 3112 creatum

271 3154 391 3228 γὰρ
434 3152 549 3220 ἔξω
581 3151 808 3224 θήσουσι
839 3149 1009 3222 ψόγου
1051 3148 1143 3203 τὸν
1175 3147 1411 3218 Πατέρα
1436 3145 1531 3200 καὶ
1578 3142 1711 3196 Θεὸν
1749 3141 1877 3195 ὅντα
1978 3147 2273 3203 censeant?
2324 3146 2454 3202 Nam
2495 3160 2545 3204 et
2583 3151 2696 3205 baee
2728 3151 3051 3205 contumelia
3101 3151 3168 3204 ad
3218 3148 3433 3204 Patrem
3487 3164 3552 3206 ae

325 3264 445 3303 acer.
497 3245 601 3302 καὶ
646 3244 856 3318 Κύριον
879 3285 894 3312 ,
933 3241 1124 3313 ὥσπερ
1172 3235 1266 3294 οῦν
1314 3239 1410 3294 καὶ
1462 3238 1608 3292 ἔστιν
1650 3240 1678 3291 ό
1716 3234 1874 3298 Υἱὸς,
1979 3237 2169 3304 Duum,
2203 3241 2296 3310 qui
2330 3255 2394 3295 ex
2426 3252 2616 3296 natura
2644 3239 2902 3296 Dominus
2929 3254 3034 3307 est,
3070 3241 3325 3312 pertinet.
3360 3240 3552 3308 Qualis

316 3356 445 3415 ,περ
483 3339 630 3403 ὅλως
668 3337 944 3409 ἐνδέχεται
975 3330 1211 3406 γενητῆς
1237 3324 1378 3385 ‘svm
1410 3329 1625 3400 φύσεως
1663 3330 1752 3384 τὸν
1785 3327 1876 3380 ὃν·
1979 3334 2121 3388 enim
2147 3344 2231 3389 est
2259 3333 2450 3402 Filius,
2497 3337 2541 3390 si
2575 3336 2799 3390 omnino
2823 3344 3018 3391 creatae
3042 3345 3255 3389 naturae
3289 3349 3414 3389 esse
3458 3350 3553 3404 po-

482 3504 501 3515 ·-
523 3448 579 3486 ν.
618 3427 785 3485 Ἀλλά
804 3425 1207 3487 τοῦτο-ἄτοπον,
1235 3422 1331 3475 καὶ
1358 3419 1569 3492 γυμνὴν
1597 3417 1736 3489 ἔχων
1764 3418 1878 3487 qrati-
1983 3433 2091 3477 test
2128 3424 2223 3494 qui
2255 3439 2441 3480 revera
2476 3433 2561 3480 est
2585 3423 2729 3480 Deus
2754 3433 2809 3479 et
2832 3423 3113 3488 Dominus,
3140 3423 3262 3479 taiis
3284 3434 3340 3478 et
3368 3422 3548 3476 Pater.

293 3538 433 3583 κτιι
535 3541 568 3578 ν
597 3520 897 3578 εὸσέδειαν.
938 3518 1148 3573 Οὐκοῦν
1173 3517 1232 3570 ού
1273 3516 1478 3586 κτίσμα
1514 3516 1543 3568 ό
1575 3513 1720 3576 Υἱὸς,
1745 3512 1878 3579 Θεὸς
1980 3513 2086 3569 Sed
2125 3515 2225 3570 boe
2258 3515 2546 3570 absurdum
2575 3524 2680 3577 est.
2712 3523 2767 3570 et
2789 3528 2995 3569 meram
3036 3514 3367 3583 impietatem
3404 3513 3458 3566 iu
3491 3527 3551 3567 se

280 3618 339 3675 δὲ
374 3618 591 3693 μᾶλλον
617 3615 904 3680 ,οὐσιωδῶς
939 3615 1033 3669 καὶ
1079 3611 1303 3683 Κύριος,
1335 3610 1521 3678 ὥσπερ
1548 3609 1577 3661 ὀ
1603 3605 1661 3671 ἐξ
1705 3598 1877 3675 οὗπερ
1980 3607 2139 3662 babet
2177 3622 2193 3661 ι
2229 3622 2333 3663 non
2361 3618 2447 3663 est
2472 3607 2636 3678 igitur
2666 3606 2838 3662 Filius
2872 3613 3147 3662 creatura.

277 3711 486 3786 ὶτέχθη
511 3710 730 3780 Πατήρ.
2645 3784 2857 3842 ALan

2058 3921 2075 3952 ι
2113 3900 2355 3966 Ριιιιιοε,
2385 3901 2631 3957 nolitoin
2672 3916 3028 3971 personarum
3076 3900 3394 3969 acceptione
3449 3901 3549 3955 ba-

984 3798 1186 3852 ΔΛΛΟ.

358 3934 382 3969 ι
432 3913 708 3982 ’Δδελφοὶ,
743 3912 819 3983 μὴ
866 3913 924 3962 ἐν
957 3905 1443 3981 προσωποληψίαις
1472 3903 1621 3974 ἔχετε
1652 3901 1749 3972 τὴν
1797 3899 1878 3953 πί-

284 4027 412 4066 στιν
457 4008 554 4063 τοῦ
605 4008 809 4079 Κυρίου
839 4005 998 4077 ἡμῶν
1036 4002 1212 4076 Ἰησοῦ
1242 4000 1480 4074 Χριστοῦ
1521 4001 1618 4071 τῆς
1651 3998 1871 4069 δόξης.»
1981 3998 2107 4052 bere
2160 3995 2319 4049 fidem
2368 3993 2578 4049 Domini
2621 3993 2794 4048 nostri
2819 3991 2944 4048 lesu
2969 3993 3171 4049 Christi
3213 3991 3399 4064 gioriae
3425 3993 3490 4047 ¹⁸.
3523 4010 3543 4044 ι

302 4104 397 4158 Ἐν
429 4105 550 4167 τοῖς
590 4100 766 4170 ἁγίοις
794 4099 1102 4172 προφήταις
1140 4100 1167 4150 ὁ
1197 4095 1331 4159 Θεός
1373 4094 1474 4148 πού
1519 4110 1682 4163 φησι·
1719 4111 1736 4142 ι
1767 4090 1877 4162 Τὴν
1980 4089 2121 4146 Deus
2152 4089 2349 4144 alicubi
2382 4088 2433 4142 in
2466 4086 2744 4155 prophetis
2777 4086 2850 4139 ita
2883 4087 2960 4140 ait
2987 4102 3003 4139 z
3043 4105 3062 4137 ι
3097 4084 3343 4141 Gloriam
3374 4099 3547 4140 meam

291 4196 456 4265 δόξαν
487 4212 592 4267 μου
615 4194 786 4265 ἑτέρῳ
810 4193 870 4246 οὐ
893 4191 1068 4247 δώσω..
1092 4208 1110 4241 ι
1142 4188 1265 4252 Πῶς
1285 4183 1379 4242 οῦν
1410 4186 1562 4240 ἔσται
1590 4186 1690 4257 τῆς
1718 4183 1877 4252 δόξης
1979 4183 2135 4238 alteri
2172 4166 2274 4249 non
2304 4182 2443 4236 dabo
2470 4180 2535 4234 ¹⁹.
2573 4197 2593 4232 ι
2623 4176 2905 4245 Quomodo
2938 4176 3102 4247 igitur
3132 4178 3235 4232 erit
3259 4175 3427 4231 Fiiius
3448 4176 3549 4231 Do-

290 4288 503 4362 Κύριος
521 4287 552 4340 ὀ
579 4287 731 4352 Υἱὸς,
756 4285 911 4357 εἰπερ
928 4283 1096 4346 δντως
1110 4281 1405 4352 ἀλλογενὴς
1420 4279 1480 4333 τέ
1497 4281 1634 4340 ἐστι,
1658 4257 1873 4345 καὶτῆς
1981 4277 2159 4332 minus
2182 4274 2389 4346 gloriae,
2418 4273 2461 4327 si
2492 4258 2784 4327 extraneus
2812 4278 2916 4334 est,
2942 4278 2997 4324 et
3028 4267 3271 4324 a'Patris
3312 4267 3547 4323 essentia

289 4378 390 4436 τοῦ
440 4377 659 4450 Πατρὸς
710 4375 898 4438 οὐσίας
939 4373 1256 4445 ἀλλότριος;
1302 4372 1468 4424 Οὐδὲν
1516 4370 1624 4442 γὰρ
1656 4366 1876 4438 φορὲσει
1909 4333 1953 4388 D
1980 4367 2233 4424 atienus?
2263 4363 2409 4420 Nihil
2432 4365 2573 4419 enim
2612 4372 2857 4420 creatum
2900 4360 3075 4433 possit
3112 4361 3401 4430 praeditum
3429 4372 3551 4414 esse

290 4470 395 4543 τὴν
424 4469 576 4542 μόνῳ
614 4468 928 4541 πρέπουσαν
963 4473 1042 4538 τῷ
1070 4464 1189 4536 Θεῷ
1222 4463 1398 4529 δόξαν,
1427 4461 1586 4532 εἴπερ
1614 4461 1750 4524 ὅλως
1789 4459 1874 4530 εἴη
1976 4477 2037 4515 ea
2061 4460 2231 4531 gioria
2270 4472 2391 4528 quan
2420 4457 2519 4512 soli
2568 4454 2679 4510 Deo
2718 4455 2993 4510 convenit.
3042 4452 3205 4520 Atqui
3253 4451 3425 4506 Filius
3466 4458 3553 4506 est.

293 4561 690 4632 πεποιημένον.
731 4558 868 4613 Ἀλλ’
896 4558 1009 4611 ἔστι
1041 4556 1243 4628 Κύριος
1267 4557 1368 4627 τῆς
1389 4555 1546 4622 δόξης
1572 4555 1600 4606 ὀ
1626 4553 1782 4618 Υίός·
1813 4553 1875 4605 ού

293 4654 403 4729 γάρ
441 4651 698 4724 ψεύδεται
747 4650 847 4721 τῆς
878 4648 1134 4719 ἀληθείας
1180 4647 1241 4701 τὸ
1284 4645 1506 4718 Πνεῦμα
1552 4645 1613 4699 τὸ
1658 4646 1716 4698 ὲν
1763 4645 1877 4706 τοῖς

296 4745 476 4816 ἁγίοις
503 4744 571 4798 τὰ
599 4743 824 4798 τοιαῦτα
851 4740 1065 4796 λαλοῦν.
1098 4738 1305 4794 Οὐκοῦν
1337 4739 1399 4792 οὐ
1434 4737 1678 4810 γενητὸς,
1711 4735 1876 4790 εἰκὼν

293 4836 354 4893 δὲ
386 4835 592 4908 μᾶλλον
632 4836 726 4889 καὶ
770 4832 1053 4905 χαρακτὴρ
1092 4831 1186 4885 τοῦ
1221 4831 1461 4902 Πατρὸς,
1505 4831 1563 4895 ὃς
1611 4831 1726 4884 ἐστι
1772 4829 1873 4898 τῆς

294 4927 455 5000 δόξης
488 4924 715 4997 Κύριος.
736 4920 809 4996 ᾯ
834 4925 890 4978 δὲ
924 4923 1100 4977 πάντα
1128 4923 1387 4993 πρόσεστι
1419 4920 1661 4990 φυσικῶς
1687 4919 1755 4974 τὰ
1775 4918 1871 4973 τοῦ

298 5019 509 5091 Πατρὸς
535 5018 666 5084 ἴδια,
694 5018 879 5071 ἕποιτο
908 5016 974 5070 ἂν
1003 5017 1224 5076 εἰκότως
1257 5015 1396 5086 μετὰ
1432 5015 1541 5067 τῶν
1579 5013 1751 5068 ἄλλων
1778 5013 1872 5067 καὶ

298 5110 356 5165 τὸ
383 5108 524 5167 εἶναι
553 5111 652 5182 τῆς
678 5107 834 5180 δόξης
857 5109 1078 5180 Κύριον.
1520 5101 1530 5109 ’

650 5223 745 5277 Ἐκ
774 5221 882 5291 τῆς
907 5221 1132 5291 Πέτρου
1172 5219 1543 5288 Ἐπιστολῆς.

374 5366 394 5400 ι
425 5327 842 5418 Πρεσὸυτέρους
886 5341 1012 5402 τοὺς
1059 5340 1117 5405 ὲν
1159 5337 1288 5408 ὑμῖν
1315 5335 1654 5408 παρακαλῶ,
1683 5337 1871 5408 όσυμ-

306 5439 690 5525 πρεσδύτεροςν,
723 5435 819 5489 καὶ
853 5432 1063 5504 μάρτυς
1090 5429 1194 5482 τῶν
1221 5427 1313 5480 τοῦ
1343 5426 1580 5499 Χριστοῦ
1620 5429 1874 5501 παθημᾰ.

305 5545 428 5595 των,
449 5529 480 5583 ὁ
506 5529 604 5600 τῆς
644 5524 943 5599 μελλούσης
982 5518 1462 5577 ἀποκαλύπτεσθαι
1491 5519 1649 5593 δόξης
1679 5539 1869 5577 κοινω.

288 5763 294 5782 ι
378 5690 421 5720 ⁸⁸
450 5687 566 5744 Act.
605 5688 923 5747 unffi-34.
1007 5687 1044 5719 ¹⁷
1073 5685 1185 5738 lac.
1223 5700 1260 5736 ι.
1296 5684 1340 5738 1.
1422 5684 1463 5715 ¹⁸
1492 5682 1604 5740 lac.
1645 5702 1702 5751 ιι,
1743 5685 1787 5739 i.
1867 5686 1908 5718 ¹⁹
1938 5684 2040 5743 lsa·
2074 5700 2203 5751 un,
2227 5684 2279 5740 8.

1979 4550 2234 4606 Dominus
2259 4548 2474 4630 gio-riam
2509 4560 2681 4613 neque
2706 4546 2852 4598 enim
2892 4542 3108 4598 ntentiri
3160 4549 3337 4610 potest
3375 4539 3549 4610 Spiri-

1980 4651 2067 4696 tus
2094 4640 2147 4695 in
2180 4638 2385 4694 sanctis
2431 4638 2532 4691 boe
2571 4636 2775 4691 dicens.
2817 4634 3049 4690 Creatus
3081 4632 3265 4701 itaque
3309 4640 3547 4696 nonest,

1980 4735 2074 4789 sed
2111 4732 2290 4802 potius
2319 4731 2498 4800 imago
2524 4737 2581 4783 et
2606 4730 2895 4783 character
2940 4724 3145 4789 Patris,
3183 4725 3276 4793 qni
3327 4731 3408 4778 est
3445 4722 3550 4776 Do-

1981 4825 2159 4878 minus
2183 4821 2366 4893 gioriae
2385 4821 2453 4874 ¹⁰.
2484 4819 2579 4876 Cui
2608 4827 2741 4873 vero
2760 4828 2950 4872 omnes
2975 4814 3155 4872 Patris
3186 4814 3550 4885 proprietates

1982 4918 2301 4973 naturaliter
2330 4917 2542 4982 insunt,
2579 4920 3008 4969 consentaneum
3038 4918 3123 4966 est
3165 4920 3288 4964 cum
3323 4906 3549 4975 reliquis

1980 5010 2403 5081 proprietatibus
2426 5008 2626 5063 babere
2656 5006 2820 5060 etiam
2849 5004 2993 5058 iiiam
3022 5002 3164 5072 quod
3191 5000 3263 5056 sit
3290 4996 3549 5054 Dominus

1980 5104 2187 5174 gloria.

2389 5230 2394 5235 ·
2484 5177 2564 5265 [ιι
2598 5209 2834 5280 Epistola
2872 5208 3033 5263 ren-r.

2051 5356 2070 5388 ι
2115 5335 2467 5406 Presbyteros
2503 5329 2594 5401 qni
2631 5331 2685 5384 in
2725 5325 2876 5383 vobis
2923 5334 3049 5378 sunt
3102 5321 3350 5383 obsecro,
3391 5333 3539 5373 coni-

1976 5430 2276 5500 presbyter‚
2307 5436 2361 5482 ct
2391 5424 2543 5480 tostis
2571 5421 2884 5493 passionum
2917 5412 3144 5478 Christi,
3201 5410 3294 5483 qui
3322 5419 3375 5466 et
3420 5409 3538 5480 ejus

1975 5536 2094 5593 quae
2129 5521 2180 5576 in
2209 5519 2389 5574 futuro
2424 5515 2711 5572 revelanda
2774 5518 2860 5569 est.
2889 5507 3074 5567 alorioe
3115 5502 3409 5576 particeps,
3440 5515 3541 5573 pa·

2359 5681 2401 5713 ²⁰
2444 5676 2609 5734 itt-br.
2654 5692 2691 5743 ι,
2720 5676 2773 5731 3.
