3809 6125
279 333 408 390 ttot

853 451 1006 510 CAP.
1046 452 1260 511 xxvii.

801 567 960 623 Dicta
998 567 1062 623 de
1089 568 1323 625 Christo.

353 696 372 732 ι
400 679 541 736 Ecce
585 681 738 751 virgo
778 681 831 737 in
865 690 1020 738 utero
1060 684 1314 754 accipiet,
1352 691 1408 737 et
1439 681 1610 750 pariet
1649 679 1844 745 illium,

275 780 327 825 ct
370 771 644 827 vocabunt
684 788 878 829 nomen
908 773 1027 844 ejus
1067 774 1380 829 Emmanuel
1406 775 1474 828 ¹⁸.
1509 792 1529 826 ι
1565 772 1844 839 Quomodo

272 874 405 931 ergo
435 863 486 917 id
518 864 660 933 quod
696 874 881 918 natum
916 878 1000 919 est
1036 879 1103 919 ex
1132 873 1319 919 sancta
1352 862 1594 935 Virgine,
1628 861 1845 915 Emma-

275 953 395 1008 nuel
440 956 768 1022 nominatur,
810 971 932 1011 cum
976 955 1313 1022 Emmanuel,
1344 965 1403 1010 ut
1446 964 1572 1010 ante
1601 954 1734 1016 dixi,
1769 953 1844 1007 si-

273 1046 495 1114 gnilicet
543 1046 597 1101 in
651 1059 835 1103 nostra
883 1056 1074 1102 natura
1125 1057 1348 1117 propter
1392 1062 1620 1103 carnem
1677 1045 1844 1100 fuisse

273 1134 533 1202 Verbum,
580 1137 722 1208 quod
773 1152 858 1194 est
903 1139 1044 1197 Deus
1088 1155 1248 1196 verus
1282 1141 1350 1195 de
1397 1143 1504 1194 Deo
1535 1138 1705 1193 vero?
1735 1134 1843 1192 Sed

272 1228 448 1285 laetus
482 1238 567 1285 est
595 1231 912 1288 Emmanuel
942 1250 958 1287 ε
988 1232 1290 1289 exinanivit
1327 1232 1474 1287 euim
1501 1246 1560 1286 se
1586 1230 1653 1296 ¹⁸,
1680 1244 1842 1299 gene-

270 1321 535 1377 rationem
565 1330 810 1377 nostram
838 1333 898 1379 et
934 1321 1167 1377 similem
1196 1336 1406 1392 passus,
1439 1336 1503 1377 ac
1533 1321 1614 1377 sic
1657 1320 1843 1376 nobis·

270 1427 395 1468 cum
445 1423 792 1469 conversatus
842 1422 947 1469 est.
987 1413 1129 1484 Ergo
1166 1420 1222 1468 et
1263 1413 1405 1468 Deus
1455 1412 1508 1467 in
1554 1425 1748 1477 carne,
1786 1419 1844 1467 et

269 1501 532 1568 Θιστόκος
553 1518 682 1559 vere
708 1514 794 1560 est
830 1520 951 1575 qnae
978 1520 1102 1560 eum
1132 1502 1446 1569 carnaliter,
1489 1504 1606 1559 sive
1642 1517 1843 1559 secun-

271 1595 401 1652 dum
431 1609 651 1653 carnem
688 1598 992 1669 generavit.
1618 1575 1623 1582 ’

827 1708 980 1765 CAP.
1035 1705 1275 1763 xxvttt.

957 1817 1141 1874 Aliud.

347 1952 368 1987 ι
396 1934 666 2002 Quoniam
704 1946 896 1988 omnes
935 1930 1132 1987 stolam
1177 1928 1300 1987 dolo
1329 1939 1736 2002 congregatam,
1783 1937 1841 1984 et

263 2028 647 2083 vestimentum
685 2041 807 2082 cum
856 2024 1279 2081 commutatione
1324 2033 1607 2094 reponent,
1646 2032 1702 2080 et
1747 2037 1839 2077 vo-

266 2120 400 2185 lent,
427 2121 475 2174 si
517 2117 746 2173 luissent
786 2116 875 2171 isti
925 2115 1226 2183 combusti;
1275 2114 1531 2186 quoniam
1578 2113 1837 2185 parvulus

263 2218 426 2266 natus
471 2218 557 2265 est
607 2206 784 2271 nobis,
824 2216 879 2262 et
928 2206 1070 2262 iilius
1117 2206 1277 2262 datus
1318 2214 1404 2262 est
1454 2204 1634 2274 nobis,
1681 2205 1840 2276 cujus

262 2303 601 2374 principatus
649 2299 827 2357 factus
858 2298 1028 2355 estin
1073 2298 1302 2354 humero
1343 2297 1482 2367 eius,
1525 2307 1582 2352 et
1614 2282 1840 2353 vo'catur

265 2409 460 2451 nomen
486 2393 602 2464 ejus
623 2393 807 2463 magni
832 2390 1046 2448 consilii
1078 2389 1302 2445 nuntius
1326 2390 1394 2445 ¹⁸.
1423 2407 1446 2442 ι
1476 2388 1670 2453 Audis,
1693 2388 1837 2459 quod

263 2501 401 2556 puer
433 2486 742 2542 nominatus
775 2484 868 2549 sit,
897 2482 1154 2553 quodque
1184 2481 1590 2553 generationem
1623 2481 1694 2538 sit
1733 2494 1838 2535 no·

262 2587 390 2633 strat
435 2577 668 2633 similem
711 2589 921 2646 passus.
969 2574 1044 2629 At
1075 2586 1198 2627 enm
1232 2586 1461 2643 puerum
1498 2570 1699 2628 coelum
1741 2584 1838 2641 per

263 2670 473 2726 stellam
505 2667 864 2725 clarissimam
889 2665 1182 2733 indicavit;
1209 2664 1351 2736 magi
1379 2664 1746 2721 adoraverunt
1767 2677 1836 2718 ex

262 2761 469 2817 ultimis
503 2770 663 2817 terrae
684 2759 947 2815 limitibus
982 2759 1374 2825 adventantes3
1400 2756 1574 2828 augeli
1604 2754 1838 2828 pastori·

262 2850 365 2910 bus
388 2851 857 2923 evangelizabant,
897 2849 1235 2908 salvatorem
1267 2862 1389 2904 esse
1426 2857 1608 2903 natum
1644 2846 1835 2903 dieen-

264 2951 371 3009 tes,
400 2952 459 2999 et
481 2957 671 3011 pacem
703 2955 803 2999 nec
832 2957 940 2998 nnn
971 2943 1139 2998 etiam
1167 2941 1343 2998 Patris
1369 2942 1568 2997 bonam
1589 2943 1838 2997 volunta-

264 3043 373 3090 tem
409 3035 838 3087 annuntiantes:
879 3051 900 3087 ι
930 3032 1032 3088 Est
1060 3036 1238 3104 magni
1274 3033 1488 3091 consilii
1531 3032 1778 3090 nuntius.
1809 3050 1834 3087 ι

1188 340 1481 398 senous
1519 340 1605 396 DE
1640 337 2155 397 tNCAttNATtoNE
2186 336 2556 395 UNlGENlTl.

1871 457 1929 516 A
1952 464 2037 511 est
2067 452 2409 511 benedictum
2442 453 2496 509 in
2540 460 2704 507 terra.
2736 447 2978 507 Observa
3007 453 3184 500 autem
3217 443 3363 513 quod
3395 458 3522 513 pro-

3383 326 3523 382 1402

1948 546 2123 616 priam
2156 546 2397 601 nominet
2428 552 2685 611 matrem,
2723 555 2844 611 quae
2870 553 3027 595 suum
3058 535 3270 606 peperit
3295 547 3517 603 corpus.

1947 636 2090 707 Ergo
2132 636 2177 692 si
2221 637 2391 692 Deum
2427 649 2614 690 verum
2658 646 2721 689 se
2758 644 2881 687 esse
2926 630 3227 698 cognoscit,
3263 625 3352 680 illa
3399 639 3520 695 qua».

1945 745 2073 787 eum
2100 729 2395 786 carnaliter
2420 727 2652 798 peperit,
2679 722 2941 786 Θεοτόκος
2968 721 3185 785 dicitur,
3218 726 3274 774 et
3300 716 3518 788 quidem

1948 829 2095 879 recte
2121 838 2135 876 ε
2161 822 2245 877 siu
2290 835 2419 876 vero
2468 834 2573 874 non
2615 824 2700 873 est
2753 814 2919 880 Deus,
2953 812 3003 867 id
3054 812 3198 882 quod
3240 809 3518 872 audacter,

1947 911 2060 967 imo
2079 911 2260 980 potius
2281 908 2548 965 scelerate
2570 903 2812 963 nonnulli
2832 904 3094 966 sentiunt,
3119 898 3326 971 privari
3354 910 3519 967 opor-

1948 1012 2028 1060 tet
2059 1004 2231 1072 ipsam
2270 1000 2546 1070 Virginem
2574 1008 2819 1054 sanctam
2851 996 2955 1051 boc
2998 993 3217 1049 nomine
3244 1005 3353 1062 quo
3384 988 3517 1044 Θιο-

1946 1094 2106 1156 τόκος
2135 1106 2262 1149 esse
2308 1092 2540 1147 dicatur.

2535 1218 2687 1275 CAP.
2725 1214 2924 1273 xxm.

1948 1358 2102 1426 Quod
2133 1357 2272 1413 Deus
2303 1356 2605 1410 nominatur
2625 1362 2671 1406 et
2700 1353 2858 1406 homo
2887 1362 3148 1418 apparens
3180 1342 3520 1414 Unigenitus.

2016 1492 2271 1548 Salomon
2322 1490 2411 1543 ait
2451 1500 2615 1543 orans
2643 1526 2657 1539 .
2697 1503 2716 1537 ι
2750 1484 2817 1538 Et
2862 1494 3043 1546 nune,
3098 1477 3327 1533 Domine
3376 1476 3517 1530 Deus

1944 1582 2132 1648 lsrael,
2169 1580 2424 1638 credibile
2456 1579 2551 1632 liat
2581 1576 2805 1631 verbum
2836 1582 3009 1635 tuum,
3050 1572 3194 1639 quod
3222 1570 3433 1623 locutus
3458 1582 3518 1621 es

1942 1690 2111 1745 puero
2141 1682 2233 1729 tuo
2264 1671 2452 1726 David.
2496 1670 2708 1737 Ergone
2729 1664 2989 1721 credibile
3022 1672 3103 1717 est
3128 1661 3272 1732 quod
3303 1660 3519 1713 babita-

1868 1791 1913 1847 Β
1942 1766 2021 1822 vit
2044 1765 2187 1819 Deus
2208 1776 2330 1817 cum
2358 1759 2673 1815 bominibus
2705 1755 2758 1810 in
2784 1764 2929 1810 terra
2944 1752 3033 1807 ¹⁸?
3059 1770 3079 1803 ι
3110 1750 3514 1812 Animadverte,

1942 1856 2083 1927 quod
2114 1855 2341 1909 miretur
2368 1849 2531 1906 Verbi
2563 1846 2993 1902 incarnationem
3021 1859 3037 1895 ε
3072 1840 3339 1897 habitavit
3363 1855 3518 1893 nant-

1940 1962 2047 2017 que
2076 1960 2199 2001 cum
2226 1942 2536 2000 hominibus
2558 1939 2611 1993 in
2638 1948 2803 2001 terra,
2830 1949 2952 1989 cum
2981 1935 3143 1988 homo
3170 1941 3256 1987 est
3286 1929 3515 1993 factum,

1940 2055 2028 2097 res
2059 2039 2203 2095 enim
2227 2033 2563 2093 incredibilis
2601 2028 2906 2085 videbatur.
2943 2023 3201 2094 Alioquin
3243 2020 3515 2091 quomodo

1949 2130 2003 2186 id
2036 2128 2366 2200 praecipuum
2398 2122 2653 2194 quiddam
2689 2121 2780 2187 sit,
2823 2117 2910 2172 vel
2945 2115 3215 2185 quomodo
3261 2113 3314 2167 id
3349 2111 3517 2165 mira-

1941 2222 2090 2277 tione
2119 2219 2362 2289 diguum,
2397 2229 2520 2270 cum
2556 2212 2699 2268 Deus
2736 2211 2805 2265 ab
2844 2209 2950 2272 liis,
2984 2219 3105 2277 quae
3150 2205 3265 2274 ipse
3294 2216 3519 2259 creare-

1940 2312 2033 2379 rit,
2072 2325 2182 2366 non
2223 2305 2489 2371 discedat,
2522 2304 2710 2358 fovens
2741 2315 2805 2357 ea
2841 2299 3072 2361 scilicet,
3100 2303 3156 2352 et
3189 2309 3253 2349 ea
3299 2292 3517 2361 quidem

1941 2403 2249 2467 continens,
2285 2412 2404 2469 quae
2431 2398 2543 2466 jam
2580 2393 2723 2449 facta
2764 2399 2930 2455 sunt:
2964 2403 3028 2446 ea
3056 2402 3188 2443 vero
3227 2398 3350 2456 quae
3380 2397 3519 2438 non·

1939 2496 2067 2551 dum
2117 2492 2258 2547 facta
2308 2496 2469 2553 sunt,
2516 2485 2748 2543 creans!
2784 2480 3102 2538 miraculum
3150 2488 3328 2533 autem
3382 2487 3514 2529 vere

1941 2583 2295 2659 praecipuum,
2331 2579 2474 2650 quod
2498 2578 2552 2633 in
2586 2585 2730 2633 terra
2758 2589 2885 2631 cum
2914 2570 3228 2629 bominibus
3255 2566 3521 2623 habitarit

1940 2654 2105 2737 bomo
2151 2676 2328 2731 sactus
2374 2673 2538 2737 Deus,
2587 2669 2740 2740 juxta
2782 2664 3174 2738 promissiones
3211 2660 3321 2730 jam
3361 2665 3517 2713 antea

1940 2772 2093 2827 datas
2132 2767 2318 2824 divino
2351 2764 2555 2827 Davidz
2590 2761 2857 2830 scriptum
2900 2764 2987 2814 est
3026 2754 3175 2811 enim
3208 2770 3224 2808 ε
3255 2771 3276 2803 ι
3308 2747 3522 2805 sumit

1940 2859 2203 2917 Dominus
2261 2854 2428 2910 David
2481 2852 2768 2908 veritatem
2793 2889 2811 2917 ,
2882 2856 2939 2902 et
2996 2859 3102 2900 non
3167 2840 3521 2897 frustrabitur

1938 2965 2062 3008 eam
2080 2948 2148 3003 ⁸⁸.
2182 2966 2201 3000 ι
2240 2943 2381 3014 Quid
2422 2953 2606 2998 autem
2640 2937 2887 3010 iuravit?
2918 2954 2939 2989 ι
2971 2934 3045 2990 De
3101 2933 3277 2989 fructu
3306 2929 3518 2985 ventris

1943 3046 2021 3102 tui
2076 3053 2273 3114 ponam
2318 3051 2486 3109 super
2527 3035 2710 3092 sedem
2766 3028 3008 3110 tuamhfl.
3042 3043 3062 3080 ι
3115 3024 3183 3081 Et
3225 3037 3356 3078 vero
3403 3019 3516 3084 ille.

269 3119 634 3178 nanifestavit
677 3121 880 3175 etenim
932 3122 1088 3176 nobis
1127 3121 1306 3177 Patris
1347 3123 1697 3188 voluntatem,
1747 3125 1833 3180 cui
1861 3128 1905 3186 C
1941 3133 2187 3208 quamvis
2218 3129 2561 3195 credidisset,
2597 3124 2744 3195 quod
2809 3134 3085 3190 nunquam
3129 3117 3361 3183 abneget
3394 3124 3520 3181 pro·

270 3231 292 3266 ι
321 3212 375 3268 iu
406 3225 474 3266 eo
507 3208 831 3280 complacuit
857 3209 1044 3266 orbem
1085 3209 1299 3265 salvare
1332 3218 1599 3265 terrarum
1621 3211 1689 3275 ¹⁸,
1722 3230 1743 3265 ι
1781 3221 1837 3267 et

267 3320 364 3376 per
392 3306 568 3374 ipsum
617 3312 673 3359 et
716 3302 773 3357 in
819 3303 935 3372 ipso
982 3299 1244 3355 muudum
1287 3300 1392 3355 sibi
1437 3301 1832 3359 reconciliare:

265 3397 483 3454 Christo
507 3395 654 3452 enim
683 3392 1041 3460 reconciliati,
1073 3392 1184 3451 Deo
1207 3406 1396 3448 sumus
1416 3394 1748 3450 reconciliati
1768 3395 1836 3461 ¹⁸,

267 3487 410 3544 Deus
437 3495 523 3544 est
560 3488 706 3542 enim
735 3500 864 3544 vere
897 3483 1067 3541 Filius
1110 3484 1207 3541 Dei
1235 3495 1291 3541 et
1325 3483 1523 3542 Patris.
1554 3484 1834 3552 Quodnam

269 3580 436 3650 igitur
474 3577 545 3634 sit
577 3577 755 3634 Patris
783 3575 1093 3644 eonsilium,
1124 3575 1281 3644 culus
1312 3575 1471 3631 nobis
1499 3574 1662 3631 suerit
1693 3591 1835 3630 nun-

271 3668 400 3736 tius,
438 3668 555 3739 ipse
584 3667 803 3723 docebit
847 3666 1077 3722 dicens:
1114 3684 1135 3719 t
1166 3662 1242 3722 lta
1274 3665 1421 3721 enim
1463 3665 1661 3723 dilexit
1695 3664 1838 3721 Deus

269 3757 552 3821 mundum,
604 3765 661 3809 ut
704 3753 901 3809 Filium
948 3769 1105 3810 suum
1157 3754 1490 3825 unigenitum
1539 3754 1717 3822 daret,
1779 3763 1838 3810 ut

268 3845 448 3900 omnis
479 3844 572 3914 qui
605 3842 782 3899 credit
818 3843 870 3898 in
904 3844 1100 3914 ipsum,
1127 3859 1232 3899 nou
1262 3854 1471 3915 pereat,
1504 3847 1601 3901 sed
1643 3847 1839 3903 babeat

270 3937 434 3991 vitam
462 3947 719 3991 aeternatn
737 3935 805 3991 ¹⁸.
837 3955 857 3989 ι
884 3934 1051 3992 Filius
1086 3947 1268 3991 autem
1299 3937 1606 4006 unigenitus
1640 3938 1728 3994 ille
1756 3948 1841 3995 est

269 4028 362 4098 qui
404 4035 491 4082 est
519 4041 586 4082 ex
618 4037 806 4083 sancta
831 4024 1056 4097 Virgine
1089 4034 1414 4097 procreatus
1441 4043 1457 4081 z
1489 4027 1663 4096 ipsum
1691 4030 1838 4084 enim

271 4118 509 4176 Verbum
529 4117 690 4173 bomo
708 4115 931 4183 factum,
948 4119 1093 4189 quod
1111 4115 1213 4173 fuit
1230 4115 1374 4174 Deus
1389 4116 1445 4173 in
1467 4132 1655 4184 earne,
1680 4134 1744 4174 ac
1761 4119 1842 4173 sic

274 4211 504 4267 terrenis
534 4209 805 4279 apparuit.
844 4208 1086 4278 Denique
1113 4209 1328 4266 dicebat
1353 4227 1369 4264 ι
1403 4228 1423 4261 ι
1452 4205 1556 4275 Qui
1583 4208 1761 4265 credit
1783 4207 1839 4264 in

273 4317 380 4371 me,
409 4302 570 4358 babet
589 4301 755 4356 vitam
785 4309 1046 4357 aeternam
1067 4300 1134 4356 ¹¹.
1167 4319 1188 4354 ι
1217 4301 1370 4368 Quod
1397 4315 1525 4356 vero
1545 4315 1645 4370 per
1667 4301 1838 4370 ipsum

271 4405 329 4450 et
357 4396 410 4450 in
441 4396 555 4464 ipso
582 4395 871 4450 credamus
892 4389 1064 4459 Patri,
1095 4392 1404 4462 explanavit
1430 4393 1652 4451 dicens:
1690 4411 1711 4446 t
1739 4393 1841 4461 Qui

1942 3227 2258 3284 missionem
2287 3225 2429 3280 Deus
2466 3219 2833 3288 omnipotens,
2869 3222 3047 3268 tamen
3090 3209 3265 3279 ipsum
3295 3218 3520 3277 genera·

1942 3318 2106 3375 tionis
2129 3317 2309 3373 locum
2342 3311 2610 3369 curiosius
2639 3305 2977 3377 inquirebat,
3012 3302 3241 3370 ideoque
3271 3295 3517 3351 dicebat:

1947 3430 1968 3465 ι
1998 3408 2055 3466 Si
2094 3407 2392 3464 ascendero
2439 3416 2603 3474 super
2647 3400 2847 3454 lectum
2894 3394 3047 3451 strati
3082 3390 3213 3458 mei,
3248 3389 3293 3443 si
3321 3386 3520 3443 dedero

1941 3513 2193 3555 somnum
2233 3493 2409 3552 oculis
2446 3490 2603 3557 meis,
2641 3497 2735 3543 aut
2778 3482 3049 3555 palpebris
3081 3479 3217 3537 meis
3254 3475 3521 3532 dormita-

1942 3590 2167 3652 tionem,
2199 3595 2294 3642 aut
2323 3583 2565 3654 requiem
2594 3578 2929 3649 temporibus
2969 3573 3128 3638 meis,
3164 3570 3340 3626 donec
3365 3567 3520 3623 inve·

1942 3680 2087 3736 niam
2118 3678 2295 3734 locum
2328 3675 2578 3738 Domino,
2617 3665 3024 3727 tabernaculum
3057 3665 3170 3719 Deo
3197 3660 3368 3717 Jacob
3387 3658 3459 3711 ⁸⁸.
3493 3674 3518 3710 s

1943 3769 2148 3826 Deinde
2188 3783 2310 3823 cum
2355 3766 2407 3820 id
2435 3776 2652 3836 quoque
2701 3775 2796 3829 per
2836 3757 3087 3826 spiritum
3119 3752 3434 3824 reperisset,
3467 3756 3523 3825 et

1941 3859 2179 3918 carnalis
2220 3855 2585 3930 generationis
2623 3849 2900 3923 Unigeniti
2935 3848 3113 3904 locum
3150 3842 3517 3916 cognovisset,

1942 3950 2351 4022 evangelizabat
2417 3958 2474 4004 et
2531 3944 2745 4001 dicebat
2794 3960 2810 3997 ι
2865 3960 2886 3995 ι
2925 3938 3242 3995 Audivimus
3288 3951 3408 3991 eam
3466 3938 3519 3992 in

1943 4045 2207 4115 Ephrata,
2236 4060 2256 4095 ι
2292 4041 2345 4095 id
2368 4048 2471 4106 est,
2504 4039 2556 4093 in
2588 4036 2905 4102 Bethleem;
2940 4051 2960 4084 ι
2986 4030 3289 4087 invenimus
3318 4045 3439 4085 eam
3466 4030 3520 4084 in

1943 4134 2151 4206 campis
2176 4133 2327 4189 silvae
2344 4132 2413 4186 ¹⁸.
2448 4150 2468 4185 ι
2514 4130 2667 4197 Quod
2702 4142 2831 4184 vero
2855 4126 3042 4183 dicens
3063 4124 3320 4194 Ephrata,
3346 4122 3519 4192 sigui-

1943 4227 2070 4284 flcet
2114 4208 2391 4281 Bethleem
2420 4263 2437 4289 ,
2483 4222 2744 4293 propbeta
2792 4214 3168 4288 comprobavit
3211 4232 3226 4269 z
3279 4233 3299 4266 ι
3329 4212 3394 4268 Et
3426 4224 3520 4277 tu,

1944 4314 2245 4379 Bethleem,
2272 4313 2461 4369 domus
2491 4310 2726 4380 Ephrata
2757 4309 2825 4363 ⁸⁸.
2855 4327 2875 4361 ι
2914 4306 3152 4363 Observa
3179 4313 3360 4359 autem
3394 4316 3522 4372 quo-

1948 4406 2107 4462 modo
2143 4418 2291 4469 eum,
2325 4417 2488 4472 quem
2522 4401 2833 4459 crediderat
2857 4407 3102 4456 creatum
3120 4396 3278 4467 iuxta
3326 4408 3428 4449 nos
3463 4392 3518 4448 in

273 4489 453 4545 ⁰⁸⁸⁶st
474 4488 530 4543 ⁸¹¹
569 4500 675 4552 ¹¹¹⁸·
703 4501 810 4542 ⁰⁰¹¹
833 4485 1012 4542 ⁰⁸0⁶st
1037 4483 1092 4540 3¹¹
1115 4497 1224 4550 ¹¹¹⁶·
1256 4483 1350 4540 ⁸⁶¹¹
1375 4483 1430 4539 ¹⁸¹
1456 4498 1582 4541 ⁸⁰¹⁰
1612 4484 1703 4554 (1¹¹3
1733 4482 1838 4538 ¹¹¹¹·
1871 4492 1917 4549 D
1941 4496 2203 4569 Ephrata,
2251 4493 2420 4550 Deum
2459 4491 2629 4548 Jacob
2679 4491 2940 4556 nominet,
2995 4488 3154 4560 cujus
3200 4485 3522 4542 inhabitatio

271 4580 344 4634 sit
386 4593 471 4634 me
490 4579 571 4646 ¹¹;
603 4597 622 4630 ι
655 4585 708 4632 et
740 4594 755 4631 :
792 4595 813 4630 t
843 4575 946 4644 Qui
971 4574 1108 4631 vidit
1135 4587 1245 4642 me,
1294 4573 1428 4629 vidit
1454 4588 1583 4630 eum
1610 4574 1702 4647 qui
1737 4575 1839 4631 mi-

269 4672 340 4727 sit
373 4685 459 4726 me
479 4671 549 4725 ⁸⁸.
578 4688 598 4723 ι

344 4780 366 4815 ι
394 4762 589 4818 Audite
630 4776 740 4825 me,
777 4758 988 4825 insulae,
1034 4767 1089 4814 et
1135 4758 1418 4826 attendite,
1460 4767 1669 4828 gentes.
1715 4761 1842 4819 Post

272 4853 501 4911 mttltum
550 4854 808 4925 temporis
835 4852 1024 4918 stabit,
1055 4851 1188 4908 dicit
1224 4851 1522 4920 Dominus;
1569 4865 1636 4908 ex
1686 4863 1842 4912 utero

271 4947 467 5004 matris
506 4947 782 5002 vocabunt
824 4959 1018 5002 nomen
1053 4942 1324 5000 meum¹⁸.
1358 4961 1380 4998 ι
1424 4942 1560 5000 Cum
1603 4941 1839 5001 Verbum

272 5039 343 5094 sit
367 5037 536 5102 Deus,
559 5050 666 5094 non
691 5034 963 5107 ignoravit
982 5034 1127 5106 quod
1149 5033 1552 5105 generationem
1579 5034 1839 5104 patietur,

273 5145 342 5186 ex
372 5128 604 5185 muliere
642 5128 981 5185 incarnatum
1011 5136 1232 5197 propter
1262 5139 1379 5181 nos.
1409 5121 1628 5183 Sciebat
1662 5136 1841 5182 autem

274 5223 418 5291 quod
464 5220 749 5278 vocabitur
800 5218 1052 5275 Christus
1091 5216 1247 5274 lesus
1296 5233 1326 5273 a
1373 5213 1489 5275 Deo
1539 5229 1593 5274 et
1645 5215 1842 5284 satre3

273 5313 528 5369 omnibus
570 5311 730 5369 nobis
762 5325 958 5366 novum
982 5308 1084 5365 mit
1116 5322 1314 5365 nomen
1345 5308 1664 5380 praedicans,
1699 5311 1843 5380 quod

348 5535 394 5568 ¹⁸
426 5534 529 5589 lsa.
572 5547 669 5595 vu,
699 5531 787 5596 ss,
811 5531 962 5600 juxta
1000 5526 1188 5582 Matth.
1223 5536 1278 5583 et
1313 5527 1353 5584 C
1396 5527 1498 5583 rilli
1527 5528 1831 5587 lectionem.
1903 5535 1949 5567 ¹⁸
1976 5533 2204 5605 Philipp.
2249 5551 2310 5600 tt,
2342 5535 2395 5590 7.

276 5605 487 5660 Coloss.
525 5619 566 5665 ι,
594 5601 683 5656 20.
765 5603 808 5634 ¹⁸
839 5599 992 5654 Rom.
1021 5614 1072 5652 v.
1100 5598 1186 5652 ¹0.

280 5747 328 5779 ¹⁸
357 5746 487 5804 ibid.
519 5744 578 5801 6.
655 5742 699 5774 ⁸⁰
725 5741 884 5799 Elicit.
919 5756 970 5805 v,
1001 5740 1056 5794 ⁸2.
1133 5740 1178 5772 '¹
1216 5738 1356 5796 l’sal.
1401 5754 1542 5808 tati,
1583 5742 1666 5797 to·

563 5673 575 5687 ,
1263 5598 1334 5680 ²⁰,
1378 5614 1502 5654 ⁰²³⁰·
1529 5615 1609 5662 ¹¹¹.
1645 5600 1729 5658 ¹6.
1807 5603 1851 5636 ¹¹
1890 5602 2047 5660 Joan.
2092 5621 2168 5666 vt,
2196 5605 2286 5659 ⁴7.
2361 5608 2408 5639 ¹¹
2438 5604 2594 5661 Jnan.
2632 5620 2728 5670 ιιι,
2761 5602 2850 5657 u.

279 5690 426 5736 xntx.
461 5674 510 5740 l,
559 5681 708 5744 ‚iuxta
774 5669 936 5725 Lxx.
965 5670 1010 5702 ⁸⁸
1072 5667 1112 5723 ll
1163 5668 1398 5736 Paralip.
1449 5683 1525 5735 vt,
1559 5670 1646 5733 Π,
1697 5673 1850 5746 Juxta
1887 5672 2052 5732 Lxx,
2128 5675 2174 5708 u
2199 5674 2342 5732 psa}-
2370 5690 2561 5740 exul,
2596 5675 2683 5730 Η.

1948 4587 2050 4643 fuit
2081 4585 2134 4642 in
2166 4581 2518 4639 tabernaculo
2549 4600 2564 4638 ε
2592 4581 2665 4638 ibi
2695 4579 2848 4638 enlm
2875 4579 3089 4651 peperit
3113 4576 3301 4633 lesum
3326 4581 3519 4630 sancta

1949 4677 2137 4750 Virgo.

2015 4768 2270 4827 Nominat
2297 4775 2476 4824 autem
2505 4778 2630 4821 eum
2655 4771 2714 4819 et
2743 4759 2871 4817 aiibi
2909 4759 3077 4815 Deum
3118 4757 3391 4814 Abrabam
3428 4757 3508 4811 di-

1947 4876 2079 4920 cens
2110 4879 2125 4918 ε
2156 4879 2177 4915 t
2206 4858 2485 4928 Principes
2512 4852 2831 4928 populorum
2873 4849 3187 4922 congregati
3230 4857 3357 4904 suut
3398 4861 3521 4902 cum

1949 4952 2060 5011 Deo
2099 4950 2371 5009 Abrabam
2398 4948 2466 5002 ¹¹.
2502 4966 2522 5000 ι
2554 4946 2701 5002 Pene
2732 4945 2877 5001 enim
2929 4941 3127 4998 mentis
3168 4955 3280 4997 snae
3326 4937 3518 5002 oculis,

1951 5058 2049 5115 per
2068 5039 2514 5098 illuminationem
2531 5037 2768 5110 Spiritus
2788 5034 2988 5097 sancti,
3012 5032 3315 5088 futurorum
3337 5032 3521 5088 scien-

1953 5133 2025 5190 tia
2067 5132 2335 5202 eruditus,
2367 5130 2641 5204 principes
2680 5127 3023 5203 populorum,
3071 5127 3123 5183 id
3168 5137 3273 5192 est,
3303 5130 3520 5180 sanctos

1952 5223 2228 5295 apostolus
2267 5224 2320 5280 iu
2369 5221 2579 5279 Domini
2626 5221 2796 5277 nostri
2840 5220 2971 5278 lesu
3014 5219 3215 5276 Christi
3262 5215 3518 5272 cernebat

1950 5315 2233 5387 obsequio.
2275 5314 2409 5373 Cum
2447 5312 2611 5387 igitur
2643 5332 2664 5368 ι
2691 5311 2837 5370 Deus
2874 5311 3147 5368 Abrabam
3179 5328 3199 5362 ι
3229 5319 3285 5364 et
3323 5325 3344 5360 ι
3374 5303 3518 5362 Deus

2512 5535 2555 5567 ¹⁷
2592 5534 2693 5590 lsa.
2735 5548 2814 5597 xi,
2855 5522 3431 5656 &fidathxltakxxss'
3471 5520 3515 5560 ¹⁸

3008 5618 3019 5654 ι
3122 5639 3135 5652 .
3237 5637 3252 5652 .
3435 5614 3513 5649 sa.

2794 5673 2839 5708 ⁸⁷
2880 5671 3012 5729 ibid.
3121 5669 3167 5703 '⁸
3223 5669 3358 5727 ibid.
3394 5665 3513 5722 3-5.
