3809 6125
281 286 423 343 ¹385

1202 289 1496 347 senous
1537 290 1626 345 ns
1665 285 2177 344 tutunm‘rtomss
2215 285 2587 345 umossmrt.
2672 358 2686 369 ‚

3386 284 3409 338 l
3422 282 3528 339 38⁰

275 402 431 467 θεὸς,
460 403 490 456 ὀ
511 403 574 458 ἐκ
599 404 733 459 Θεοῦ
758 404 1037 479 ἀληθινοῦ,
1077 407 1140 461 τὸ
1178 408 1295 478 φῶς
1320 408 1382 462 τὸ
1413 408 1479 460 ἐκ
1513 407 1608 461 τοῦ
1648 406 1848 475 φωτὸς,
1881 415 1931 472 Α
1956 413 2236 461 carnatum
2268 404 2362 471 sit,
2396 412 2453 460 et
2475 404 2634 458 bomo
2682 401 2906 464 tactum,
2951 407 3006 457 et
3050 395 3422 459 descenderit,
3479 409 3536 454 et

277 492 568 566 ὲσαρκώθη
608 512 668 548 τε
706 497 804 550 καὶ
836 496 1230 569 ὲνηνθρώπησε
1250 515 1265 529 ·
1300 496 1594 567 κατῆλθεν,
1625 495 1850 559 ἔπαθεν,

1955 510 2170 566 passum
2200 496 2293 558 sit,
2317 507 2373 549 et
2394 494 2699 549 surrexerit
2726 508 2792 550 ex
2839 492 3087 548 mortuis.
3114 491 3187 546 lta
3217 491 3362 561 enim
3388 490 3525 546 deli-

195 603 204 611 ·
275 584 574 655 ὲγήγερται
612 585 669 640 δὲ
708 589 774 641 ὲκ
799 588 1025 659 νεκρῶν.
1068 589 1315 659 Ὦρίαατο
1356 588 1465 660 γὰρ
1491 587 1634 643 οὕτω
1662 587 1726 642 τὸ
1753 587 1855 657 τῆς
1954 587 2089 644 ιιίνίι
2126 586 2250 643 fidei
2288 585 2604 658 Symbolum
2634 584 2885 657 synodus
2919 598 3117 655 magua
3155 592 3211 639 et
3246 594 3456 638 sancta.

275 676 515 739 πίστεως
533 676 861 750 Σύμὸολονή
888 680 1020 749 ἁγία
1047 698 1106 734 τε
1137 678 1234 734 καί
1252 682 1465 753 μεγάλη
1493 681 1720 745 Σύνοδος
1750 680 1850 752 (t).

341 766 764 838 Διερευνώμενοι
809 769 867 823 δὲ
912 772 1008 825 καὶ
1039 771 1232 842 μαθεῖν
1264 773 1542 837 ἐθέλοντες
1584 773 1613 826 ὃ
1635 773 1689 826 τί
1722 770 1853 826 ποτέ

271 860 390 913 ἐστι
412 862 533 914 κατ’
562 860 840 932 ἀληθειαν,
869 864 931 918 τὸ
959 866 1312 938 σαρκωθῆναί
1352 881 1414 922 τε
1442 868 1535 921 καὶ
1569 865 1850 936 ενανθρω-

272 951 445 1021 στῆσαι
473 950 563 1004 τὸν
583 952 778 1022 Λόγον,
810 954 1270 1028 καταθρήσωμεν,
1312 959 1395 1012 ὅτι
1425 957 1526 1011 οὐκ
1562 957 1851 1029 ἄνθρωπόν

273 1043 387 1096 ἐστι
417 1044 744 1115 προσλαόεῖν
767 1045 844 1111 ὡς
874 1048 933 1101 ὲν
959 1049 1226 1121 συναφείᾳ
1245 1053 1314 1122 τῇ
1346 1050 1490 1105 κατά
1517 1066 1582 1119 γε
1615 1050 1712 1121 τὴν
1740 1051 1851 1104 ἰσό-

275 1150 410 1205 τητα
438 1135 538 1204 τῆς
557 1134 734 1204 ἀξίας,
761 1138 929 1210 ηγουν
955 1140 1264 1207 αὐθεντίας,
1304 1141 1338 1212 ἢ
1366 1141 1460 1196 καὶ
1502 1142 1646 1195 κατὰ
1680 1142 1851 1212 μόνην

268 1226 366 1296 τῆς
390 1228 637 1299 υἰότητος
665 1231 1005 1302 ὁμωνυμίαν,
1040 1233 1245 1304 μᾶλλον
1263 1232 1321 1287 δὲ
1352 1234 1412 1287 τὸ
1435 1234 1694 1304 γενέσθαι
1725 1232 1848 1288 καθ’

269 1318 416 1389 ἡμᾶς
441 1319 751 1392 ἄνθρωπον,
783 1321 923 1393 μετὰ
951 1322 1046 1377 τοῦ
1087 1323 1377 1396 ἀτρέπτως
1414 1327 1510 1379 καὶ
1552 1325 1849 1380 ἀναλλοιώ-

266 1424 375 1474 τως
401 1410 545 1481 ἔχειν
571 1412 960 1468 ἀνασώσασθαι
1000 1417 1068 1487 τῇ
1116 1415 1228 1489 ἰδίᾳ
1264 1416 1426 1487 φύσει
1463 1419 1555 1470 τὸν
1584 1418 1646 1472 ὲν
1676 1434 1846 1489 προσ-

266 1500 428 1573 λήψει
453 1504 654 1575 σαρκὸς
689 1506 785 1560 καὶ
817 1506 1051 1577 αἵματος
1076 1510 1438 1581 οἰκονομικῶς
1467 1509 1746 1579 γεγονότα.

338 1669 434 1739 Εἷς
465 1676 563 1745 μὲν
593 1672 686 1731 οῦν
709 1679 856 1732 ἐστιν
873 1680 982 1750 ἄρα
1005 1679 1112 1751 πρὸ
1139 1680 1238 1752 μὲν
1256 1683 1354 1751 τῆς
1374 1683 1845 1758 ὲνανθρωπήσεως

2024 764 2405 835 Perquirentes
2431 772 2611 819 autem
2644 772 2698 819 et
2741 776 2860 829 nos,
2889 770 2944 816 et
2969 760 3279 816 discernere
3301 758 3530 833 cupien-

1954 867 2058 922 tes,
2087 857 2216 926 quid
2245 857 2317 911 sit
2345 857 2582 921 tandem,
2614 855 2952 910 incarnatum
2984 865 3127 917 esse,
3154 860 3211 905 et
3252 850 3527 904 hominem

1952 948 2154 1004 factum
2191 948 2283 1003 Dei
2314 946 2547 1004 Verbum
2580 964 2594 1001 ι
2623 947 2917 1009 cernimus,
2944 944 3086 1013 quod
3129 958 3233 997 non
3283 943 3386 1002 ltoc
3422 951 3527 1007 est,

1953 1038 2225 1093 bominem
2270 1051 2549 1093 assumere
2577 1046 2832 1105 tanquam
2878 1035 2934 1089 in
2970 1032 3374 1103 conjunctione,
3408 1047 3527 1102 quae

1954 1126 2047 1182 liat
2093 1143 2192 1197 per
2232 1128 2596 1198 aequalitatem
2641 1126 2941 1197 dignitatis,
2992 1124 3110 1180 sive
3158 1123 3525 1185 auctoritatis,

1952 1218 2034 1273 vel
2057 1233 2152 1289 per
2169 1219 2339 1275 solam
2365 1218 2603 1275 filietatis
2629 1216 2981 1289 ὀμωνυμίανς
3011 1215 3181 1286 magis
3204 1226 3383 1270 autem
3409 1213 3524 1269 lieri

1946 1308 2098 1377 juxta
2134 1323 2233 1365 nos
2265 1308 2537 1365 bominem
2571 1309 2689 1380 (ita
2731 1317 2905 1364 tamen
2956 1317 3014 1360 ut
3061 1303 3204 1359 nulla
3245 1305 3527 1360 conversio

1949 1402 2034 1457 vel
2064 1402 2418 1458 commutatio
2454 1401 2860 1471 subsequatur),
2888 1408 2943 1453 et
2984 1397 3269 1454 sublevare
3317 1396 3527 1468 pariter

1937 1505 2071 1548 'cum
2101 1508 2197 1548 sna
2234 1501 2426 1548 natura
2450 1507 2572 1547 eum
2619 1493 2709 1562 qni
2742 1493 2795 1546 in
2826 1490 3196 1561 assumptione
3224 1486 3526 1543 luitcarnis

1946 1591 2002 1640 et
2038 1585 2320 1657 sanguinis
2355 1585 2774 1653 dispensatorie.

2022 1674 2172 1731 Unus
2207 1676 2370 1746 igitur
2404 1687 2513 1743 est,
2541 1676 2634 1746 qni
2667 1686 2792 1731 ante
2819 1674 3245 1730 incarnationem
3282 1689 3311 1727 a
3346 1672 3524 1729 divina

266 1764 672 1837 ὀνομαζόμενος
720 1768 810 1823 διὰ
860 1770 961 1841 τῆς
999 1770 1358 1828 θεοπνεύστου
1403 1774 1628 1847 Γραφῆς
1674 1778 1850 1832 Move·
1882 1772 1923 1827 Β
1952 1768 2237 1838 Scriptura
2273 1769 2604 1830 nominatur,
2620 1777 2677 1823 et
2711 1765 3055 1838 Unigenitus,
3095 1777 3149 1820 et
3175 1764 3437 1826 Verbum,
3471 1770 3530 1817 et

265 1858 452 1929 γενὴς,
489 1859 587 1913 καὶ
612 1860 802 1930 Λόγος,
845 1862 942 1916 καὶ
977 1863 1131 1928 Θεὸς,
1173 1865 1266 1918 καὶ
1296 1864 1482 1931 είκὼν,
1530 1869 1627 1922 καὶ
1668 1869 1847 1925 ἀπαύ-

265 1964 478 2019 γασμα.
523 1948 615 2002 καὶ
643 1951 934 2022 χαρακτὴρ
967 1953 1065 2023 τῆς
1104 1954 1456 2020 ὑποστάσεως
1483 1956 1577 2011 τοῦ
1611 1958 1844 2031 Πατρὸς,

267 2034 402 2109 ζωὴ.
446 2038 594 2106 δόξα,
642 2038 781 2109 φῶς,
830 2042 1014 2112 σοφία,
1054 2042 1304 2115 δύναμις,
1369 2046 1637 2119 βραχίων,
1671 2048 1843 2117 δεξιὰ,

269 2128 509 2199 ὕψιστος,
566 2130 1033 2204 μεγαλοπρέπεια,
1075 2134 1276 2207 Κύριος
1301 2137 1551 2204 Σαόαὼθ,
1594 2142 1694 2195 καὶ
1723 2142 1845 2195 ἑτέ-

273 2238 386 2294 ροις
422 2222 535 2275 τισὶ
573 2222 836 2288 τοιούτοις
862 2225 1112 2297 ὀνόμασι,
1143 2232 1255 2293 τοῖς
1283 2230 1504 2302 ἀληθῶς
1547 2231 1848 2305 θεοπρεπε·

271 2313 516 2376 στάτοις·
558 2313 698 2384 μετὰ
729 2314 788 2369 δέ
832 2332 897 2383 γε
936 2317 1035 2389 τὴν
1079 2319 1516 2392 ὲνανθρώπησιν,
1557 2323 1846 2398 ἅνθρωπος

265 2403 498 2472 Χριστὸς
542 2404 768 2476 Ἰησοῦς,
805 2407 1142 2479 ἱλαστήριον,
1196 2412 1444 2484 μεσίτης,
1475 2415 1699 2487 ἀπαρχὴ
1737 2417 1846 2469 τῶν

269 2496 705 2565 κεκοιμημένων,
757 2500 1101 2568 πρωτότοκος
1159 2504 1225 2555 ἑκ
1288 2504 1519 2574 νεκρῶν,
1592 2503 1847 2577 δεύτερος

283 2586 471 2657 Ἀδὰμ,
509 2586 720 2659 κεφαλὴ
748 2588 841 2641 τοῦ
893 2587 1147 2659 σώματος
1187 2591 1289 2662 τῆς
1323 2593 1672 2666 Ἐκκλησίας,
1720 2598 1846 2651 ἐπο-

269 2680 449 2751 μίνων
469 2680 620 2751 αύτῷ
648 2681 744 2735 καὶ
773 2680 883 2735 τῶν
906 2683 964 2734 ὲν
989 2681 1180 2752 ἀρχαῖς
1201 2685 1501 2756 ὀνομάτων.
1531 2685 1718 2744 Πάντα
1736 2689 1846 2762 γὰρ

265 2771 452 2838 αὐτοῦ,
482 2772 552 2826 τά
588 2789 647 2826 τε
683 2772 902 2843 πρῶτα,
927 2774 1020 2827 καὶ
1053 2774 1121 2826 τά
1159 2776 1215 2828 ἐν
1248 2776 1496 2847 ἐσχάτοις
1525 2779 1620 2833 τοῦ
1650 2782 1847 2846 αἰῶνος

266 2849 499 2935 καιροῖς.

336 2949 434 3019 Εἷς
461 2955 568 3025 ἀρα
592 2956 743 3010 ὲστίν
762 2958 790 3010 ὀ
826 2959 918 3010 καὶ
947 2959 1052 3029 πρὸ
1077 2960 1174 3029 τῆς
1212 2961 1682 3037 ὲνανθρωπησεως
1711 2966 1846 3030 Θεὸς

268 3045 545 3115 ἀληθινὸς,
581 3044 677 3098 καὶΙ
715 3046 774 3097 ἐν
800 3046 1182 3118 ἀνθρωττότητι
1236 3056 1563 3126 μεμενηκὼς
1592 3057 1730 3131 ὅπερ
1751 3054 1839 3130 ἦν,

269 3136 366 3189 καὶ
393 3132 533 3198 ἐστι,
575 3134 671 3185 καὶ
710 3133 884 3187 ἔσται.
917 3137 990 3188 Ού
1022 3139 1323 3209 διοριστέον
1356 3140 1448 3197 οῦν
1481 3146 1594 3216 ἀρα
1622 3147 1716 3201 τὸν
1745 3150 1844 3204 ἕνα

272 3223 478 3297 Κύριον
513 3222 720 3296 Ἰησοῦν
764 3226 1018 3297 Χριστὸν,
1068 3230 1148 3292 εἰς
1189 3230 1370 3295 ἰδ;κῶς
1406 3232 1721 3304 ἄνθρωπον,
1750 3240 1845 3292 καὶ

275 3319 355 3381 εἰς
396 3315 527 3370 Θεὸν
562 3316 764 3380 ίδικῶς,
806 3317 922 3370 ἀλλ’
973 3318 1068 3373 ’ἐνα
1126 3319 1220 3374 καὶ
1276 3321 1369 3374 τὸν
1431 3323 1593 3379 αὐτὸν
1638 3326 1844 3398 Ἰησοῦν

277 3408 511 3478 Χριστόν
536 3425 716 3478 φαμεν
745 3404 908 3474 εἶναι,
941 3409 1042 3480 τὴν
1067 3410 1175 3464 τῶν
1207 3410 1423 3482 φύσεων
1448 3414 1650 3478 εἰδότες
1670 3417 1846 3486 διαφο-

273 3499 394 3573 ράν,
442 3500 537 3552 καὶ
582 3499 920 3570 ἀσυγχύτους
961 3499 1218 3572 ἀλὶήλαις
1260 3501 1555 3573 τηροῦντες
1582 3504 1772 3570 αὐτάς.

345 3587 515 3644 Ὅταν
559 3585 656 3644 οῦν
692 3588 826 3664 λέγῃ
854 3591 912 3644 τὸ
942 3590 1183 3662 Γράμμα
1212 3592 1278 3647 τὸ
1312 3592 1480 3666 ἱερὸν,
1516 3597 1598 3651 ὅτι
1628 3598 1688 3651 ὲν
1715 3600 1848 3668 Χρι-

273 3681 387 3754 στῷ
422 3703 441 3734 ι
480 3681 767 3753 κατῴκησε
790 3686 901 3737 πᾶν
925 3684 987 3737 τὸ
1024 3685 1297 3757 πλήρωμα
1326 3687 1424 3758 τῆς
1460 3687 1712 3760 θεότητος
1744 3707 1845 3742 σω-

275 3773 542 3846 ματικῶς,
565 3794 582 3825 ι
614 3775 676 3828 ού
705 3775 792 3828 διὰ
813 3775 970 3829 τοῦτό
996 3793 1198 3846 φαμεν,
1232 3777 1308 3844 ώς
1342 3781 1400 3834 ἐν
1428 3779 1600 3854 ἑτέρῳ
1623 3781 1846 3853 Χριστῷ

272 3864 352 3936 τῷ
401 3864 694 3937 ἀνθρώπῳ,
755 3867 1070 3936 καταμόνας
1124 3871 1451 3941 κατοικῆσαι
1509 3871 1602 3925 τὸν
1650 3871 1843 3941 Λόγον·

273 3953 399 4010 οὔτε
472 3957 576 4027 μὴν
626 3957 963 4021 διασπῶντες
1020 3958 1265 4029 ἀλλήλων
1314 3961 1382 4013 τά
1440 3963 1697 4032 ἡνωμένα
1753 3963 1848 4018 δύο

273 4045 503 4116 νοοῦμεν
544 4046 725 4111 υἰούς·
777 4051 956 4102 ἐκεῖνο
986 4048 1044 4103 δὲ
1080 4049 1300 4120 μᾶλλον,
1344 4051 1427 4104 ὅτι
1456 4053 1691 4124 Χριστὸν
1732 4055 1848 4108 ὀνο-

279 4134 441 4205 μάζει
480 4136 542 4189 τὸ
585 4136 819 4208 Γράμμα
852 4139 914 4192 τὸ
953 4138 1117 4211 ἱερὸν,
1167 4143 1262 4194 καὶ
1291 4140 1366 4205 ὡς
1410 4144 1474 4195 ὲκ
1500 4144 1697 4214 μέρους
1734 4144 1846 4198 ἐσθ’

276 4229 387 4292 ὅτε,
419 4228 517 4299 τὴν
542 4228 940 4298 ἀνθρωπότητα
962 4231 1057 4285 τοῦ
1086 4233 1222 4286 Θεοῦ
1262 4234 1438 4304 Λόγου
1466 4235 1602 4289 ἰδίαν
1626 4235 1767 4307 ἔχων
1791 4239 1849 4290 ἐν

276 4313 428 4379 τάξει
469 4315 761 4386 πεποίηται
813 4317 963 4372 ναοῦ.
994 4320 1307 4390 Γέγραπται
1353 4324 1409 4377 δέ
1443 4341 1547 4378 που
1585 4327 1680 4380 καὶ
1721 4329 1849 4400 περὶ

1948 1860 2115 1927 Deus,
2155 1869 2211 1917 et
2252 1861 2451 1931 imago,
2478 1870 2534 1916 et
2558 1860 2762 1921 lumen,
2783 1869 2839 1913 et
2866 1859 3034 1927 ligura
3067 1856 3386 1912 substantia
3423 1854 3528 1910 Pa·

1952 1952 2071 2017 tris,
2100 1962 2155 2008 et
2189 1953 2325 2016 vita,
2356 1962 2410 2006 et
2438 1951 2633 2021 gloria,
2658 1960 2715 2006 et
2752 1948 3028 2019 splendor,
3065 1958 3122 2003 et
3150 1947 3435 2017 sapientia,
3470 1955 3530 2003 et

1947 2042 2144 2106 virtus,
2167 2049 2224 2097 et
2252 2042 2555 2106 brachium,
2583 2051 2638 2096 et
2666 2042 2876 2107 dextra,
2906 2050 2958 2095 et
2986 2039 3314 2108 Altissimus,
3335 2050 3393 2095 et
3412 2054 3528 2095 ma-

1946 2131 2277 2202 gnificentia,
2312 2141 2367 2187 et
2394 2132 2653 2189 Dominus
2674 2128 2935 2196 Sabaoth,
2965 2141 3019 2185 et
3044 2130 3168 2184 aliis
3203 2129 3406 2186 talibus
3431 2145 3527 2186 no-

1950 2225 2208 2288 minibus,
2235 2239 2355 2293 qnae
2394 2237 2523 2277 vere
2558 2222 2891 2279 conveniunt
2927 2222 3135 2278 deitati.
3170 2221 3300 2278 Post
3346 2209 3529 2278 incar'-

1949 2314 2225 2371 nationcm
2266 2329 2397 2371 vero
2437 2316 2620 2377 bomo.
2665 2312 2938 2380 Christus,
2971 2313 3151 2380 lesus,
3206 2313 3527 2384 propitiato-

1949 2407 2111 2473 rium,
2155 2406 2440 2471 mediator,
2496 2406 2749 2476 primitiae
2804 2406 3208 2468 dormientium,
3257 2406 3528 2475 primoge-

1950 2498 2096 2553 nitus
2139 2512 2169 2551 a
2217 2498 2475 2559 mortuis,
2515 2499 2783 2553 secundus
2833 2498 3044 2562 Adam,
3083 2505 3244 2567 caput
3284 2497 3528 2566 corporis

1949 2588 2225 2656 Ecclesia,
2242 2605 2365 2646 cum
2389 2605 2513 2645 eum
2537 2590 2701 2645 etiam
2732 2589 2949 2644 nomina
2980 2589 3159 2659 prisca
3182 2598 3480 2659 sequantur
3509 2605 3524 2642 z

1948 2680 2129 2737 omnia
2162 2682 2309 2737 enim
2343 2681 2512 2752 ipsius
2538 2682 2755 2751 propria
2809 2688 2961 2744 sunt,
2989 2691 3041 2736 et
3069 2680 3272 2752 priora,
3321 2689 3378 2735 et
3405 2695 3529 2752 quae

1948 2773 2257 2829 novissimis
2288 2773 2431 2829 facta
2460 2773 2813 2844 temporibus.

2016 2948 2167 3007 Unus
2195 2949 2357 3020 igitur
2380 2958 2484 3014 est,
2521 2948 2694 3019 etqui
2744 2958 2870 3003 anto
2909 2946 3336 3004 incarnationem
3388 2949 3529 3004 Deus

1948 3051 2068 3099 erat
2090 3055 2270 3106 verus,
2298 3041 2459 3112 etqui
2490 3041 2544 3096 in
2575 3042 2909 3096 humanitate
2933 3039 3202 3097 mansitid
3217 3039 3359 3112 quod
3386 3048 3526 3106 erat,

1946 3143 2001 3189 et
2021 3142 2123 3198 est,
2142 3141 2198 3189 et
2220 3132 2344 3188 erit.
2372 3131 2489 3190 Non
2514 3133 2901 3190 discernendus
2927 3131 3089 3205 igitur
3112 3148 3254 3188 nnus
3274 3131 3530 3188 Dominus

1946 3223 2104 3281 Jesus
2128 3224 2396 3292 Christus,
2429 3225 2482 3281 in
2510 3225 2782 3280 bomineni
2812 3238 3090 3287 seorsum,
3115 3232 3173 3280 et
3202 3239 3446 3281 seorsum
3472 3222 3527 3279 in

1949 3314 2117 3372 Deum
2143 3332 2161 3383 ;
2190 3317 2284 3372 sed
2314 3332 2477 3372 unum
2517 3317 2871 3385 eumdemque
2894 3314 3078 3371 lesum
3106 3314 3383 3370 Christum
3408 3329 3529 3370 esse

1950 3408 2211 3474 dicimus,
2250 3424 2358 3462 non
2415 3409 2727 3478 ignorantes
2772 3406 3131 3464 differentiam
3187 3415 3526 3472 naturarum,

1948 3499 2118 3571 708
2144 3499 2239 3556 sed
2266 3515 2361 3557 eas
2398 3501 2709 3556 incnnsusas
2739 3501 2880 3556 intcr
2910 3515 3033 3556 sese
3056 3511 3356 3556 servantes.

2022 3590 2247 3659 Quoties
2275 3591 2441 3659 igitur
2469 3590 2670 3646 Littera
2702 3605 2857 3647 sacra
2884 3601 3275 3647 commemorat
3300 3590 3445 3660 qnod
3471 3590 3525 3646 iu

1946 3682 2172 3739 Christo
2219 3701 2239 3735 ε
2291 3683 2611 3738 inhabitavit
2660 3683 2837 3739 omnis
2890 3683 3165 3750 plenitudo
3228 3681 3529 3738 divinitatis

1948 3774 2305 3855 corporaliter
2334 3774 2379 3808 ⁸⁸
2409 3791 2427 3842 3
2467 3794 2487 3828 ι
2521 3790 2626 3830 non
2659 3775 2779 3832 ideo
2805 3775 3035 3831 dicimus
3056 3783 3311 3845 tanquam
3341 3775 3393 3829 in
3418 3773 3525 3829 alio

1948 3865 2186 3932 Christo,
2220 3868 2274 3920 in
2301 3866 2518 3921 bomine
2550 3882 2794 3922 seorsum
2824 3866 3159 3924 inhabitasse
3185 3867 3354 3923 Deum
3384 3866 3521 3922 Ver-

1948 3956 2076 4011 bum
2106 3972 2121 4021 ;
2153 3970 2250 4010 nec
2280 3969 2444 4025 porro
2474 3956 2773 4011 dividentes
2799 3971 2862 4010 ea
2894 3971 3013 4026 quae
3042 3957 3188 4011 unita
3215 3965 3363 4018 sunt,
3389 3956 3521 4011 duos

1949 4046 2300 4117 intelligimus
2338 4047 2506 4112 titios;
2553 4046 2679 4101 illud
2703 4055 2887 4102 autem
2926 4048 3126 4114 magis,
3161 4049 3305 4116 quod
3362 4046 3515 4103 curi-

1949 4150 2091 4195 stum
2124 4140 2368 4194 nominat
2397 4136 2600 4194 Littera
2625 4153 2783 4194 sacra
2811 4153 2879 4195 ex
2917 4149 3071 4210 parte
3117 4155 3527 4210 nonnunquam,
3642 4140 3652 4148 '

1948 4239 2006 4289 et
2027 4231 2167 4299 quod
2221 4230 2609 4286 immanitatem
2645 4230 2737 4286 Dei
2772 4231 3025 4297 Verbum,
3060 4246 3221 4301 qnam
3251 4234 3524 4304 propriam

1951 4324 2145 4389 babet,
2173 4324 2227 4377 in
2259 4323 2431 4379 locum
2480 4325 2657 4392 posuit
2681 4323 2883 4393 templi.
2932 4324 3205 4395 Scriptum
3234 4335 3320 4380 est
3345 4333 3524 4379 autem

277 4404 385 4458 τῶν
433 4405 786 4477 ἀνθρωπίνων
844 4407 1032 4479 ψυχῶν
1060 4427 1074 4442 ·
1111 4413 1293 4476 «Τοὺς
1349 4415 1406 4468 δὲ
1459 4415 1847 4482 κατοικοῦντας
1881 4425 2008 4494 Det
2053 4416 2119 4470 de
2170 4417 2457 4470 animabus
2508 4415 2757 4469 liuntauis
2802 4432 2815 4469 ι
2859 4431 2878 4465 ι
2922 4415 3292 4472 lnbabitautes
3346 4430 3525 4473 autem

273 4495 455 4558 οἰκίας
484 4495 732 4567 πηλίνας,
761 4497 823 4563 ἐξ
845 4494 920 4553 ὧν
961 4501 1056 4553 καὶ
1082 4502 1236 4555 αὐτοὶ
1265 4504 1330 4556 ὲκ
1365 4505 1460 4557 τοῦ
1486 4507 1652 4561 αὐτοῦ
1676 4508 1849 4578 πηλοῦ

277 4587 469 4657 ἐσμεν.
502 4606 521 4640 a
556 4582 684 4658 'Ap'
709 4583 804 4641 οὖν
835 4589 1135 4662 ἐπειδήπερ
1164 4591 1344 4656 οἰκίας
1394 4594 1622 4662 πηλίνας
1649 4599 1717 4653 τά
1746 4599 1852 4654 τῶν

275 4675 579 4748 ἀνθρώπων
616 4677 873 4750 ὀνομάζει
897 4679 1146 4751 σώματα,
1171 4682 1572 4741 διαὸεδαιοῦται
1595 4687 1650 4742 δὲ
1675 4706 1852 4744 κατοι·

279 4770 397 4824 κεῖν
426 4772 488 4825 ἐν
529 4769 722 4834 αὑταῖς
761 4772 861 4835 τάς
909 4771 1109 4843 ψυχὰς,
1163 4775 1244 4838 εἰς
1289 4773 1385 4829 δύο
1431 4782 1849 4854 κατατεμοῦμεν

278 4855 596 4928 ἀνθρώπους
643 4860 735 4915 τὸν
782 4862 918 4930 ἕνας
981 4863 1176 4918 Καίτοι
1233 4865 1349 4929 πῶς
1405 4869 1505 4922 ούκ
1547 4870 1851 4944 ἀμώμητον

277 4949 578 5016 παντελῶς,
611 4953 672 5006 τὸ
696 4955 786 5008 καὶ
819 4956 877 5008 ὲν
906 4954 1178 5028 ἀνθρώπῳ
1207 4956 1456 5027 λέγεσθαι
1482 4967 1758 5040 κατοικεῖν
1784 4966 1847 5020 τὸ

283 5048 504 5117 πνεῦμα
542 5050 742 5117 αὐτοῦς
776 5053 940 5106 Ὥστε
991 5053 1097 5107 κάν
1135 5056 1185 5108 εί
1229 5054 1292 5108 τὸ
1327 5057 1422 5112 τοῦ
1461 5058 1620 5127 λόγου
1661 5061 1845 5133 σχῆμα

279 5140 369 5194 διὰ
420 5139 676 5196 τοιούτων
715 5143 935 5214 ἔρχεται
990 5145 1244 5217 τρόπων,
1303 5147 1399 5219 οὐχ
1447 5151 1647 5224 ἑτέρως
1701 5153 1844 5224 ἔχειν

279 5231 595 5307 δυνάμενον,
659 5232 719 5287 ού
779 5233 876 5296 τάς
944 5234 1053 5288 τῶν
1125 5235 1467 5307 πραγμάτων
1538 5239 1842 5298 ἀδικεῖσθαι

280 5323 470 5393 φύσεις
498 5325 587 5380 διά
626 5323 786 5378 τοῦτο
819 5323 1039 5393 πρέπει,
1074 5324 1271 5378 ἐννοεῖν
1308 5323 1366 5378 δὲ
1412 5326 1612 5395 μᾶλλον
1651 5329 1841 5398 αὐτὰς,

280 5415 377 5470 καὶ
401 5413 636 5470 κατευθὺ
666 5413 764 5485 τῆς
785 5411 1045 5484 ἀληθείας
1073 5413 1412 5468 διασπεύδειν
1434 5416 1768 5486 ἐπείγεσθαι.

356 5550 402 5582 “
453 5548 661 5605 Coloss.
689 5564 752 5612 ιι,
779 5549 834 5603 9.
910 5548 956 5580 ⁸¹
982 5547 1181 5611 Jobtv,
1207 5547 1294 5603 19.

1948 4507 2137 4560 domos
2161 4504 2355 4570 luteas,
2390 4505 2458 4562 de
2480 4507 2674 4575 quibus
2707 4515 2759 4561 et
2793 4520 2891 4564 ncs
2937 4522 3005 4563 ex
3034 4509 3224 4564 endem
3272 4509 3385 4566 luto
3432 4525 3530 4566 su-

1950 4611 2070 4651 mus
2098 4596 2162 4649 δ’.
2217 4616 2238 4650 ι
2271 4596 2519 4667 Ergone,
2550 4600 2806 4666 qnoniam
2840 4598 3012 4655 luteas
3048 4600 3241 4655 domos
3287 4601 3524 4657 bumana

1950 4704 2177 4760 corpora
2203 4691 2468 4786 nominate
2492 4698 2548 4746 et
2571 4689 2804 4746 atllrmat
2827 4691 2879 4745 in
2910 4690 2995 4746 bis
3019 4692 3229 4747 animas
3254 4693 3525 4760 babitare,

1956 4782 2008 4836 in
2036 4783 2171 4838 duos
2197 4782 2443 4838 bomines
2461 4798 2623 4838 unum
2651 4782 2923 4838 bominem
2963 4782 3309 4839 dividemus?
3361 4786 3524 4854 Atqu·

1959 4887 2062 4925 non
2115 4872 2428 4928 irrationale
2456 4873 2676 4941 omnino
2706 4873 2809 4939 sit,
2849 4883 2909 4927 ut
2956 4873 3009 4929 in
3044 4872 3260 4929 bomine
3305 4874 3529 4946 spiritus

1954 4976 2087 5020 suus
2128 4965 2433 5022 inhabitare
2469 4965 2699 5021 dicatur.
2741 4965 2911 5034 Ergo,
2946 4966 3047 5022 etsi
3075 4982 3174 5035 per
3220 4966 3525 5037 luujnsmodi

1954 5057 2144 5112 modos
2172 5057 2436 5114 orationis
2480 5057 2651 5128 ligura
2713 5059 2990 5127 procedat,
3034 5071 3156 5111 cum
3205 5057 3363 5112 aliter
3409 5058 3524 5110 lteri

1954 5164 2058 5206 nou
2094 5150 2285 5222 possit,
2310 5165 2417 5206 non
2446 5160 2623 5205 tamen
2651 5149 2772 5206 ideo
2802 5163 2982 5205 rerum
3003 5150 3276 5220 corrumpi
3302 5157 3525 5202 araturas

1949 5251 2217 5311 oporteat,
2260 5243 2355 5299 sed
2391 5241 2564 5314 magis
2591 5255 2683 5299 eas
2723 5250 2872 5299 recto
2906 5240 3148 5298 veritatis
3176 5247 3363 5297 tenore
3404 5255 3523 5295 ser-

1948 5348 2088 5389 vari.

355 5685 432 5758 (l)
461 5684 695 5754 intellige
722 5701 969 5756 magnam
999 5687 1142 5742 illam
1171 5697 1225 5743 et
1243 5687 1622 5761 οἱκουμενικὴν
1651 5688 1913 5762 synodum
1947 5686 2241 5746 Nicaenam.

639 5780 905 5843 Pnnot..
945 5784 1058 5846 Gn.
1091 5781 1321 5844 Lxxv.

3009 5787 3085 5854 44
