3809 6125
332 280 445 336 8¹3

1358 285 1362 290 ’
1397 290 1486 347 DE
1525 291 1629 350 SS.
1671 293 2049 353 'rle'rA‘rE
2087 296 2430 358 mALOGth
2468 300 2559 359 tv.

3478 296 3585 353 9¹⁴

329 390 668 462 Υΰγΰνῆσθαῑ
716 394 892 464 λέγων
918 398 1009 452 τὸν
1045 399 1192 464 Υῑὸν,
1235 402 1324 456 ὅτε
1365 404 1590 475 γέγονεν
1616 408 1919 481 ἅνθρωπος·
1951 417 1998 474 A
2024 428 2241 471 sacram
2271 415 2451 473 sutiles
2482 416 2635 473 nobis
2663 429 2831 487 nugas
2876 415 2965 470 bic
3009 412 3328 477 obtrusisse,
3358 384 3584 469 dicendo

329 484 471 537 Πότε
506 483 616 557 γὰρ
641 480 710 557 ἦν
751 487 813 541 οὐ
846 489 969 559 μεθ’
998 490 1179 563 ήμῶν,
1219 495 1377 567 εἴπερ
1404 498 1520 551 ἐστὶ
1548 493 1808 572 γενητός;

401 687 463 742 Β.
503 682 581 743 Εὖ
621 688 821 759 λέγεις.
1476 725 1478 728 -

399 782 468 839 Δ.
509 780 575 834 Εί
606 780 663 834 δὲ
690 780 756 852 δὴ
785 781 879 836 καὶ
903 782 1115 852 λέγοιτο
1139 786 1374 858 Χριστὸς
1396 789 1651 859 γενέσθαι
1679 792 1772 847 καὶ
1797 792 1914 846 Κύ-

325 892 468 947 ριος,
504 874 780 944 ἐννοήσεις
822 874 905 929 ὅτι
950 878 1258 935 κεκένωκεν
1297 879 1511 947 ἑαυτὸν,
1545 883 1742 956 μέτρον
1778 886 1914 940 ὐπο-

321 966 423 1032 ebe
466 965 530 1020 τὸ
577 964 950 1038 δουλοπρεπὲς
1000 968 1088 1024 διὰ
1130 969 1229 1041 τὴν
1273 971 1410 1045 πρὸς
1451 975 1603 1046 ήμᾶς
1629 974 1910 1046 ὁμοίωσιν.

322 1057 441 1113 Καὶ
485 1052 575 1129 ἦν,
607 1051 764 1128 οἶμαί
807 1074 934 1119 που.
970 1062 1134 1129 σοφόν
1181 1080 1242 1116 τε
1290 1064 1386 1119 καὶ
1437 1064 1756 1136 ἀναγκαῖον,
1792 1068 1916 1140 οὐχὶ

320 1150 442 1211 τοῖς
464 1146 589 1202 καθ’
612 1148 785 1220 ήμᾶς,
815 1148 939 1203 οὐδὲ
970 1154 1039 1223 τῇ
1064 1152 1164 1221 τῆς
1192 1154 1398 1225 σαρκὸς
1423 1156 1611 1230 ἀδοξίᾳ
1639 1158 1737 1229 τὴν
1763 1157 1915 1214 θείαν

319 1238 594 1311 ἡττᾶσθαι
624 1239 811 1309 φύσιν,
842 1242 1253 1314 ἀναπότριπτον
1280 1245 1515 1317 ἔχουσαν
1539 1248 1640 1319 τῆς
1667 1249 1913 1315 δουλείας

317 1331 384 1385 τὸ
411 1330 800 1402 κατηγόρημα,
829 1333 926 1386 καὶ
953 1333 1054 1404 τὴν
1077 1335 1391 1407 εἱσποίητον
1421 1323 1659 1422 ἀδοξίαν,
1689 1339 1826 1394 ἀλλὰ
1852 1340 1915 1395 τὸ

319 1423 389 1476 ἐκ
422 1422 524 1494 τῆς
545 1421 787 1486 δουλείας
814 1426 1227 1497 σμικροπρεπὲς
1266 1430 1334 1500 τῇ
1373 1428 1474 1501 τῆς
1505 1425 1761 1509 θεότητος
1783 1431 1912 1505 δόξῃ

318 1515 698 1585 παραχωρεῖν.
723 1514 935 1570 Οὐκοῦν
963 1515 1193 1590 ἐπείπερ
1220 1520 1277 1574 ὲν
1301 1518 1507 1585 δούλοις
1535 1510 1912 1593 κεχρημάτικε

316 1605 390 1661 δι’
417 1606 590 1677 ἡμᾶς,
618 1606 945 1677 ἀνεφοίτησε
976 1608 1034 1661 δὲ
1063 1604 1130 1662 αὖ
1162 1610 1243 1673 είς
1263 1609 1362 1681 τὴν
1388 1610 1616 1666 ἐνοῦσαν
1645 1597 1796 1683 αὐτῷ
1819 1614 1914 1667 καὶ

316 1697 702 1770 &vammum
741 1699 1061 1771 κυριότητα,
1096 1701 1189 1754 καὶ
1223 1702 1438 1770 φύσεως
1465 1685 1655 1774 νόμοις
1691 1705 1914 1776 ἐρηρει-

319 1791 553 1861 σμένην,
579 1788 784 1861 Κύριος
831 1789 1133 1860 κεκλῆσθαι
1165 1790 1406 1860 λέγεται,
1444 1794 1543 1847 καὶ
1593 1793 1716 1866 μεθ’
1755 1795 1913 1867 ήμῶν

316 1878 581 1951 γενέσθαι
608 1879 698 1933 διὰ
725 1880 785 1934 τὸ
813 1880 1174 1951 ἀνθρώπινον.
1201 1884 1264 1936 Ei
1293 1884 1349 1937 δὲ
1379 1882 1444 1955 δὴ
1477 1883 1789 1958 μέλλοιμεν,
1811 1886 1912 1958 τῆς

319 1968 561 2044 ἀληθοῦς
600 1969 837 2042 θεωρίας
869 1972 1245 2043 ηφειδηκότες,
1283 1974 1604 2029 ὲπιπλέκειν
1641 1974 1721 2047 πῖ)
1750 1977 1913 2047 Λόγῳ

318 2064 505 2119 πάντα
544 2061 616 2117 τὰ
643 2062 866 2134 σαρκὸς,
897 2064 1015 2135 ήτοι
1047 2064 1137 2118 διὰ
1174 2064 1271 2137 τὴν
1307 2066 1511 2138 σάρκα,
1540 2067 1914 2140 πεπραγμένα

318 2151 422 2207 καὶ
447 2151 733 2224 εἰρημένα,
763 2151 1166 2225 δυσσεὸἠσομεν
1192 2154 1253 2207 οὐ
1287 2153 1542 2227 μετρίως.
1573 2156 1771 2225 Γέγονε
1803 2156 1914 2229 γὰρ

322 2239 435 2298 enh
459 2241 649 2314 νόμον·
677 2242 774 2295 καὶ
804 2242 910 2314 μὴν
942 2243 1138 2314 ὁρατός
1166 2261 1226 2297 τε
1258 2245 1351 2299 καὶ
1382 2245 1575 2310 ἁπτὸς,
1606 2246 1702 2299 καὶ
1735 2246 1912 2318 βραχύ

331 2350 390 2387 τι
431 2332 562 2406 παρ’
591 2331 876 2403 ἀγγέλους,
927 2352 946 2385 ι
981 2335 1075 2387 καὶ
1117 2336 1176 2389 ὲν
1221 2338 1335 2400 τοῖς
1373 2336 1598 2408 ἀνόμοις
1636 2335 1912 2409 ἐλογίσθη,

337 2423 438 2481 καὶ
466 2424 542 2491 ὡς
564 2425 826 2499 κρόὸατον
850 2426 943 2478 ἐπὶ
974 2426 1187 2497 σφαγὴν
1218 2426 1383 2499 ἤχθη,
1414 2445 1435 2480 ι
1478 2427 1576 2481 καὶ
1611 2427 1703 2482 τὸν
1736 2427 1915 2493 οὕτως

334 2516 546 2590 οίκτρὸν
567 2517 773 2590 ὑπέστη
807 2517 1058 2572 θάνατον.
1078 2518 1396 2573 Ἀναθετέον
1424 2513 1518 2573 οὖν
1545 2518 1654 2590 ἄρα
1699 2520 1766 2591 τῇ
1815 2517 1914 2572 τοῦ

332 2608 500 2681 Adrou
527 2609 709 2680 φύσει,
740 2610 837 2665 καὶ
868 2611 919 2663 εί
950 2609 1074 2679 δίχα
1099 2611 1272 2664 νοοῖτο
1305 2609 1531 2681 σαρκὸς,
1567 2609 1664 2663 καὶ
1699 2610 1760 2663 ὲν
1786 2608 1915 2662 τού-

331 2718 438 2767 τοις
474 2696 616 2757 εἶναι
647 2700 809 2772 τυχὸν
851 2703 964 2765 τοῖς
995 2693 1099 2755 ὧδε
1129 2701 1582 2773 χθαμαλωτάτοις
1634 2698 1730 2753 καὶ
1774 2698 1912 2753 πολὺ

325 2791 536 2849 νοσοῦσι
559 2793 623 2848 τὸ
643 2792 921 2857 δυσκλεές.
951 2792 1064 2847 Καὶ
1087 2792 1140 2846 τί
1169 2793 1230 2847 τὸ
1251 2791 1536 2872 ὲντεῦθεν;
1578 2790 1915 2847 Ἀπώλισθεν

322 2887 353 2941 ὁ
377 2887 661 2959 ἀγαπητὸς
692 2887 788 2940 καὶ
837 2885 1090 2958 σύνεδρος
1118 2886 1198 2957 τῷ
1231 2885 1436 2954 Πατρὶ,
1470 2884 1696 2951 παντὸς,
1727 2879 1905 2955 οἶμαι,

320 2977 509 3032 λοιπὸν
528 2976 624 3031 τοῦ
651 2976 788 3045 πρὸς
806 2975 967 3042 δόξαν
988 2976 1149 3030 αὐτὸν
1173 2977 1461 3047 ἀνέχοντος
1481 2976 1582 3047 τὴν
1605 2976 1910 3048 θεοπρεπῆ,

320 3069 529 3143 μᾶλλον
574 3069 633 3122 δὲ
683 3067 785 3120 κᾶν
810 3067 941 3135 γοῦν
969 3068 1028 3120 ὲν
1061 3066 1160 3137 ἴσῳ
1188 3067 1427 3132 τιθέντος
1457 3070 1571 3131 τοῖς
1602 3067 1781 3139 ἁγίοις
1810 3068 1912 3139 ἀγ·
1942 3114 1984 3170 C

316 3162 532 3232 γέλοις.
569 3157 827 3214 Ἀνθότου
862 3158 928 3227 δὴ
958 3153 1072 3224 οὗν,
1103 3159 1133 3210 ὁ
1163 3157 1260 3227 μὲν
1300 3160 1415 3221 τοῖς
1458 3156 1918 3230 θείοις--ὲναγλαῒ-

314 3251 488 3318 ζεται
531 3248 737 3314 θάκοις,
770 3247 865 3302 καὶ
910 3246 1217 3320 συνεδρεύει
1255 3247 1335 3318 τῷ
1372 3248 1654 3321 Πατρὶςρί
1682 3250 1741 3304 δὲ
1770 3268 1916 3324 παρ-

318 3343 551 3398 ιστᾶσιν
579 3346 639 3394 ὲν
668 3340 871 3412 κύκλῳ,
888 3341 950 3395 τὸ
977 3343 1074 3412 τῆς
1105 3340 1196 3394 ὑπ’
1217 3339 1367 3412 αὐτῷ
1396 3324 1643 3419 miae
1667 3342 1768 3396 οὐκ
1799 3343 1918 3397 ἀτι-

326 3432 600 3507 μάζοντες
632 3434 865 3506 μέτρον;
921 3435 1018 3491 καὶ
1057 3433 1239 3507 ὁμὲν
1276 3430 1391 3489 ἔστι
1442 3449 1503 3486 τε
1546 3433 1642 3489 καὶ
1690 3433 1912 3503 λέγεται

324 3523 534 3597 Κύριος
578 3525 828 3591 Σαόαὼθ,
857 3526 908 3580 οί
945 3525 1003 3580 δὲ
1048 3527 1167 3592 ταῖς
1203 3525 1284 3589 είς
1325 3524 1624 3596 κυριότητα
1667 3543 1909 3597 καταγε-

326 3619 612 3692 ραίρουσιν
641 3618 959 3689 εὐφημίαις,
990 3616 1175 3688 πλήρη
1208 3634 1266 3670 τε
1292 3613 1431 3671 εἷναί
1463 3633 1596 3684 φασι
1628 3615 1721 3670 τὸν
1749 3618 1917 3690 οὐρα-

2023 510 2302 565 nobiscum
2324 508 2527 564 sactum
2556 523 2676 565 esse
2698 508 2915 576 Filium,
2940 522 3062 563 cum
3087 507 3245 561 bomo
3279 505 3453 559 iactus
3480 512 3584 559 est.

2020 597 2245 665 Quando
2262 600 2404 654 enim
2427 608 2543 654 erat
2565 614 2669 654 non
2689 597 2988 666 nobiscum,
3005 596 3267 666 siquidem
3286 594 3459 650 sactus
3473 591 3587 650 esti

2091 703 2155 761 B.
2188 704 2359 762 Recte
2388 708 2491 764 ais.

2090 799 2152 852 A.
2191 797 2249 852 Si
2276 812 2407 854 vero
2431 798 2643 855 dicatur
2670 814 2885 870 quoque
2905 797 3151 855 Christus
3174 810 3295 852 esse
3322 808 3386 851 ac
3402 792 3589 851 Domi·-

2020 905 2144 957 nus,
2158 890 2422 963 cogitabis
2447 892 2619 963 ipsum
2645 907 2705 949 se
2727 892 3054 959 exinanisse,
3074 889 3380 946 conditione
3403 885 3589 949 servili

2020 989 2265 1052 suscepta
2319 991 2539 1054 propter
2582 983 2750 1039 nostri
2800 982 3225 1038 similitudinem.
3262 981 3331 1036 Et
3369 978 3590 1037 consul-

2020 1076 2134 1124 tum
2160 1085 2228 1128 ac
2251 1073 2613 1127 necessarium
2648 1072 3004 1143 erat.opinor,
3029 1086 3138 1127 non
3176 1080 3361 1125 nostra
3400 1069 3585 1125 condi·

2022 1160 2190 1227 tione,
2274 1176 2449 1232 neque
2478 1162 2659 1218 carnis
2695 1162 3027 1218 obscuritate
3076 1160 3314 1216 divinam
3343 1160 3589 1230 superari

2021 1261 2289 1321 naturam,
2313 1254 2593 1310 servitutis
2621 1253 2890 1310 indelebili
2912 1262 3036 1308 nota
3058 1260 3111 1309 et
3131 1252 3419 1308 adventitia
3443 1249 3591 1324 igno·

2019 1342 2227 1399 bilitate
2263 1342 2534 1412 affectam,
2564 1344 2658 1400 sed
2693 1345 3048 1426 bumilitatem
3082 1343 3359 1400 servimus
3392 1342 3592 1398 divini·

2023 1430 2150 1491 tatis
2176 1435 2359 1506 gloriae
2401 1435 2718 1491 concedere.
2750 1433 2936 1503 ltaque
2972 1449 3093 1489 cum
3140 1434 3284 1489 inter
3309 1448 3494 1489 servos
3519 1432 3593 1488 sit

2020 1534 2240 1594 propter
2283 1539 2380 1583 nos
2414 1533 2719 1595 reputatus,
2745 1541 2936 1581 rursus
2978 1533 3156 1581 autem
3203 1523 3273 1579 ad
3325 1538 3445 1579 eam
3470 1538 3591 1594 ηοω

2020 1612 2120 1684 ipsi
2148 1614 2377 1679 inest,ac
2402 1612 2569 1669 deleri
2614 1613 2803 1682 nequit
2858 1614 3301 1681 dominationem,
3364 1627 3591 1682 quoeque

2017 1706 2442 1777 naturaelegibus
2464 1706 2673 1761 firmata
2693 1714 2797 1771 est,
2820 1707 3062 1771 redierit,
3089 1704 3346 1762 Dominus
3368 1714 3591 1761 vocatus

2017 1808 2141 1851 esse
2167 1795 2389 1859 dicitur,
2415 1806 2470 1851 et
2496 1795 2780 1852 nobiscum
2809 1794 2985 1851 sactus
3010 1810 3133 1852 esse
3157 1804 3379 1865 propter
3400 1794 3593 1848 buma-

2015 1883 2422 1952 nitatem.Quod
2438 1884 2483 1940 si
2501 1899 2627 1939 vera
2647 1885 2891 1941 doctrina
2910 1886 3107 1952 rejecta
3120 1882 3298 1939 Verbo
3313 1883 3589 1939 ascribere

2016 1977 2246 2033 velimus
2279 1978 2462 2033 omnia
2484 1991 2607 2048 quae
2635 1987 2760 2034 sunt
2780 1977 2978 2042 carnis,
3005 1984 3099 2031 aut
3124 1984 3344 2046 propter
3366 1989 3587 2030 caruem

2016 2067 2157 2122 dicta
2186 2066 2460 2137 factaque,
2489 2082 2595 2123 non
2627 2064 2881 2122 mediocri
2928 2065 3129 2122 scelere
3158 2079 3255 2120 nos
3281 2064 3589 2133 obstringe-

2015 2173 2156 2214 niuS.
2187 2158 2300 2214 Sub
2332 2158 2448 2230 lege
2468 2158 2613 2214 enim
2649 2158 2770 2225 fuit,
2804 2158 3015 2215 visibile
3041 2159 3167 2213 item
3198 2165 3361 2225 atque
3402 2155 3589 2225 palpa·

2013 2249 2142 2316 bile,
2176 2258 2230 2306 et
2262 2250 2423 2321 paulo
2455 2250 2631 2306 minus
2665 2250 2873 2321 angelis
2900 2252 2968 2317 ’',
2994 2258 3048 2305 et
3085 2265 3208 2305 cum
3249 2248 3447 2319 iniquis
3493 2247 3590 2304 de-

2015 2349 2258 2414 putatum
2288 2349 2374 2396 est
2408 2341 2478 2407 ⁸⁸,
2504 2353 2561 2397 et
2589 2350 2845 2411 tanquam
2887 2340 3003 2396 ovis
3044 2340 3111 2395 ad
3136 2339 3460 2395 occisionem
3490 2336 3589 2391 du·

2016 2442 2163 2488 ctum
2185 2441 2291 2499 est,
2324 2442 2664 2506 mortemque
2696 2435 3055 2490 miserandam
3082 2431 3340 2489 sustinuit
3372 2430 3440 2485 ⁹⁸.
3467 2429 3589 2486 Tri-

2014 2524 2225 2579 buenda
2257 2534 2386 2580 sunt
2422 2526 2589 2597 igitur
2638 2525 2803 2582 Verbi
2832 2534 3067 2590 naturae,
3114 2522 3365 2595 quamvis
3409 2519 3589 2576 carnis

2015 2629 2211 2684 expers
2270 2615 2625 2687 intelligatur,
2658 2617 2819 2673 etiam
2861 2617 2965 2672 ista
3016 2616 3275 2671 vilissima
3326 2612 3491 2685 536
3531 2618 3590 2667 et

2016 2704 2184 2760 multa
2216 2719 2338 2761 cum
2371 2705 2664 2776 ignominia
2713 2705 3019 2776 conjuncta.
3054 2700 3194 2771 Quid
3249 2710 3362 2756 tum
3404 2701 3527 2754 inde
3558 2696 3585 2753 ἲ

2015 2796 2240 2852 Excidet
2268 2796 2525 2851 nimirum
2575 2794 2831 2859 dilectus,
2876 2804 2930 2850 et
2971 2793 3060 2849 ille
3096 2790 3275 2847 Patris
3319 2802 3587 2854 assessor,

2014 2886 2160 2943 omni
2180 2900 2239 2941 re
2267 2885 2479 2942 tandem
2500 2900 2621 2955 ηοω
2649 2886 2720 2940 ad
2742 2884 2980 2940 divinam
3007 2882 3231 2955 gloriam
3261 2882 3437 2951 ipsum
3457 2876 3589 2936 effe-

2017 2986 2122 3044 rat,
2150 2976 2403 3033 imovero
2433 2990 2555 3048 quae
2575 2974 2657 3032 vei
2686 2974 2861 3045 ipsum
2890 2974 3093 3031 sanctis
3112 2972 3319 3044 angelis
3352 2968 3586 3027 similem

2019 3066 2202 3123 saciat.
2241 3066 2353 3123 Cur
2392 3081 2526 3139 ergo
2563 3067 2653 3123 bic
2694 3065 2890 3123 divinis
2915 3063 3139 3122 sedibus
3186 3064 3507 3128 honoratur,
3532 3065 3589 3114 et

2016 3158 2168 3215 Patri
2194 3160 2417 3226 assidet,
2453 3159 2530 3216 illi
2556 3172 2685 3216 vero
2732 3158 3110 3221 circumstant,
3154 3169 3263 3210 non
3309 3150 3585 3223 dedignati

2018 3253 2383 3309 conditionem
2418 3251 2704 3309 servitutis
2721 3251 2745 3306 2³
2762 3248 2831 3305 Et
2854 3249 2944 3305 hic
2960 3248 3177 3319 quidem
3206 3253 3291 3303 est
3310 3261 3376 3302 ac
3392 3245 3588 3301 dicitur

2018 3342 2278 3400 Dominus
2300 3342 2569 3400 Sabaoth:
2599 3342 2674 3398 illi
2691 3350 2869 3397 autom
2884 3341 3058 3412 ipsum
3087 3348 3147 3394 ut
3166 3338 3451 3395 Dominum
3464 3349 3593 3406 pro·-

2017 3443 2315 3505 sequuntur
2338 3433 2604 3498 laudibus,
2639 3440 2696 3487 et
2723 3432 2937 3501 plenum
2965 3442 3090 3485 esse
3125 3427 3277 3482 aiunt
3303 3424 3497 3482 coelum
3530 3430 3593 3480 et

2014 3538 2213 3582 terram
2237 3523 2406 3594 gloria
2426 3523 2594 3594 ejus&
2623 3519 2875 3593 Nunquid
2897 3521 3062 3592 igitur
3089 3534 3212 3576 eum
3230 3531 3389 3588 quem
3414 3524 3590 3573 tanto-

2014 3633 2143 3691 pere
2172 3616 2468 3689 suspiciunt
2482 3614 2681 3686 angeli,
2704 3627 2913 3671 summa
2940 3610 3110 3683 gloria
3124 3610 3356 3681 praediti,
3380 3609 3583 3664 factum

325 3710 418 3765 νὺν
443 3710 537 3764 καί
566 3711 665 3781 τὴν
707 3711 808 3780 γῆν
837 3710 938 3773 τῆς
972 3707 1134 3780 δόξης
1165 3707 1331 3762 αὐτοῦ
1361 3724 1376 3774 ;
1419 3703 1547 3779 Ἆρ’
1578 3703 1672 3761 οὖν
1708 3708 1830 3780 οὐχὶ
1857 3710 1922 3764 τὸ
2028 3723 2149 3766 esse
2177 3708 2382 3775 dicere,
2400 3721 2553 3762 vanae
2579 3713 2636 3761 et
2667 3707 2861 3776 ineptae
2886 3703 3087 3759 mentis
3114 3702 3333 3757 morbus
3362 3699 3484 3756 est?

331 3805 662 3877 πεποιῆσθαι
688 3804 867 3874 λέγειν
887 3803 979 3859 τὸν
1007 3797 1110 3858 ὧδε
1137 3802 1586 3875 τεθαυμασμένον
1621 3803 1718 3856 καὶ
1767 3803 1904 3874 πρὸς
1945 3804 2056 3859 τῶν
2090 3804 2325 3876 ἐχόντων
2354 3797 2510 3873 λῆξιν
2545 3799 2820 3866 εὐκλείας,
2850 3799 2950 3869 τῆς
2977 3798 3237 3855 ἀνωτάτω
3257 3796 3471 3870 ψυχρᾶς
3494 3791 3590 3851 καὶ

334 3896 501 3952 ἑώλου
530 3898 743 3968 νόσημα
776 3896 1004 3968 φρενός;

406 4010 474 4067 Β.
513 4011 834 4066 Παντάπασι
888 4011 987 4081 μὲν
1036 4004 1162 4065 οὖν·
1210 4010 1360 4082 τάμὰ
1416 4010 1525 4082 γὰρ
1564 4011 1623 4065 ὲν
1680 4011 1915 4076 τούτοις.
2084 4009 2148 4066 Β.
2181 4009 2257 4065 lta
2281 4021 2540 4080 prorsus:
2571 4018 2689 4061 mea
2709 4004 2908 4076 quippe
2926 4003 3006 4059 sic
3037 4003 3141 4059 fert
3168 4012 3323 4059 tatto.
3354 4002 3588 4058 Verum·

332 4104 477 4157 Φασὶ
507 4102 553 4156 δ’
573 4098 668 4158 οὖν
699 4104 870 4176 ὅμως,
906 4105 986 4168 εἰς
1017 4102 1156 4175 ἔργα
1198 4101 1295 4156 τοῦ
1346 4105 1563 4176 Πατρὸς
1612 4104 1922 4176 προδεδλῆ-
2016 4114 2197 4160 tamen
2212 4101 2367 4156 aiunt
2404 4100 2459 4155 in
2508 4111 2671 4170 opera
2692 4095 2873 4152 Patris
2906 4094 3244 4165 designatum
3312 4093 3483 4149 fuisse
3504 4091 3592 4148 Fi·

335 4195 466 4250 σθαι
495 4196 588 4250 τὸν
620 4196 765 4260 Υιὸν,
799 4196 921 4266 οὐχὶ
962 4195 1124 4267 μόνον
1166 4196 1255 4249 ὅτε
1287 4194 1386 4267 τὴν
1425 4194 1551 4249 καθ’
1574 4196 1720 4267 ἡμᾶς
1748 4196 1917 4250 ὑπέδυ
2020 4197 2296 4261 lium,non
2311 4192 2482 4249 solum
2502 4205 2624 4248 cum
2643 4197 2880 4246 nostram
2912 4187 3141 4243 formam
3177 4184 3362 4251 subiit,
3398 4184 3494 4241 sed
3518 4198 3589 4240 ex

337 4289 576 4361 μορφὴν,
621 4288 737 4342 ἀλλ’
768 4289 827 4355 ἐξ
866 4279 928 4342 οὗ
974 4289 1068 4344 καὶ
1117 4287 1379 4359 πέφηνεν,
1420 4287 1510 4342 ίνα
1547 4287 1615 4341 δι’
1641 4286 1808 4341 αὐτοῦ
1853 4288 1925 4341 τὰ
2021 4301 2129 4358 ηοο
2144 4286 2305 4342 etiam
2322 4281 2861 4351 effulsit,utpereum
2879 4273 3585 4346 motionemaseipsoveluti

334 4377 519 4433 πάντα
562 4377 872 4449 ἐργάσαιτο,
899 4375 1153 4447 καθάπερ
1183 4375 1483 4446 ὀργανικὴν
1509 4391 1633 4429 τινα
1674 4374 1774 4446 τὴν
1814 4375 1917 4429 ὑπ·
1944 4358 1995 4418 D
2021 4377 2379 4434 ministerium
2430 4373 2698 4446 quoddam
2747 4367 3161 4426 instrumentale
3202 4366 3256 4422 in
3311 4364 3585 4422 creaturis

333 4466 565 4538 ουργίαν
611 4467 670 4520 ὲν
718 4468 830 4530 τοίς
861 4463 1124 4536 κτίσμασι
1168 4463 1270 4534 τὴν
1298 4464 1443 4535 ,παρ’
1476 4462 1668 4518 ἑαυτοῦ
1699 4461 1913 4535 κίνησιν
2017 4469 2409 4534 conferentem,
2435 4465 2616 4523 omnia
2650 4463 2952 4534 perficeret,

336 4557 808 4628 σονεισφὲροντος.

407 4668 477 4723 Δ.
518 4668 692 4723 necat
716 4669 816 4740 τῆς
838 4668 983 4724 οὓτω
1015 4668 1192 4741 δεινῆς
1223 4670 1320 4724 καὶ
1350 4667 1592 4742 ἀκράτου
1617 4667 1917 4740 θρασυστο-

342 4757 506 4829 μίαςί
535 4758 709 4815 Ποίων
735 4760 844 4831 γὰρ
871 4760 938 4815 ἂν
969 4760 1049 4814 ἔτι
1074 4761 1352 4830 φείσαιντο
1377 4761 1572 4831 λόγων,
1598 4761 1647 4814 οί
1678 4762 1777 4815 καὶ
1820 4760 1919 4814 αὐ-

339 4848 441 4904 τοῦ
466 4852 818 4924 καταχέοντες
845 4851 938 4906 τοῦ
957 4851 1090 4906 Θεοῦ
1115 4852 1208 4905 καὶ
1233 4851 1444 4923 Πατρὸς
1468 4851 1529 4906 τὸ
1552 4851 1915 4922 είκαιουμγὸν,

338 4940 444 4998 καὶ
471 4940 552 5008 τὸ,
575 4944 774 5016 ήκιστα
801 4944 998 5017 διαρκῆ
1025 4943 1162 5015 πρὸς
1187 4944 1297 4999 πᾶν
1326 4942 1504 4999 ὁτιοῦν
1531 4941 1915 5014 διακεκτῆσθαι

338 5033 575 5106 δύναμιν
605 5034 701 5106 τὴν
725 5036 1077 5108 δημιουργὸν,
1105 5037 1220 5090 ἀλλ’
1246 5036 1382 5108 ὁμοῦ
1413 5037 1512 5109 μὲν
1543 5035 1638 5091 τοῦ
1674 5034 1913 5107 πρέπον-

339 5143 434 5191 τος
471 5127 761 5199 ἁμαρτεῖν,
795 5127 1056 5200 τητᾶσθαι
1080 5128 1137 5183 δὲ
1171 5129 1314 5184 οὕτω
1341 5131 1436 5184 καὶ
1467 5127 1777 5191 εὐσθενείας
1814 5126 1916 5198 τῆς

342 5218 638 5289 &metm

421 5330 480 5385 B.
524 5330 678 5398 116»ss

417 5424 481 5478 A.
521 5418 599 5477 ’n
628 5426 728 5479 οὐκ
756 5426 954 5491 ὲννοεῖς
1000 5426 1092 5480 καὶ
1136 5428 1241 5497 πρό
1274 5443 1335 5494 γε
1366 5426 1474 5479 τῶν
1513 5424 1688 5480 ἄλλων
1720 5425 1917 5489 tacetve,

2087 4666 2154 4720 A.
2211 4663 2389 4734 Papae,
2444 4677 2604 4734 quam
2658 4659 2861 4717 nefaria
2916 4674 2980 4715 ac
3032 4658 3280 4729 petulans
3325 4655 3548 4715 andacia
3566 4690 3582 4713 .

2017 4756 2224 4827 Quibus
2254 4755 2402 4811 enim
2434 4752 2689 4822 deinceps
2714 4759 2944 4822 parcent·
2964 4749 3325 4816 sermonibus,
3347 4747 3437 4818 qui
3456 4761 3590 4804 con-

2020 4860 2102 4908 tra
2125 4849 2294 4906 Deum
2332 4849 2506 4918 ipsum
2556 4860 2621 4902 ac
2661 4845 2877 4901 Patrem
2924 4842 3135 4898 effutire
3173 4842 3339 4897 etiam
3391 4841 3591 4895 audent

2020 4941 2271 5013 ineptias,
2306 4940 2478 5011 ipsum
2505 4951 2702 4992 vanum
2730 4950 2852 4991 esse
2885 4935 3154 5004 opificem,
3187 4947 3288 4989 nec
3315 4930 3587 4989 sufficien-

2021 5042 2129 5088 tem
2150 5032 2217 5088 ad
2242 5029 2455 5103 quidvis
2474 5027 2853 5100 perficiendum
2879 5025 3192 5081 creatricem
3218 5023 3325 5079 vim
3347 5022 3603 5078 obtinere

2022 5123 2263 5179 dicentes
2285 5139 2297 5176 ε
2322 5122 2414 5176 sed
2431 5118 2590 5175 simul
2610 5115 2823 5186 quidem
2854 5132 2882 5170 a
2911 5115 3106 5171 decoro
3130 5115 3406 5178 aberrare,
3430 5120 3588 5181 atque

2023 5213 2097 5269 ita
2127 5211 2325 5283 privari
2355 5222 2571 5282 quoquc
2599 5220 2848 5278 suprema
2873 5204 3116 5262 virtute?

2094 5326 2156 5381 B.
2198 5325 2315 5395 Quo
2345 5325 2550 5397 pacto?

2094 5421 2159 5477 A.
2178 5420 2368 5475 Annon
2392 5416 2521 5473 illud
2550 5416 2601 5471 in
2618 5413 2805 5485 primis
2821 5413 3044 5484 cogitas,
3067 5408 3207 5482 quod
3230 5409 3272 5464 si
3294 5407 3460 5464 satius
3475 5413 3593 5463 erat

341 5515 422 5583 ὣς
451 5517 611 5592 εἴπερ
629 5515 697 5590 ἦν
721 5521 943 5591 ἄμεινον
962 5522 1079 5584 ταῖς
1104 5519 1297 5573 ἑαυτοῦ
1326 5520 1601 5590 κινήσεσιν
1619 5516 1919 5590 ὀργανικὴν
2024 5511 2269 5583 opificem
2298 5511 2468 5565 neum
2496 5523 2561 5566 ac
2586 5506 2796 5564 Patrem
2822 5505 2889 5564 ad
2927 5518 3053 5561 suas
3086 5502 3346 5560 motiones
3393 5499 3596 5556 iustru-

418 5696 467 5746 .”
497 5696 658 5756 Hebr.
698 5715 756 5767 ιι,
787 5700 834 5754 7.
912 5700 956 5732 ’⁸
988 5699 1085 5755 isa.
1118 5715 1233 5766 ιιιι,
1270 5699 1363 5761 tm
1394 5697 1518 5753 Luc.
1555 5713 1690 5764 xxti,
1719 5698 1807 5755 57.
1886 5696 1935 5730 ⁸⁸
1963 5693 2066 5753 isa.
2100 5709 2215 5764 ιιιι,
2250 5696 2319 5765 7;
2364 5695 2481 5754 Act.
2515 5709 2629 5762 vm,
2659 5690 2751 5750 52.
2827 5693 2845 5724 ¹
2876 5691 2977 5747 isa.
3020 5704 3091 5754 νι,
3119 5687 3173 5742 3.
