<?xml version="1.0" encoding="UTF-8"?>
<!DOCTYPE html PUBLIC "-//W3C//DTD XHTML 1.0 Transitional//EN"
    "http://www.w3.org/TR/xhtml1/DTD/xhtml1-transitional.dtd">
<html xmlns="http://www.w3.org/1999/xhtml" xml:lang="en" lang="en">
 <head>
  <title>
</title>
<meta http-equiv="Content-Type" content="text/html;charset=utf-8" />
  <meta name='ocr-system' content='tesseract 3.04.00' />
  <meta name='ocr-capabilities' content='ocr_page ocr_carea ocr_par ocr_line ocrx_word'/>
</head>
<body>
  <div class='ocr_page' id='page_1' title='image "./patrologicursus109migngoog_0327.png"; bbox 0 0 3809 6125; ppageno 0'>
   <div class='ocr_carea' id='block_1_1' title="bbox 273 302 379 354">
    <p class='ocr_par' dir='ltr' id='par_1_1' title="bbox 273 302 379 354">
     <span class='ocr_line' id='line_1_1' title="bbox 273 302 379 354; baseline 0 -1"><span class='ocrx_word' id='word_1_1' title='bbox 273 302 379 354; x_wconf 74' lang='lat'><strong>853</strong></span> 
     </span>
    </p>
   </div>
   <div class='ocr_carea' id='block_1_2' title="bbox 1347 298 2516 364">
    <p class='ocr_par' dir='ltr' id='par_1_2' title="bbox 1347 298 2516 364">
     <span class='ocr_line' id='line_1_2' title="bbox 1347 298 2516 364; baseline 0.008 -11"><span class='ocrx_word' id='word_1_2' title='bbox 1347 298 1436 355; x_wconf 72' lang='lat' dir='ltr'><strong>BE</strong></span> <span class='ocrx_word' id='word_1_3' title='bbox 1474 298 1573 353; x_wconf 89' lang='lat' dir='ltr'><strong>SS.</strong></span> <span class='ocrx_word' id='word_1_4' title='bbox 1619 298 1995 358; x_wconf 70' lang='lat' dir='ltr'><strong>TtttNtTATE</strong></span> <span class='ocrx_word' id='word_1_5' title='bbox 2034 304 2389 364; x_wconf 72' lang='lat' dir='ltr'><strong>mametis</strong></span> <span class='ocrx_word' id='word_1_6' title='bbox 2425 305 2516 364; x_wconf 85' lang='lat' dir='ltr'><strong>ttt.</strong></span> 
     </span>
    </p>
   </div>
   <div class='ocr_carea' id='block_1_3' title="bbox 3441 302 3548 358">
    <p class='ocr_par' dir='ltr' id='par_1_3' title="bbox 3441 302 3548 358">
     <span class='ocr_line' id='line_1_3' title="bbox 3441 302 3548 358; baseline -0.009 0"><span class='ocrx_word' id='word_1_7' title='bbox 3441 302 3548 358; x_wconf 67' lang='lat'><strong>831</strong></span> 
     </span>
    </p>
   </div>
   <div class='ocr_carea' id='block_1_4' title="bbox 271 409 3546 486">
    <p class='ocr_par' dir='ltr' id='par_1_4' title="bbox 271 409 3546 486">
     <span class='ocr_line' id='line_1_4' title="bbox 271 409 3546 486; baseline -0.002 -5"><span class='ocrx_word' id='word_1_8' title='bbox 271 412 366 468; x_wconf 62' lang='grc' dir='ltr'><strong>καὶ</strong></span> <span class='ocrx_word' id='word_1_9' title='bbox 397 410 605 480; x_wconf 71' lang='lat' dir='ltr'><strong>dezov</strong></span> <span class='ocrx_word' id='word_1_10' title='bbox 650 410 747 465; x_wconf 60' lang='grc' dir='ltr'><strong>τὸν</strong></span> <span class='ocrx_word' id='word_1_11' title='bbox 783 410 1022 481; x_wconf 61' lang='grc' dir='ltr'>Πατέρα.</span> <span class='ocrx_word' id='word_1_12' title='bbox 1052 409 1327 481; x_wconf 47' lang='lat' dir='ltr'><strong>&amp;widem</strong></span> <span class='ocrx_word' id='word_1_13' title='bbox 1353 411 1410 464; x_wconf 75' lang='grc' dir='ltr'><strong>δὲ</strong></span> <span class='ocrx_word' id='word_1_14' title='bbox 1442 410 1631 485; x_wconf 62' lang='grc' dir='ltr'>ὥσπερ</span> <span class='ocrx_word' id='word_1_15' title='bbox 1671 412 1864 465; x_wconf 74' lang='grc' dir='ltr'>ἐκάτε-</span> <span class='ocrx_word' id='word_1_16' title='bbox 1892 422 1937 479; x_wconf 80' lang='grc' dir='ltr'><strong>Δ</strong></span> <span class='ocrx_word' id='word_1_17' title='bbox 1964 423 2303 478; x_wconf 86' lang='lat' dir='ltr'><strong>monstrabat</strong></span> <span class='ocrx_word' id='word_1_18' title='bbox 2343 422 2509 478; x_wconf 85' lang='lat' dir='ltr'><strong>Deum</strong></span> <span class='ocrx_word' id='word_1_19' title='bbox 2565 434 2631 476; x_wconf 86' lang='lat' dir='ltr'><strong>ac</strong></span> <span class='ocrx_word' id='word_1_20' title='bbox 2692 418 2979 475; x_wconf 80' lang='lat' dir='ltr'><strong>Dominum</strong></span> <span class='ocrx_word' id='word_1_21' title='bbox 3027 433 3152 476; x_wconf 89' lang='lat' dir='ltr'><strong>esse</strong></span> <span class='ocrx_word' id='word_1_22' title='bbox 3179 418 3422 486; x_wconf 77' lang='lat' dir='ltr'><strong>Patrem,</strong></span> <span class='ocrx_word' id='word_1_23' title='bbox 3447 420 3546 476; x_wconf 79' lang='lat' dir='ltr'><strong>sed</strong></span> 
     </span>
    </p>
   </div>
   <div class='ocr_carea' id='block_1_5' title="bbox 263 501 1870 1679">
    <p class='ocr_par' dir='ltr' id='par_1_5' title="bbox 263 501 1870 1679">
     <span class='ocr_line' id='line_1_5' title="bbox 269 501 1866 580; baseline -0.003 -20"><span class='ocrx_word' id='word_1_24' title='bbox 269 523 366 580; x_wconf 86' lang='grc' dir='ltr'><strong>ρον</strong></span> <span class='ocrx_word' id='word_1_25' title='bbox 404 503 615 568; x_wconf 74' lang='grc' dir='ltr'>τιθεὶς,</span> <span class='ocrx_word' id='word_1_26' title='bbox 654 502 716 556; x_wconf 80' lang='grc' dir='ltr'><strong>τὸ</strong></span> <span class='ocrx_word' id='word_1_27' title='bbox 756 504 855 573; x_wconf 85' lang='grc' dir='ltr'><strong>μὲν</strong></span> <span class='ocrx_word' id='word_1_28' title='bbox 884 502 986 574; x_wconf 83' lang='grc' dir='ltr'><strong>τῆς</strong></span> <span class='ocrx_word' id='word_1_29' title='bbox 1025 501 1279 572; x_wconf 81' lang='grc' dir='ltr'>θεότητος</span> <span class='ocrx_word' id='word_1_30' title='bbox 1305 503 1495 573; x_wconf 80' lang='grc' dir='ltr'>ὄνομα,</span> <span class='ocrx_word' id='word_1_31' title='bbox 1536 503 1615 573; x_wconf 85' lang='grc' dir='ltr'><strong>τῷ</strong></span> <span class='ocrx_word' id='word_1_32' title='bbox 1657 505 1866 575; x_wconf 60' lang='lat' dir='ltr'><strong>llas-pi,</strong></span> 
     </span>
     <span class='ocr_line' id='line_1_6' title="bbox 266 591 1867 665; baseline -0.002 -13"><span class='ocrx_word' id='word_1_33' title='bbox 266 598 327 652; x_wconf 83' lang='grc' dir='ltr'><strong>τὸ</strong></span> <span class='ocrx_word' id='word_1_34' title='bbox 354 595 412 649; x_wconf 79' lang='grc' dir='ltr'><strong>δὲ</strong></span> <span class='ocrx_word' id='word_1_35' title='bbox 450 593 553 664; x_wconf 87' lang='grc' dir='ltr'><strong>τῆς</strong></span> <span class='ocrx_word' id='word_1_36' title='bbox 604 591 961 664; x_wconf 78' lang='grc' dir='ltr'><strong>κυριότητος,</strong></span> <span class='ocrx_word' id='word_1_37' title='bbox 1004 593 1381 663; x_wconf 82' lang='grc' dir='ltr'>ἀπονέμεσθαι</span> <span class='ocrx_word' id='word_1_38' title='bbox 1434 596 1544 647; x_wconf 88' lang='grc' dir='ltr'>δεῖν</span> <span class='ocrx_word' id='word_1_39' title='bbox 1578 594 1867 665; x_wconf 76' lang='grc' dir='ltr'>ἐδοκίμαζε</span> 
     </span>
     <span class='ocr_line' id='line_1_7' title="bbox 267 680 1870 761; baseline 0.001 -21"><span class='ocrx_word' id='word_1_40' title='bbox 267 688 341 761; x_wconf 73' lang='grc' dir='ltr'><strong>τῷ</strong></span> <span class='ocrx_word' id='word_1_41' title='bbox 379 685 533 758; x_wconf 84' lang='grc' dir='ltr'><strong>Υίῷ;</strong></span> <span class='ocrx_word' id='word_1_42' title='bbox 567 680 905 756; x_wconf 80' lang='grc' dir='ltr'>Ἀλλ’,οἷμαί</span> <span class='ocrx_word' id='word_1_43' title='bbox 936 700 1060 752; x_wconf 90' lang='grc' dir='ltr'>που,</span> <span class='ocrx_word' id='word_1_44' title='bbox 1082 686 1244 755; x_wconf 72' lang='grc' dir='ltr'>σοφὸν</span> <span class='ocrx_word' id='word_1_45' title='bbox 1278 685 1343 739; x_wconf 86' lang='grc' dir='ltr'><strong>ἂν</strong></span> <span class='ocrx_word' id='word_1_46' title='bbox 1376 690 1548 740; x_wconf 85' lang='grc' dir='ltr'>νοοῖτο</span> <span class='ocrx_word' id='word_1_47' title='bbox 1582 689 1678 741; x_wconf 77' lang='grc' dir='ltr'><strong>καὶ</strong></span> <span class='ocrx_word' id='word_1_48' title='bbox 1702 690 1870 756; x_wconf 81' lang='grc' dir='ltr'>ἀναγ-</span> 
     </span>
     <span class='ocr_line' id='line_1_8' title="bbox 265 776 1868 856; baseline -0.001 -21"><span class='ocrx_word' id='word_1_49' title='bbox 265 784 461 846; x_wconf 84' lang='grc' dir='ltr'>καῖον,</span> <span class='ocrx_word' id='word_1_50' title='bbox 501 776 627 833; x_wconf 73' lang='grc' dir='ltr'>οὔτε</span> <span class='ocrx_word' id='word_1_51' title='bbox 663 780 764 849; x_wconf 75' lang='grc' dir='ltr'><strong>τῆς</strong></span> <span class='ocrx_word' id='word_1_52' title='bbox 807 777 952 832; x_wconf 76' lang='grc' dir='ltr'>κατὰ</span> <span class='ocrx_word' id='word_1_53' title='bbox 985 777 1148 848; x_wconf 83' lang='grc' dir='ltr'>φύσιν</span> <span class='ocrx_word' id='word_1_54' title='bbox 1194 779 1290 833; x_wconf 71' lang='grc' dir='ltr'><strong>καὶ</strong></span> <span class='ocrx_word' id='word_1_55' title='bbox 1337 779 1575 856; x_wconf 44' lang='lat' dir='ltr'><strong>&amp;tuo-063</strong></span> <span class='ocrx_word' id='word_1_56' title='bbox 1616 780 1868 851; x_wconf 87' lang='grc' dir='ltr'>θεότητος</span> 
     </span>
     <span class='ocr_line' id='line_1_9' title="bbox 263 869 1864 945; baseline 0 -20"><span class='ocrx_word' id='word_1_57' title='bbox 263 873 366 942; x_wconf 81' lang='grc' dir='ltr'><strong>τὴν</strong></span> <span class='ocrx_word' id='word_1_58' title='bbox 414 870 509 926; x_wconf 83' lang='grc' dir='ltr'><strong>τοῦ</strong></span> <span class='ocrx_word' id='word_1_59' title='bbox 542 869 807 925; x_wconf 85' lang='grc' dir='ltr'>δύνασθαι</span> <span class='ocrx_word' id='word_1_60' title='bbox 853 873 1101 941; x_wconf 82' lang='grc' dir='ltr'>κρατεῖν,</span> <span class='ocrx_word' id='word_1_61' title='bbox 1133 869 1229 926; x_wconf 76' lang='grc' dir='ltr'><strong>καὶ</strong></span> <span class='ocrx_word' id='word_1_62' title='bbox 1259 870 1541 945; x_wconf 79' lang='grc' dir='ltr'>κυριεύειν</span> <span class='ocrx_word' id='word_1_63' title='bbox 1574 871 1684 925; x_wconf 86' lang='grc' dir='ltr'><strong>τῶν</strong></span> <span class='ocrx_word' id='word_1_64' title='bbox 1726 871 1864 925; x_wconf 86' lang='grc' dir='ltr'>ὅλων</span> 
     </span>
     <span class='ocr_line' id='line_1_10' title="bbox 266 961 1866 1037; baseline 0.001 -20"><span class='ocrx_word' id='word_1_65' title='bbox 266 961 703 1036; x_wconf 84' lang='grc' dir='ltr'>ἐκμοχλεύεσθαι</span> <span class='ocrx_word' id='word_1_66' title='bbox 747 961 930 1027; x_wconf 81' lang='grc' dir='ltr'>δόξαν,</span> <span class='ocrx_word' id='word_1_67' title='bbox 970 961 1096 1015; x_wconf 75' lang='grc' dir='ltr'>οὔτε</span> <span class='ocrx_word' id='word_1_68' title='bbox 1134 961 1241 1034; x_wconf 77' lang='grc' dir='ltr'><strong>μὴν</strong></span> <span class='ocrx_word' id='word_1_69' title='bbox 1264 963 1369 1035; x_wconf 83' lang='grc' dir='ltr'><strong>τῆς</strong></span> <span class='ocrx_word' id='word_1_70' title='bbox 1395 962 1633 1036; x_wconf 81' lang='grc' dir='ltr'><strong>ἀληθοῦς</strong></span> <span class='ocrx_word' id='word_1_71' title='bbox 1676 961 1866 1037; x_wconf 83' lang='grc' dir='ltr'>κυριό-</span> 
     </span>
     <span class='ocr_line' id='line_1_11' title="bbox 269 1054 1862 1128; baseline -0.001 -17"><span class='ocrx_word' id='word_1_72' title='bbox 269 1074 440 1128; x_wconf 83' lang='grc' dir='ltr'>τητος</span> <span class='ocrx_word' id='word_1_73' title='bbox 474 1056 582 1123; x_wconf 73' lang='grc' dir='ltr'><strong>ἔξω</strong></span> <span class='ocrx_word' id='word_1_74' title='bbox 610 1054 873 1108; x_wconf 81' lang='grc' dir='ltr'>πέτεσθαι</span> <span class='ocrx_word' id='word_1_75' title='bbox 904 1054 1078 1124; x_wconf 78' lang='grc' dir='ltr'>φιλεῖν</span> <span class='ocrx_word' id='word_1_76' title='bbox 1109 1054 1207 1126; x_wconf 87' lang='grc' dir='ltr'><strong>τὴν</strong></span> <span class='ocrx_word' id='word_1_77' title='bbox 1245 1055 1347 1127; x_wconf 80' lang='grc' dir='ltr'><strong>τῆς</strong></span> <span class='ocrx_word' id='word_1_78' title='bbox 1385 1055 1641 1127; x_wconf 76' lang='grc' dir='ltr'>θεότητος</span> <span class='ocrx_word' id='word_1_79' title='bbox 1667 1055 1862 1127; x_wconf 86' lang='grc' dir='ltr'>φύσιν·</span> 
     </span>
     <span class='ocr_line' id='line_1_12' title="bbox 270 1145 1864 1223; baseline -0.003 -18"><span class='ocrx_word' id='word_1_80' title='bbox 270 1148 506 1223; x_wconf 86' lang='grc' dir='ltr'>προσείη</span> <span class='ocrx_word' id='word_1_81' title='bbox 550 1147 596 1201; x_wconf 88' lang='grc' dir='ltr'><strong>δ’</strong></span> <span class='ocrx_word' id='word_1_82' title='bbox 622 1146 689 1201; x_wconf 79' lang='grc' dir='ltr'><strong>ἂν</strong></span> <span class='ocrx_word' id='word_1_83' title='bbox 721 1145 922 1216; x_wconf 84' lang='grc' dir='ltr'>μᾶλλον</span> <span class='ocrx_word' id='word_1_84' title='bbox 954 1146 1158 1216; x_wconf 77' lang='grc' dir='ltr'>ἀμφοῖν</span> <span class='ocrx_word' id='word_1_85' title='bbox 1190 1145 1252 1200; x_wconf 83' lang='grc' dir='ltr'><strong>τὸ</strong></span> <span class='ocrx_word' id='word_1_86' title='bbox 1281 1145 1566 1217; x_wconf 77' lang='grc' dir='ltr'>ἑκάτερον,</span> <span class='ocrx_word' id='word_1_87' title='bbox 1602 1148 1699 1200; x_wconf 66' lang='grc' dir='ltr'><strong>καὶ</strong></span> <span class='ocrx_word' id='word_1_88' title='bbox 1730 1147 1864 1201; x_wconf 84' lang='grc' dir='ltr'>ἀνα-</span> 
     </span>
     <span class='ocr_line' id='line_1_13' title="bbox 271 1236 1868 1317; baseline -0.004 -19"><span class='ocrx_word' id='word_1_89' title='bbox 271 1244 443 1317; x_wconf 87' lang='grc' dir='ltr'>μέρος</span> <span class='ocrx_word' id='word_1_90' title='bbox 475 1237 617 1295; x_wconf 73' lang='grc' dir='ltr'>εἶναι</span> <span class='ocrx_word' id='word_1_91' title='bbox 645 1237 864 1294; x_wconf 80' lang='grc' dir='ltr'>δοκοῦν.</span> <span class='ocrx_word' id='word_1_92' title='bbox 903 1236 1121 1301; x_wconf 77' lang='grc' dir='ltr'>Φύσεως</span> <span class='ocrx_word' id='word_1_93' title='bbox 1150 1237 1208 1290; x_wconf 82' lang='grc' dir='ltr'><strong>δὲ</strong></span> <span class='ocrx_word' id='word_1_94' title='bbox 1229 1241 1372 1309; x_wconf 81' lang='grc' dir='ltr'>’μιᾶς</span> <span class='ocrx_word' id='word_1_95' title='bbox 1401 1236 1676 1303; x_wconf 74' lang='grc' dir='ltr'>ἀπόδειξις</span> <span class='ocrx_word' id='word_1_96' title='bbox 1707 1238 1868 1309; x_wconf 84' lang='grc' dir='ltr'>ἐναρ-</span> 
     </span>
     <span class='ocr_line' id='line_1_14' title="bbox 267 1319 1866 1407; baseline -0.004 -20"><span class='ocrx_word' id='word_1_97' title='bbox 267 1335 399 1407; x_wconf 76' lang='grc' dir='ltr'>γὴς,</span> <span class='ocrx_word' id='word_1_98' title='bbox 435 1330 497 1386; x_wconf 80' lang='grc' dir='ltr'><strong>τὸ</strong></span> <span class='ocrx_word' id='word_1_99' title='bbox 522 1328 687 1385; x_wconf 73' lang='grc' dir='ltr'>οἱονεὶ</span> <span class='ocrx_word' id='word_1_100' title='bbox 723 1325 1092 1395; x_wconf 78' lang='grc' dir='ltr'>κατεστέφθαι</span> <span class='ocrx_word' id='word_1_101' title='bbox 1119 1324 1362 1392; x_wconf 83' lang='grc' dir='ltr'>τελείως,</span> <span class='ocrx_word' id='word_1_102' title='bbox 1391 1319 1477 1389; x_wconf 73' lang='grc' dir='ltr'><strong>οἷς</strong></span> <span class='ocrx_word' id='word_1_103' title='bbox 1504 1325 1574 1382; x_wconf 72' lang='grc' dir='ltr'><strong>ἂν</strong></span> <span class='ocrx_word' id='word_1_104' title='bbox 1604 1327 1866 1396; x_wconf 78' lang='grc' dir='ltr'>ἑκάτερον</span> 
     </span>
     <span class='ocr_line' id='line_1_15' title="bbox 267 1419 1867 1497; baseline -0.003 -18"><span class='ocrx_word' id='word_1_105' title='bbox 267 1425 388 1497; x_wconf 76' lang='grc' dir='ltr'>ἔχοι</span> <span class='ocrx_word' id='word_1_106' title='bbox 424 1424 678 1494; x_wconf 78' lang='grc' dir='ltr'>φυσικοῖς</span> <span class='ocrx_word' id='word_1_107' title='bbox 727 1420 1003 1492; x_wconf 82' lang='grc' dir='ltr'>ίδιώμασι,</span> <span class='ocrx_word' id='word_1_108' title='bbox 1033 1420 1128 1474; x_wconf 73' lang='grc' dir='ltr'><strong>καὶ</strong></span> <span class='ocrx_word' id='word_1_109' title='bbox 1157 1419 1218 1474; x_wconf 78' lang='grc' dir='ltr'><strong>τὸ</strong></span> <span class='ocrx_word' id='word_1_110' title='bbox 1243 1419 1312 1473; x_wconf 86' lang='grc' dir='ltr'>δι’</span> <span class='ocrx_word' id='word_1_111' title='bbox 1340 1420 1545 1492; x_wconf 81' lang='grc' dir='ltr'>ἀμφοῖν</span> <span class='ocrx_word' id='word_1_112' title='bbox 1573 1422 1632 1474; x_wconf 86' lang='grc' dir='ltr'><strong>ὲν</strong></span> <span class='ocrx_word' id='word_1_113' title='bbox 1663 1421 1867 1476; x_wconf 73' lang='grc' dir='ltr'>ἅπασιν</span> 
     </span>
     <span class='ocr_line' id='line_1_16' title="bbox 269 1511 1864 1588; baseline -0.003 -16"><span class='ocrx_word' id='word_1_114' title='bbox 269 1516 496 1588; x_wconf 77' lang='grc' dir='ltr'>ίσοφυὲς</span> <span class='ocrx_word' id='word_1_115' title='bbox 518 1556 533 1582; x_wconf 90' lang='grc'>,</span> <span class='ocrx_word' id='word_1_116' title='bbox 576 1515 673 1569; x_wconf 71' lang='grc' dir='ltr'><strong>καὶ</strong></span> <span class='ocrx_word' id='word_1_117' title='bbox 719 1513 1028 1584; x_wconf 78' lang='grc' dir='ltr'>ἀδιαὸλήτῳ</span> <span class='ocrx_word' id='word_1_118' title='bbox 1069 1512 1357 1585; x_wconf 87' lang='grc' dir='ltr'>ταυτότητι</span> <span class='ocrx_word' id='word_1_119' title='bbox 1392 1511 1864 1585; x_wconf 77' lang='grc' dir='ltr'>μαρτυρούμενον,</span> 
     </span>
     <span class='ocr_line' id='line_1_17' title="bbox 264 1604 1577 1679; baseline -0.006 -11"><span class='ocrx_word' id='word_1_120' title='bbox 264 1612 417 1671; x_wconf 68' lang='grc' dir='ltr'>κατὰ</span> <span class='ocrx_word' id='word_1_121' title='bbox 441 1627 496 1664; x_wconf 79' lang='grc' dir='ltr'><strong>τι</strong></span> <span class='ocrx_word' id='word_1_122' title='bbox 526 1608 660 1679; x_wconf 83' lang='grc' dir='ltr'>γοῦν</span> <span class='ocrx_word' id='word_1_123' title='bbox 688 1608 826 1672; x_wconf 85' lang='grc' dir='ltr'>ὅλως</span> <span class='ocrx_word' id='word_1_124' title='bbox 868 1606 1075 1661; x_wconf 86' lang='grc' dir='ltr'>ὀθνεῖον</span> <span class='ocrx_word' id='word_1_125' title='bbox 1108 1606 1210 1660; x_wconf 83' lang='grc' dir='ltr'><strong>οὐκ</strong></span> <span class='ocrx_word' id='word_1_126' title='bbox 1255 1604 1577 1672; x_wconf 81' lang='grc' dir='ltr'>είσδέξεται.</span> 
     </span>
    </p>
   </div>
   <div class='ocr_carea' id='block_1_6' title="bbox 266 1787 1872 3057">
    <p class='ocr_par' dir='ltr' id='par_1_6' title="bbox 336 1787 851 1861">
     <span class='ocr_line' id='line_1_18' title="bbox 336 1787 851 1861; baseline -0.012 -14"><span class='ocrx_word' id='word_1_127' title='bbox 336 1794 405 1850; x_wconf 83' lang='grc' dir='ltr'><strong>Β.</strong></span> <span class='ocrx_word' id='word_1_128' title='bbox 440 1789 568 1855; x_wconf 83' lang='grc' dir='ltr'><strong>Πῶς</strong></span> <span class='ocrx_word' id='word_1_129' title='bbox 599 1787 710 1861; x_wconf 78' lang='grc' dir='ltr'>γὰρ</span> <span class='ocrx_word' id='word_1_130' title='bbox 747 1789 851 1853; x_wconf 77' lang='grc' dir='ltr'><strong>ᾰν;</strong></span> 
     </span>
    </p>

    <p class='ocr_par' dir='ltr' id='par_1_7' title="bbox 266 1872 1869 2324">
     <span class='ocr_line' id='line_1_19' title="bbox 334 1872 1865 1956; baseline -0.01 -14"><span class='ocrx_word' id='word_1_131' title='bbox 334 1890 407 1942; x_wconf 78' lang='grc' dir='ltr'><strong>Δ.</strong></span> <span class='ocrx_word' id='word_1_132' title='bbox 455 1881 732 1956; x_wconf 84' lang='grc' dir='ltr'>Ἐρομένῳ</span> <span class='ocrx_word' id='word_1_133' title='bbox 774 1878 831 1932; x_wconf 89' lang='grc' dir='ltr'><strong>δέ</strong></span> <span class='ocrx_word' id='word_1_134' title='bbox 864 1895 942 1949; x_wconf 85' lang='grc' dir='ltr'><strong>τῳ</strong></span> <span class='ocrx_word' id='word_1_135' title='bbox 977 1876 1184 1947; x_wconf 88' lang='grc' dir='ltr'>πότερα</span> <span class='ocrx_word' id='word_1_136' title='bbox 1228 1875 1329 1948; x_wconf 74' lang='grc' dir='ltr'><strong>τήν</strong></span> <span class='ocrx_word' id='word_1_137' title='bbox 1357 1872 1599 1946; x_wconf 78' lang='grc' dir='ltr'>οὖσιώδη</span> <span class='ocrx_word' id='word_1_138' title='bbox 1636 1873 1735 1927; x_wconf 75' lang='grc' dir='ltr'><strong>καὶ</strong></span> <span class='ocrx_word' id='word_1_139' title='bbox 1765 1890 1865 1944; x_wconf 85' lang='grc' dir='ltr'>φυ-</span> 
     </span>
     <span class='ocr_line' id='line_1_20' title="bbox 266 1965 1868 2051; baseline -0.009 -18"><span class='ocrx_word' id='word_1_140' title='bbox 266 1978 433 2051; x_wconf 73' lang='grc' dir='ltr'>σικήν</span> <span class='ocrx_word' id='word_1_141' title='bbox 493 1972 777 2048; x_wconf 82' lang='grc' dir='ltr'>περιθείης</span> <span class='ocrx_word' id='word_1_142' title='bbox 803 1971 870 2026; x_wconf 85' lang='grc' dir='ltr'><strong>ἃν</strong></span> <span class='ocrx_word' id='word_1_143' title='bbox 902 1970 1129 2041; x_wconf 81' lang='grc' dir='ltr'>υίότητα</span> <span class='ocrx_word' id='word_1_144' title='bbox 1156 1968 1236 2039; x_wconf 81' lang='grc' dir='ltr'><strong>τῷ</strong></span> <span class='ocrx_word' id='word_1_145' title='bbox 1284 1966 1419 2038; x_wconf 78' lang='grc' dir='ltr'>Υ-ίῷ,</span> <span class='ocrx_word' id='word_1_146' title='bbox 1456 1968 1627 2039; x_wconf 75' lang='grc' dir='ltr'>ήγουν</span> <span class='ocrx_word' id='word_1_147' title='bbox 1666 1966 1770 2037; x_wconf 75' lang='grc' dir='ltr'><strong>τὴν</strong></span> <span class='ocrx_word' id='word_1_148' title='bbox 1808 1965 1868 2020; x_wconf 79' lang='grc' dir='ltr'><strong>ἐν</strong></span> 
     </span>
     <span class='ocr_line' id='line_1_21' title="bbox 271 2055 1869 2143; baseline -0.009 -19"><span class='ocrx_word' id='word_1_149' title='bbox 271 2071 414 2143; x_wconf 71' lang='grc' dir='ltr'>μόνῃ</span> <span class='ocrx_word' id='word_1_150' title='bbox 452 2066 675 2129; x_wconf 76' lang='grc' dir='ltr'>θελήσει</span> <span class='ocrx_word' id='word_1_151' title='bbox 709 2062 804 2118; x_wconf 84' lang='grc' dir='ltr'><strong>τοῦ</strong></span> <span class='ocrx_word' id='word_1_152' title='bbox 827 2062 1076 2131; x_wconf 82' lang='grc' dir='ltr'>Πατρὸς,</span> <span class='ocrx_word' id='word_1_153' title='bbox 1120 2058 1375 2131; x_wconf 79' lang='grc' dir='ltr'>καθάπερ</span> <span class='ocrx_word' id='word_1_154' title='bbox 1402 2057 1597 2130; x_wconf 71' lang='grc' dir='ltr'>ἀμέλει</span> <span class='ocrx_word' id='word_1_155' title='bbox 1623 2055 1742 2127; x_wconf 86' lang='grc' dir='ltr'>δοίη</span> <span class='ocrx_word' id='word_1_156' title='bbox 1784 2073 1869 2121; x_wconf 86' lang='grc' dir='ltr'><strong>τις</strong></span> 
     </span>
     <span class='ocr_line' id='line_1_22' title="bbox 271 2141 1868 2228; baseline -0.011 -11"><span class='ocrx_word' id='word_1_157' title='bbox 271 2162 342 2217; x_wconf 76' lang='grc' dir='ltr'><strong>ἂν</strong></span> <span class='ocrx_word' id='word_1_158' title='bbox 368 2160 466 2216; x_wconf 72' lang='grc' dir='ltr'><strong>καὶ</strong></span> <span class='ocrx_word' id='word_1_159' title='bbox 496 2157 581 2228; x_wconf 78' lang='grc' dir='ltr'><strong>ἐφ’</strong></span> <span class='ocrx_word' id='word_1_160' title='bbox 623 2156 780 2227; x_wconf 77' lang='grc' dir='ltr'>ἡμῶν</span> <span class='ocrx_word' id='word_1_161' title='bbox 827 2154 1031 2219; x_wconf 82' lang='grc' dir='ltr'>αὐτῶν,</span> <span class='ocrx_word' id='word_1_162' title='bbox 1073 2152 1127 2205; x_wconf 86' lang='grc' dir='ltr'><strong>τί</strong></span> <span class='ocrx_word' id='word_1_163' title='bbox 1158 2152 1225 2206; x_wconf 86' lang='grc' dir='ltr'><strong>ἂν</strong></span> <span class='ocrx_word' id='word_1_164' title='bbox 1268 2150 1407 2223; x_wconf 75' lang='grc' dir='ltr'>ἔφης</span> <span class='ocrx_word' id='word_1_165' title='bbox 1447 2147 1635 2214; x_wconf 76' lang='grc' dir='ltr'>αὐτὸς,</span> <span class='ocrx_word' id='word_1_166' title='bbox 1663 2141 1710 2204; x_wconf 79' lang='grc' dir='ltr'><strong>ὧ</strong></span> <span class='ocrx_word' id='word_1_167' title='bbox 1741 2148 1868 2219; x_wconf 80' lang='grc' dir='ltr'>Ἐρ-</span> 
     </span>
     <span class='ocr_line' id='line_1_23' title="bbox 282 2252 453 2324; baseline -0.041 0"><span class='ocrx_word' id='word_1_168' title='bbox 282 2252 453 2324; x_wconf 61' lang='grc' dir='ltr'>μίας</span> 
     </span>
    </p>

    <p class='ocr_par' dir='ltr' id='par_1_8' title="bbox 291 2328 1869 2505">
     <span class='ocr_line' id='line_1_24' title="bbox 355 2328 1869 2411; baseline -0.006 -17"><span class='ocrx_word' id='word_1_169' title='bbox 355 2341 423 2396; x_wconf 82' lang='grc' dir='ltr'><strong>Β.</strong></span> <span class='ocrx_word' id='word_1_170' title='bbox 456 2338 690 2411; x_wconf 75' lang='grc' dir='ltr'>Οὖσιῶδη</span> <span class='ocrx_word' id='word_1_171' title='bbox 746 2339 846 2409; x_wconf 81' lang='grc' dir='ltr'><strong>μὲν</strong></span> <span class='ocrx_word' id='word_1_172' title='bbox 892 2337 1071 2408; x_wconf 75' lang='grc' dir='ltr'>ἔγωγε</span> <span class='ocrx_word' id='word_1_173' title='bbox 1115 2338 1282 2410; x_wconf 82' lang='grc' dir='ltr'>φαίην</span> <span class='ocrx_word' id='word_1_174' title='bbox 1324 2335 1414 2402; x_wconf 77' lang='grc' dir='ltr'><strong>ἂν,</strong></span> <span class='ocrx_word' id='word_1_175' title='bbox 1458 2331 1677 2404; x_wconf 80' lang='grc' dir='ltr'>δόξαιμι</span> <span class='ocrx_word' id='word_1_176' title='bbox 1718 2330 1764 2385; x_wconf 87' lang='grc' dir='ltr'><strong>δ’</strong></span> <span class='ocrx_word' id='word_1_177' title='bbox 1801 2328 1869 2386; x_wconf 74' lang='grc' dir='ltr'><strong>ἂν</strong></span> 
     </span>
     <span class='ocr_line' id='line_1_25' title="bbox 291 2423 1586 2505; baseline -0.004 -18"><span class='ocrx_word' id='word_1_178' title='bbox 291 2431 492 2505; x_wconf 72' lang='grc' dir='ltr'>ἣκιστά</span> <span class='ocrx_word' id='word_1_179' title='bbox 516 2447 577 2501; x_wconf 78' lang='grc' dir='ltr'><strong>γε</strong></span> <span class='ocrx_word' id='word_1_180' title='bbox 599 2433 709 2495; x_wconf 83' lang='grc' dir='ltr'>τοῖς</span> <span class='ocrx_word' id='word_1_181' title='bbox 732 2430 1037 2493; x_wconf 88' lang='grc' dir='ltr'>διεναντίας</span> <span class='ocrx_word' id='word_1_182' title='bbox 1069 2429 1275 2501; x_wconf 81' lang='grc' dir='ltr'>ἀληθὴς</span> <span class='ocrx_word' id='word_1_183' title='bbox 1302 2423 1447 2484; x_wconf 79' lang='grc' dir='ltr'>εἶναί</span> <span class='ocrx_word' id='word_1_184' title='bbox 1479 2443 1586 2490; x_wconf 85' lang='grc' dir='ltr'>τις.</span> 
     </span>
    </p>

    <p class='ocr_par' dir='ltr' id='par_1_9' title="bbox 267 2509 1872 3057">
     <span class='ocr_line' id='line_1_26' title="bbox 356 2509 1870 2594; baseline -0.007 -16"><span class='ocrx_word' id='word_1_185' title='bbox 356 2524 420 2578; x_wconf 83' lang='grc' dir='ltr'><strong>Δ.</strong></span> <span class='ocrx_word' id='word_1_186' title='bbox 450 2521 666 2588; x_wconf 76' lang='grc' dir='ltr'>Δόξειας</span> <span class='ocrx_word' id='word_1_187' title='bbox 689 2521 800 2594; x_wconf 82' lang='grc' dir='ltr'>γὰρ</span> <span class='ocrx_word' id='word_1_188' title='bbox 826 2521 912 2577; x_wconf 81' lang='grc' dir='ltr'>ἄν.</span> <span class='ocrx_word' id='word_1_189' title='bbox 938 2519 1232 2591; x_wconf 87' lang='grc' dir='ltr'>Προσθεῖεν</span> <span class='ocrx_word' id='word_1_190' title='bbox 1255 2517 1299 2572; x_wconf 84' lang='grc' dir='ltr'><strong>δ’</strong></span> <span class='ocrx_word' id='word_1_191' title='bbox 1328 2516 1417 2583; x_wconf 77' lang='grc' dir='ltr'><strong>ἂν,</strong></span> <span class='ocrx_word' id='word_1_192' title='bbox 1448 2516 1532 2570; x_wconf 81' lang='grc' dir='ltr'><strong>ὅτι</strong></span> <span class='ocrx_word' id='word_1_193' title='bbox 1554 2512 1649 2569; x_wconf 77' lang='grc' dir='ltr'><strong>καὶ</strong></span> <span class='ocrx_word' id='word_1_194' title='bbox 1672 2509 1870 2584; x_wconf 81' lang='grc' dir='ltr'>φρενὸς</span> 
     </span>
     <span class='ocr_line' id='line_1_27' title="bbox 277 2600 1869 2688; baseline -0.01 -17"><span class='ocrx_word' id='word_1_195' title='bbox 277 2613 743 2688; x_wconf 71' lang='grc' dir='ltr'>ἐκκεκρούσμεθα,</span> <span class='ocrx_word' id='word_1_196' title='bbox 800 2613 896 2667; x_wconf 79' lang='grc' dir='ltr'><strong>καὶ</strong></span> <span class='ocrx_word' id='word_1_197' title='bbox 933 2608 1441 2686; x_wconf 82' lang='grc' dir='ltr'>παρατετράμμεθα</span> <span class='ocrx_word' id='word_1_198' title='bbox 1486 2603 1748 2676; x_wconf 76' lang='grc' dir='ltr'>λογισμοῦ</span> <span class='ocrx_word' id='word_1_199' title='bbox 1773 2600 1869 2657; x_wconf 86' lang='grc' dir='ltr'><strong>τοῦ</strong></span> 
     </span>
     <span class='ocr_line' id='line_1_28' title="bbox 273 2695 1871 2778; baseline -0.01 -16"><span class='ocrx_word' id='word_1_200' title='bbox 273 2706 564 2778; x_wconf 77' lang='grc' dir='ltr'>βλέποντος</span> <span class='ocrx_word' id='word_1_201' title='bbox 594 2708 675 2770; x_wconf 86' lang='grc' dir='ltr'><strong>είς</strong></span> <span class='ocrx_word' id='word_1_202' title='bbox 700 2704 850 2759; x_wconf 81' lang='grc' dir='ltr'>εὐθύ.</span> <span class='ocrx_word' id='word_1_203' title='bbox 874 2704 1007 2759; x_wconf 88' lang='grc' dir='ltr'>Τίνα</span> <span class='ocrx_word' id='word_1_204' title='bbox 1036 2703 1166 2775; x_wconf 82' lang='grc' dir='ltr'>γὰρ,</span> <span class='ocrx_word' id='word_1_205' title='bbox 1199 2700 1323 2755; x_wconf 78' lang='grc' dir='ltr'>εἰπέ</span> <span class='ocrx_word' id='word_1_206' title='bbox 1356 2716 1470 2772; x_wconf 90' lang='grc' dir='ltr'>μοι,</span> <span class='ocrx_word' id='word_1_207' title='bbox 1494 2697 1607 2751; x_wconf 81' lang='grc' dir='ltr'><strong>τῶν</strong></span> <span class='ocrx_word' id='word_1_208' title='bbox 1633 2695 1699 2750; x_wconf 79' lang='grc' dir='ltr'><strong>οὐ</strong></span> <span class='ocrx_word' id='word_1_209' title='bbox 1733 2711 1871 2765; x_wconf 91' lang='grc' dir='ltr'>συμ-</span> 
     </span>
     <span class='ocr_line' id='line_1_29' title="bbox 270 2786 1871 2873; baseline -0.011 -17"><span class='ocrx_word' id='word_1_210' title='bbox 270 2801 489 2873; x_wconf 80' lang='grc' dir='ltr'>φρονεῖν</span> <span class='ocrx_word' id='word_1_211' title='bbox 513 2798 786 2870; x_wconf 74' lang='grc' dir='ltr'>ἑλομένων</span> <span class='ocrx_word' id='word_1_212' title='bbox 808 2798 1011 2860; x_wconf 84' lang='grc' dir='ltr'>αύτοῖς,</span> <span class='ocrx_word' id='word_1_213' title='bbox 1036 2795 1136 2849; x_wconf 82' lang='grc' dir='ltr'><strong>οὐκ</strong></span> <span class='ocrx_word' id='word_1_214' title='bbox 1161 2794 1226 2849; x_wconf 82' lang='grc' dir='ltr'><strong>ἂν</strong></span> <span class='ocrx_word' id='word_1_215' title='bbox 1253 2790 1699 2860; x_wconf 78' lang='grc' dir='ltr'>κατασκώψειαν,</span> <span class='ocrx_word' id='word_1_216' title='bbox 1724 2786 1778 2841; x_wconf 83' lang='grc' dir='ltr'><strong>οἶ</strong></span> <span class='ocrx_word' id='word_1_217' title='bbox 1805 2802 1871 2855; x_wconf 80' lang='grc' dir='ltr'><strong>γε</strong></span> 
     </span>
     <span class='ocr_line' id='line_1_30' title="bbox 270 2880 1872 2963; baseline -0.009 -15"><span class='ocrx_word' id='word_1_218' title='bbox 270 2892 525 2948; x_wconf 86' lang='grc' dir='ltr'>τοσοῦτον</span> <span class='ocrx_word' id='word_1_219' title='bbox 553 2891 1022 2963; x_wconf 83' lang='grc' dir='ltr'>διαλελυττήκασι,</span> <span class='ocrx_word' id='word_1_220' title='bbox 1067 2888 1164 2943; x_wconf 76' lang='grc' dir='ltr'><strong>καὶ</strong></span> <span class='ocrx_word' id='word_1_221' title='bbox 1208 2886 1408 2958; x_wconf 85' lang='grc' dir='ltr'>μανίας</span> <span class='ocrx_word' id='word_1_222' title='bbox 1457 2882 1701 2955; x_wconf 72' lang='grc' dir='ltr'>ἀκράτου</span> <span class='ocrx_word' id='word_1_223' title='bbox 1729 2880 1872 2953; x_wconf 81' lang='grc' dir='ltr'>πρὸς</span> 
     </span>
     <span class='ocr_line' id='line_1_31' title="bbox 267 2972 1871 3057; baseline -0.01 -17"><span class='ocrx_word' id='word_1_224' title='bbox 267 2985 432 3040; x_wconf 84' lang='grc' dir='ltr'>τοῦτο</span> <span class='ocrx_word' id='word_1_225' title='bbox 451 2987 649 3057; x_wconf 70' lang='grc' dir='ltr'>ἥκουσι</span> <span class='ocrx_word' id='word_1_226' title='bbox 683 2983 901 3054; x_wconf 79' lang='grc' dir='ltr'>μέτρον,</span> <span class='ocrx_word' id='word_1_227' title='bbox 928 2982 1003 3043; x_wconf 87' lang='grc' dir='ltr'><strong>ὡς</strong></span> <span class='ocrx_word' id='word_1_228' title='bbox 1026 2979 1336 3050; x_wconf 73' lang='grc' dir='ltr'>είσποίητον</span> <span class='ocrx_word' id='word_1_229' title='bbox 1356 2974 1495 3031; x_wconf 75' lang='grc' dir='ltr'>εἶναι</span> <span class='ocrx_word' id='word_1_230' title='bbox 1521 2977 1633 3030; x_wconf 87' lang='grc' dir='ltr'>δεῖν</span> <span class='ocrx_word' id='word_1_231' title='bbox 1656 2972 1871 3028; x_wconf 72' lang='grc' dir='ltr'>οἴεσθαι</span> 
     </span>
    </p>
   </div>
   <div class='ocr_carea' id='block_1_7' title="bbox 1965 509 3623 1755">
    <p class='ocr_par' dir='ltr' id='par_1_10' title="bbox 1965 509 3623 1755">
     <span class='ocr_line' id='line_1_32' title="bbox 1970 509 3546 584; baseline -0.002 -16"><span class='ocrx_word' id='word_1_232' title='bbox 1970 516 2195 569; x_wconf 75' lang='lat' dir='ltr'>seorsim</span> <span class='ocrx_word' id='word_1_233' title='bbox 2241 523 2469 584; x_wconf 83' lang='lat' dir='ltr'><strong>utroque</strong></span> <span class='ocrx_word' id='word_1_234' title='bbox 2518 511 2915 582; x_wconf 88' lang='lat' dir='ltr'><strong>quodammodo</strong></span> <span class='ocrx_word' id='word_1_235' title='bbox 2952 510 3150 581; x_wconf 87' lang='lat' dir='ltr'><strong>posito,</strong></span> <span class='ocrx_word' id='word_1_236' title='bbox 3176 510 3397 565; x_wconf 85' lang='lat' dir='ltr'><strong>deitatis</strong></span> <span class='ocrx_word' id='word_1_237' title='bbox 3423 509 3546 580; x_wconf 83' lang='lat' dir='ltr'><strong>qui-</strong></span> 
     </span>
     <span class='ocr_line' id='line_1_33' title="bbox 1971 599 3546 670; baseline -0.003 -12"><span class='ocrx_word' id='word_1_238' title='bbox 1971 605 2092 659; x_wconf 88' lang='lat' dir='ltr'><strong>dent</strong></span> <span class='ocrx_word' id='word_1_239' title='bbox 2166 618 2359 660; x_wconf 89' lang='lat' dir='ltr'><strong>nomen</strong></span> <span class='ocrx_word' id='word_1_240' title='bbox 2416 602 2587 670; x_wconf 84' lang='lat' dir='ltr'><strong>Patri,</strong></span> <span class='ocrx_word' id='word_1_241' title='bbox 2666 602 3053 658; x_wconf 85' lang='lat' dir='ltr'><strong>dominationis</strong></span> <span class='ocrx_word' id='word_1_242' title='bbox 3114 610 3297 656; x_wconf 89' lang='lat' dir='ltr'><strong>autem</strong></span> <span class='ocrx_word' id='word_1_243' title='bbox 3354 599 3546 670; x_wconf 82' lang='lat' dir='ltr'><strong>appel-</strong></span> 
     </span>
     <span class='ocr_line' id='line_1_34' title="bbox 1969 692 3546 762; baseline 0 -13"><span class='ocrx_word' id='word_1_244' title='bbox 1969 693 2223 749; x_wconf 72' lang='lat' dir='ltr'><strong>lationem</strong></span> <span class='ocrx_word' id='word_1_245' title='bbox 2297 693 2633 749; x_wconf 77' lang='lat' dir='ltr'>tribuendam</span> <span class='ocrx_word' id='word_1_246' title='bbox 2697 707 2819 748; x_wconf 86' lang='lat' dir='ltr'><strong>esse</strong></span> <span class='ocrx_word' id='word_1_247' title='bbox 2892 693 3032 748; x_wconf 78' lang='lat' dir='ltr'><strong>Filio</strong></span> <span class='ocrx_word' id='word_1_248' title='bbox 3104 692 3372 762; x_wconf 78' lang='lat' dir='ltr'><strong>putabat?</strong></span> <span class='ocrx_word' id='word_1_249' title='bbox 3436 692 3546 749; x_wconf 87' lang='lat' dir='ltr'><strong>Sed</strong></span> 
     </span>
     <span class='ocr_line' id='line_1_35' title="bbox 1970 781 3544 853; baseline -0.001 -13"><span class='ocrx_word' id='word_1_250' title='bbox 1970 785 2273 840; x_wconf 79' lang='lat' dir='ltr'><strong>consuitum</strong></span> <span class='ocrx_word' id='word_1_251' title='bbox 2301 794 2358 840; x_wconf 91' lang='lat' dir='ltr'><strong>et</strong></span> <span class='ocrx_word' id='word_1_252' title='bbox 2412 784 2543 840; x_wconf 85' lang='lat' dir='ltr'><strong>utiie</strong></span> <span class='ocrx_word' id='word_1_253' title='bbox 2586 782 2773 849; x_wconf 78' lang='lat' dir='ltr'><strong>suerit,</strong></span> <span class='ocrx_word' id='word_1_254' title='bbox 2825 798 3003 853; x_wconf 85' lang='lat' dir='ltr'><strong>neque</strong></span> <span class='ocrx_word' id='word_1_255' title='bbox 3024 781 3259 839; x_wconf 88' lang='lat' dir='ltr'><strong>naturali</strong></span> <span class='ocrx_word' id='word_1_256' title='bbox 3309 791 3366 838; x_wconf 90' lang='lat' dir='ltr'><strong>et</strong></span> <span class='ocrx_word' id='word_1_257' title='bbox 3397 797 3544 839; x_wconf 66' lang='lat' dir='ltr'><strong>verat</strong></span> 
     </span>
     <span class='ocr_line' id='line_1_36' title="bbox 1969 874 3623 945; baseline 0 -15"><span class='ocrx_word' id='word_1_258' title='bbox 1969 875 2154 932; x_wconf 76' lang='lat' dir='ltr'><strong>deitati</strong></span> <span class='ocrx_word' id='word_1_259' title='bbox 2176 875 2402 945; x_wconf 79' lang='lat' dir='ltr'>gloriam</span> <span class='ocrx_word' id='word_1_260' title='bbox 2427 876 2726 944; x_wconf 88' lang='lat' dir='ltr'><strong>imperandi</strong></span> <span class='ocrx_word' id='word_1_261' title='bbox 2755 877 2921 932; x_wconf 85' lang='lat' dir='ltr'><strong>rebus</strong></span> <span class='ocrx_word' id='word_1_262' title='bbox 2944 875 3223 941; x_wconf 87' lang='lat' dir='ltr'><strong>omnibus,</strong></span> <span class='ocrx_word' id='word_1_263' title='bbox 3250 874 3539 930; x_wconf 78' lang='lat' dir='ltr'><strong>dominati·</strong></span> <span class='ocrx_word' id='word_1_264' title='bbox 3602 900 3623 916; x_wconf 90' lang='lat'><strong>·</strong></span> 
     </span>
     <span class='ocr_line' id='line_1_37' title="bbox 1968 967 3549 1039; baseline -0.002 -13"><span class='ocrx_word' id='word_1_265' title='bbox 1968 971 2129 1039; x_wconf 88' lang='lat' dir='ltr'><strong>dique</strong></span> <span class='ocrx_word' id='word_1_266' title='bbox 2179 971 2487 1036; x_wconf 78' lang='lat' dir='ltr'><strong>detrahere,</strong></span> <span class='ocrx_word' id='word_1_267' title='bbox 2526 984 2700 1039; x_wconf 89' lang='lat' dir='ltr'><strong>neque</strong></span> <span class='ocrx_word' id='word_1_268' title='bbox 2732 984 2761 1024; x_wconf 85' lang='lat' dir='ltr'><strong>a</strong></span> <span class='ocrx_word' id='word_1_269' title='bbox 2816 982 2944 1024; x_wconf 79' lang='lat' dir='ltr'><strong>vera</strong></span> <span class='ocrx_word' id='word_1_270' title='bbox 3002 967 3375 1024; x_wconf 77' lang='lat' dir='ltr'><strong>dominatione</strong></span> <span class='ocrx_word' id='word_1_271' title='bbox 3429 967 3549 1023; x_wconf 88' lang='lat' dir='ltr'><strong>dei-</strong></span> 
     </span>
     <span class='ocr_line' id='line_1_38' title="bbox 1970 1058 3545 1129; baseline -0.003 -13"><span class='ocrx_word' id='word_1_272' title='bbox 1970 1062 2099 1117; x_wconf 86' lang='lat' dir='ltr'><strong>tatis</strong></span> <span class='ocrx_word' id='word_1_273' title='bbox 2139 1070 2390 1117; x_wconf 86' lang='lat' dir='ltr'><strong>naturam</strong></span> <span class='ocrx_word' id='word_1_274' title='bbox 2446 1058 3007 1129; x_wconf 82' lang='lat' dir='ltr'><strong>excludere;utrique</strong></span> <span class='ocrx_word' id='word_1_275' title='bbox 3055 1074 3185 1115; x_wconf 86' lang='lat' dir='ltr'><strong>vero</strong></span> <span class='ocrx_word' id='word_1_276' title='bbox 3236 1059 3414 1129; x_wconf 85' lang='lat' dir='ltr'><strong>potius</strong></span> <span class='ocrx_word' id='word_1_277' title='bbox 3459 1059 3545 1113; x_wconf 89' lang='lat' dir='ltr'><strong>in·</strong></span> 
     </span>
     <span class='ocr_line' id='line_1_39' title="bbox 1968 1149 3547 1221; baseline -0.001 -14"><span class='ocrx_word' id='word_1_278' title='bbox 1968 1153 2132 1207; x_wconf 77' lang='lat' dir='ltr'><strong>fuerit</strong></span> <span class='ocrx_word' id='word_1_279' title='bbox 2152 1162 2462 1221; x_wconf 84' lang='lat' dir='ltr'><strong>utrumque,</strong></span> <span class='ocrx_word' id='word_1_280' title='bbox 2478 1151 2691 1206; x_wconf 83' lang='lat' dir='ltr'><strong>etiamsi</strong></span> <span class='ocrx_word' id='word_1_281' title='bbox 2717 1150 2947 1207; x_wconf 80' lang='lat' dir='ltr'><strong>seorsim</strong></span> <span class='ocrx_word' id='word_1_282' title='bbox 2966 1163 3088 1204; x_wconf 82' lang='lat' dir='ltr'><strong>esse</strong></span> <span class='ocrx_word' id='word_1_283' title='bbox 3113 1159 3350 1219; x_wconf 89' lang='lat' dir='ltr'><strong>putetur.</strong></span> <span class='ocrx_word' id='word_1_284' title='bbox 3373 1149 3547 1205; x_wconf 84' lang='lat' dir='ltr'><strong>Unius</strong></span> 
     </span>
     <span class='ocr_line' id='line_1_40' title="bbox 1968 1240 3545 1309; baseline -0.002 -11"><span class='ocrx_word' id='word_1_285' title='bbox 1968 1253 2147 1299; x_wconf 86' lang='lat' dir='ltr'><strong>autem</strong></span> <span class='ocrx_word' id='word_1_286' title='bbox 2181 1251 2393 1298; x_wconf 67' lang='lat' dir='ltr'><strong>naturae</strong></span> <span class='ocrx_word' id='word_1_287' title='bbox 2443 1240 2796 1297; x_wconf 75' lang='lat' dir='ltr'><strong>manifestum</strong></span> <span class='ocrx_word' id='word_1_288' title='bbox 2829 1247 2917 1297; x_wconf 90' lang='lat' dir='ltr'><strong>est</strong></span> <span class='ocrx_word' id='word_1_289' title='bbox 2970 1249 3371 1309; x_wconf 73' lang='lat' dir='ltr'><strong>argumentum,</strong></span> <span class='ocrx_word' id='word_1_290' title='bbox 3402 1240 3545 1309; x_wconf 82' lang='lat' dir='ltr'><strong>quod</strong></span> 
     </span>
     <span class='ocr_line' id='line_1_41' title="bbox 1969 1332 3547 1406; baseline -0.003 -15"><span class='ocrx_word' id='word_1_291' title='bbox 1969 1337 2309 1393; x_wconf 83' lang='lat' dir='ltr'><strong>naturalibus</strong></span> <span class='ocrx_word' id='word_1_292' title='bbox 2371 1334 2793 1406; x_wconf 84' lang='lat' dir='ltr'><strong>proprietatibus</strong></span> <span class='ocrx_word' id='word_1_293' title='bbox 2846 1346 2969 1403; x_wconf 69' lang='lat' dir='ltr'><strong>quas</strong></span> <span class='ocrx_word' id='word_1_294' title='bbox 3023 1339 3153 1387; x_wconf 86' lang='lat' dir='ltr'><strong>sunt</strong></span> <span class='ocrx_word' id='word_1_295' title='bbox 3207 1332 3263 1387; x_wconf 91' lang='lat' dir='ltr'><strong>in</strong></span> <span class='ocrx_word' id='word_1_296' title='bbox 3313 1342 3547 1402; x_wconf 84' lang='lat' dir='ltr'><strong>utroque</strong></span> 
     </span>
     <span class='ocr_line' id='line_1_42' title="bbox 1966 1424 3544 1496; baseline -0.002 -14"><span class='ocrx_word' id='word_1_297' title='bbox 1966 1427 2208 1496; x_wconf 78' lang='lat' dir='ltr'><strong>perfecte</strong></span> <span class='ocrx_word' id='word_1_298' title='bbox 2247 1425 2644 1495; x_wconf 87' lang='lat' dir='ltr'><strong>quodammodo</strong></span> <span class='ocrx_word' id='word_1_299' title='bbox 2697 1424 2982 1481; x_wconf 85' lang='lat' dir='ltr'><strong>redimitus</strong></span> <span class='ocrx_word' id='word_1_300' title='bbox 3027 1431 3113 1480; x_wconf 88' lang='lat' dir='ltr'><strong>est</strong></span> <span class='ocrx_word' id='word_1_301' title='bbox 3182 1432 3449 1494; x_wconf 83' lang='lat' dir='ltr'><strong>uterque:</strong></span> <span class='ocrx_word' id='word_1_302' title='bbox 3488 1433 3544 1479; x_wconf 90' lang='lat' dir='ltr'><strong>et</strong></span> 
     </span>
     <span class='ocr_line' id='line_1_43' title="bbox 1967 1515 3542 1596; baseline -0.001 -23"><span class='ocrx_word' id='word_1_303' title='bbox 1967 1519 2109 1596; x_wconf 76' lang='lat' dir='ltr'><strong>quod</strong></span> <span class='ocrx_word' id='word_1_304' title='bbox 2135 1518 2225 1574; x_wconf 84' lang='lat' dir='ltr'><strong>illa</strong></span> <span class='ocrx_word' id='word_1_305' title='bbox 2278 1519 2332 1574; x_wconf 91' lang='lat' dir='ltr'><strong>iu</strong></span> <span class='ocrx_word' id='word_1_306' title='bbox 2376 1527 2613 1587; x_wconf 89' lang='lat' dir='ltr'><strong>utroque</strong></span> <span class='ocrx_word' id='word_1_307' title='bbox 2646 1531 2745 1587; x_wconf 90' lang='lat' dir='ltr'><strong>per</strong></span> <span class='ocrx_word' id='word_1_308' title='bbox 2781 1517 2966 1572; x_wconf 88' lang='lat' dir='ltr'><strong>omnia</strong></span> <span class='ocrx_word' id='word_1_309' title='bbox 3010 1524 3218 1571; x_wconf 75' lang='lat' dir='ltr'><strong>naturai</strong></span> <span class='ocrx_word' id='word_1_310' title='bbox 3239 1515 3542 1586; x_wconf 67' lang='lat' dir='ltr'><strong>aequalitas,</strong></span> 
     </span>
     <span class='ocr_line' id='line_1_44' title="bbox 1965 1606 3543 1679; baseline 0.002 -16"><span class='ocrx_word' id='word_1_311' title='bbox 1965 1623 2207 1679; x_wconf 77' lang='lat' dir='ltr'><strong>veraque</strong></span> <span class='ocrx_word' id='word_1_312' title='bbox 2225 1619 2282 1665; x_wconf 91' lang='lat' dir='ltr'><strong>et</strong></span> <span class='ocrx_word' id='word_1_313' title='bbox 2302 1624 2434 1679; x_wconf 86' lang='lat' dir='ltr'><strong>pura</strong></span> <span class='ocrx_word' id='word_1_314' title='bbox 2463 1610 2721 1666; x_wconf 78' lang='lat' dir='ltr'><strong>identitas</strong></span> <span class='ocrx_word' id='word_1_315' title='bbox 2751 1622 2865 1664; x_wconf 89' lang='lat' dir='ltr'><strong>rem</strong></span> <span class='ocrx_word' id='word_1_316' title='bbox 2891 1608 2979 1664; x_wconf 80' lang='lat' dir='ltr'><strong>vel</strong></span> <span class='ocrx_word' id='word_1_317' title='bbox 3006 1606 3270 1664; x_wconf 84' lang='lat' dir='ltr'><strong>tantulum</strong></span> <span class='ocrx_word' id='word_1_318' title='bbox 3324 1609 3543 1679; x_wconf 83' lang='lat' dir='ltr'><strong>quidem</strong></span> 
     </span>
     <span class='ocr_line' id='line_1_45' title="bbox 1968 1698 2779 1755; baseline -0.001 -2"><span class='ocrx_word' id='word_1_319' title='bbox 1968 1698 2199 1755; x_wconf 78' lang='lat' dir='ltr'><strong>alienam</strong></span> <span class='ocrx_word' id='word_1_320' title='bbox 2223 1713 2328 1755; x_wconf 90' lang='lat' dir='ltr'><strong>non</strong></span> <span class='ocrx_word' id='word_1_321' title='bbox 2348 1708 2435 1755; x_wconf 84' lang='lat' dir='ltr'><strong>est</strong></span> <span class='ocrx_word' id='word_1_322' title='bbox 2453 1699 2779 1754; x_wconf 86' lang='lat' dir='ltr'><strong>admissura.</strong></span> 
     </span>
    </p>
   </div>
   <div class='ocr_carea' id='block_1_8' title="bbox 1895 1764 2974 1859">
    <p class='ocr_par' dir='ltr' id='par_1_11' title="bbox 1895 1764 2974 1859">
     <span class='ocr_line' id='line_1_46' title="bbox 1895 1764 2974 1859; baseline 0 -14"><span class='ocrx_word' id='word_1_323' title='bbox 1895 1764 1941 1819; x_wconf 73' lang='grc' dir='ltr'><strong>Β</strong></span> <span class='ocrx_word' id='word_1_324' title='bbox 2038 1790 2102 1845; x_wconf 85' lang='grc' dir='ltr'><strong>Β.</strong></span> <span class='ocrx_word' id='word_1_325' title='bbox 2130 1789 2233 1858; x_wconf 89' lang='lat' dir='ltr'><strong>Qui</strong></span> <span class='ocrx_word' id='word_1_326' title='bbox 2258 1791 2401 1845; x_wconf 90' lang='lat' dir='ltr'><strong>enim</strong></span> <span class='ocrx_word' id='word_1_327' title='bbox 2424 1790 2564 1845; x_wconf 83' lang='lat' dir='ltr'><strong>istud</strong></span> <span class='ocrx_word' id='word_1_328' title='bbox 2594 1789 2711 1845; x_wconf 79' lang='lat' dir='ltr'><strong>fieri</strong></span> <span class='ocrx_word' id='word_1_329' title='bbox 2751 1788 2974 1859; x_wconf 68' lang='lat' dir='ltr'><strong>posset?</strong></span> 
     </span>
    </p>
   </div>
   <div class='ocr_carea' id='block_1_9' title="bbox 1969 1879 3546 2036">
    <p class='ocr_par' dir='ltr' id='par_1_12' title="bbox 1969 1879 3546 2036">
     <span class='ocr_line' id='line_1_47' title="bbox 2036 1879 3545 1954; baseline 0 -18"><span class='ocrx_word' id='word_1_330' title='bbox 2036 1880 2206 1954; x_wconf 63' lang='grc'><strong>489</strong></span> <span class='ocrx_word' id='word_1_331' title='bbox 2231 1881 2296 1936; x_wconf 82' lang='grc' dir='ltr'><strong>Α.</strong></span> <span class='ocrx_word' id='word_1_332' title='bbox 2320 1880 2377 1938; x_wconf 89' lang='lat' dir='ltr'><strong>Si</strong></span> <span class='ocrx_word' id='word_1_333' title='bbox 2408 1882 2530 1951; x_wconf 86' lang='lat' dir='ltr'><strong>quis</strong></span> <span class='ocrx_word' id='word_1_334' title='bbox 2553 1890 2732 1936; x_wconf 89' lang='lat' dir='ltr'><strong>autem</strong></span> <span class='ocrx_word' id='word_1_335' title='bbox 2750 1881 3067 1952; x_wconf 83' lang='lat' dir='ltr'><strong>interroget,</strong></span> <span class='ocrx_word' id='word_1_336' title='bbox 3093 1888 3271 1935; x_wconf 90' lang='lat' dir='ltr'><strong>utrum</strong></span> <span class='ocrx_word' id='word_1_337' title='bbox 3292 1879 3545 1937; x_wconf 82' lang='lat' dir='ltr'><strong>substan-</strong></span> 
     </span>
     <span class='ocr_line' id='line_1_48' title="bbox 1969 1970 3546 2036; baseline -0.002 -7"><span class='ocrx_word' id='word_1_338' title='bbox 1969 1972 2150 2029; x_wconf 85' lang='lat' dir='ltr'><strong>tialem</strong></span> <span class='ocrx_word' id='word_1_339' title='bbox 2185 1982 2243 2028; x_wconf 87' lang='lat' dir='ltr'><strong>et</strong></span> <span class='ocrx_word' id='word_1_340' title='bbox 2293 1972 2595 2029; x_wconf 77' lang='lat' dir='ltr'><strong>naturalem</strong></span> <span class='ocrx_word' id='word_1_341' title='bbox 2656 1971 2797 2028; x_wconf 78' lang='lat' dir='ltr'><strong>Filio</strong></span> <span class='ocrx_word' id='word_1_342' title='bbox 2846 1972 3058 2027; x_wconf 75' lang='lat' dir='ltr'><strong>tribuas</strong></span> <span class='ocrx_word' id='word_1_343' title='bbox 3077 1970 3417 2036; x_wconf 69' lang='lat' dir='ltr'><strong>filiationem,</strong></span> <span class='ocrx_word' id='word_1_344' title='bbox 3449 1980 3546 2026; x_wconf 82' lang='lat' dir='ltr'><strong>aut</strong></span> 
     </span>
    </p>
   </div>
   <div class='ocr_carea' id='block_1_10' title="bbox 1971 2061 3650 2134">
    <p class='ocr_par' dir='ltr' id='par_1_13' title="bbox 1971 2061 3650 2134">
     <span class='ocr_line' id='line_1_49' title="bbox 1971 2061 3650 2134; baseline -0.004 -13"><span class='ocrx_word' id='word_1_345' title='bbox 1971 2065 2026 2121; x_wconf 91' lang='lat' dir='ltr'><strong>in</strong></span> <span class='ocrx_word' id='word_1_346' title='bbox 2084 2064 2199 2122; x_wconf 82' lang='lat' dir='ltr'><strong>sola</strong></span> <span class='ocrx_word' id='word_1_347' title='bbox 2247 2063 2427 2122; x_wconf 82' lang='lat' dir='ltr'><strong>Patris</strong></span> <span class='ocrx_word' id='word_1_348' title='bbox 2468 2064 2752 2120; x_wconf 82' lang='lat' dir='ltr'><strong>voluntate</strong></span> <span class='ocrx_word' id='word_1_349' title='bbox 2796 2063 3051 2134; x_wconf 78' lang='lat' dir='ltr'><strong>positam,</strong></span> <span class='ocrx_word' id='word_1_350' title='bbox 3097 2062 3256 2119; x_wconf 84' lang='lat' dir='ltr'><strong>sicuti</strong></span> <span class='ocrx_word' id='word_1_351' title='bbox 3287 2061 3544 2117; x_wconf 86' lang='lat' dir='ltr'><strong>nimirum</strong></span> <span class='ocrx_word' id='word_1_352' title='bbox 3640 2116 3650 2122; x_wconf 79' lang='grc'><strong>,</strong></span> 
     </span>
    </p>
   </div>
   <div class='ocr_carea' id='block_1_11' title="bbox 1971 2154 3551 3053">
    <p class='ocr_par' dir='ltr' id='par_1_14' title="bbox 1971 2154 3549 2319">
     <span class='ocr_line' id='line_1_50' title="bbox 1972 2154 3549 2227; baseline -0.002 -15"><span class='ocrx_word' id='word_1_353' title='bbox 1972 2158 2025 2212; x_wconf 92' lang='lat' dir='ltr'><strong>in</strong></span> <span class='ocrx_word' id='word_1_354' title='bbox 2084 2157 2240 2212; x_wconf 81' lang='lat' dir='ltr'><strong>nobis</strong></span> <span class='ocrx_word' id='word_1_355' title='bbox 2300 2158 2462 2211; x_wconf 87' lang='lat' dir='ltr'><strong>etiam</strong></span> <span class='ocrx_word' id='word_1_356' title='bbox 2518 2156 2651 2227; x_wconf 85' lang='lat' dir='ltr'><strong>ipsis</strong></span> <span class='ocrx_word' id='word_1_357' title='bbox 2692 2170 2816 2213; x_wconf 82' lang='lat' dir='ltr'><strong>esse</strong></span> <span class='ocrx_word' id='word_1_358' title='bbox 2862 2154 3213 2222; x_wconf 87' lang='lat' dir='ltr'><strong>concedatur,</strong></span> <span class='ocrx_word' id='word_1_359' title='bbox 3276 2154 3408 2225; x_wconf 79' lang='lat' dir='ltr'><strong>quid</strong></span> <span class='ocrx_word' id='word_1_360' title='bbox 3457 2167 3549 2210; x_wconf 87' lang='lat' dir='ltr'><strong>re-</strong></span> 
     </span>
     <span class='ocr_line' id='line_1_51' title="bbox 1971 2246 2582 2319; baseline 0.002 -16"><span class='ocrx_word' id='word_1_361' title='bbox 1971 2248 2291 2319; x_wconf 77' lang='lat' dir='ltr'><strong>sponderes,</strong></span> <span class='ocrx_word' id='word_1_362' title='bbox 2321 2246 2582 2304; x_wconf 69' lang='lat' dir='ltr'><strong>Hermia?</strong></span> 
     </span>
    </p>

    <p class='ocr_par' dir='ltr' id='par_1_15' title="bbox 1972 2339 3548 2506">
     <span class='ocr_line' id='line_1_52' title="bbox 2044 2339 3548 2415; baseline 0.002 -19"><span class='ocrx_word' id='word_1_363' title='bbox 2044 2341 2106 2396; x_wconf 87' lang='grc' dir='ltr'><strong>Β.</strong></span> <span class='ocrx_word' id='word_1_364' title='bbox 2141 2339 2565 2397; x_wconf 84' lang='lat' dir='ltr'><strong>Substantialem</strong></span> <span class='ocrx_word' id='word_1_365' title='bbox 2594 2342 2811 2413; x_wconf 79' lang='lat' dir='ltr'><strong>quidem</strong></span> <span class='ocrx_word' id='word_1_366' title='bbox 2862 2356 2963 2415; x_wconf 70' lang='lat' dir='ltr'><strong>ego</strong></span> <span class='ocrx_word' id='word_1_367' title='bbox 2992 2340 3261 2411; x_wconf 82' lang='lat' dir='ltr'><strong>dixerim;</strong></span> <span class='ocrx_word' id='word_1_368' title='bbox 3301 2341 3398 2398; x_wconf 89' lang='lat' dir='ltr'><strong>sed</strong></span> <span class='ocrx_word' id='word_1_369' title='bbox 3436 2354 3548 2399; x_wconf 85' lang='lat' dir='ltr'><strong>non</strong></span> 
     </span>
     <span class='ocr_line' id='line_1_53' title="bbox 1972 2430 2908 2506; baseline 0.001 -20"><span class='ocrx_word' id='word_1_370' title='bbox 1972 2430 2198 2488; x_wconf 86' lang='lat' dir='ltr'><strong>videbor</strong></span> <span class='ocrx_word' id='word_1_371' title='bbox 2225 2433 2556 2490; x_wconf 82' lang='lat' dir='ltr'><strong>adversariis</strong></span> <span class='ocrx_word' id='word_1_372' title='bbox 2582 2450 2713 2492; x_wconf 84' lang='lat' dir='ltr'><strong>vere</strong></span> <span class='ocrx_word' id='word_1_373' title='bbox 2735 2435 2908 2506; x_wconf 88' lang='lat' dir='ltr'><strong>loqui.</strong></span> 
     </span>
    </p>

    <p class='ocr_par' dir='ltr' id='par_1_16' title="bbox 1972 2524 3551 3053">
     <span class='ocr_line' id='line_1_54' title="bbox 2039 2524 3547 2599; baseline 0 -18"><span class='ocrx_word' id='word_1_374' title='bbox 2039 2525 2206 2581; x_wconf 80' lang='lat' dir='ltr'><strong>A.1ta</strong></span> <span class='ocrx_word' id='word_1_375' title='bbox 2229 2524 2408 2596; x_wconf 85' lang='lat' dir='ltr'><strong>piane.</strong></span> <span class='ocrx_word' id='word_1_376' title='bbox 2441 2527 2547 2583; x_wconf 80' lang='lat' dir='ltr'><strong>sed</strong></span> <span class='ocrx_word' id='word_1_377' title='bbox 2602 2528 2859 2599; x_wconf 76' lang='lat' dir='ltr'><strong>adjicient</strong></span> <span class='ocrx_word' id='word_1_378' title='bbox 2901 2527 3136 2585; x_wconf 88' lang='lat' dir='ltr'><strong>delirare</strong></span> <span class='ocrx_word' id='word_1_379' title='bbox 3160 2541 3262 2585; x_wconf 86' lang='lat' dir='ltr'><strong>nos</strong></span> <span class='ocrx_word' id='word_1_380' title='bbox 3304 2535 3361 2583; x_wconf 86' lang='lat' dir='ltr'><strong>et</strong></span> <span class='ocrx_word' id='word_1_381' title='bbox 3395 2537 3547 2585; x_wconf 80' lang='lat' dir='ltr'><strong>reeta</strong></span> 
     </span>
     <span class='ocr_line' id='line_1_55' title="bbox 1972 2616 3550 2692; baseline 0.001 -21"><span class='ocrx_word' id='word_1_382' title='bbox 1972 2616 2186 2672; x_wconf 87' lang='lat' dir='ltr'><strong>ratione</strong></span> <span class='ocrx_word' id='word_1_383' title='bbox 2229 2618 2467 2676; x_wconf 81' lang='lat' dir='ltr'><strong>destitui.</strong></span> <span class='ocrx_word' id='word_1_384' title='bbox 2532 2617 2665 2685; x_wconf 84' lang='lat' dir='ltr'><strong>Quis</strong></span> <span class='ocrx_word' id='word_1_385' title='bbox 2743 2621 2913 2684; x_wconf 82' lang='lat' dir='ltr'><strong>enim,</strong></span> <span class='ocrx_word' id='word_1_386' title='bbox 2975 2634 3181 2692; x_wconf 82' lang='lat' dir='ltr'><strong>quaeso,</strong></span> <span class='ocrx_word' id='word_1_387' title='bbox 3242 2617 3550 2675; x_wconf 72' lang='lat' dir='ltr'><strong>istiusmodi</strong></span> 
     </span>
     <span class='ocr_line' id='line_1_56' title="bbox 1972 2702 3551 2775; baseline 0.001 -17"><span class='ocrx_word' id='word_1_388' title='bbox 1972 2705 2258 2760; x_wconf 73' lang='lat' dir='ltr'><strong>sententiis</strong></span> <span class='ocrx_word' id='word_1_389' title='bbox 2302 2704 2579 2775; x_wconf 76' lang='lat' dir='ltr'><strong>astipulari</strong></span> <span class='ocrx_word' id='word_1_390' title='bbox 2622 2706 2810 2763; x_wconf 82' lang='lat' dir='ltr'><strong>nolens</strong></span> <span class='ocrx_word' id='word_1_391' title='bbox 2847 2721 3038 2763; x_wconf 86' lang='lat' dir='ltr'><strong>eorum</strong></span> <span class='ocrx_word' id='word_1_392' title='bbox 3069 2706 3368 2763; x_wconf 78' lang='lat' dir='ltr'><strong>cachinnos</strong></span> <span class='ocrx_word' id='word_1_393' title='bbox 3410 2702 3551 2760; x_wconf 69' lang='lat' dir='ltr'><strong>effu-</strong></span> 
     </span>
     <span class='ocr_line' id='line_1_57' title="bbox 1973 2794 3550 2867; baseline 0.001 -18"><span class='ocrx_word' id='word_1_394' title='bbox 1973 2794 2102 2866; x_wconf 75' lang='lat' dir='ltr'><strong>giet,</strong></span> <span class='ocrx_word' id='word_1_395' title='bbox 2125 2796 2219 2867; x_wconf 87' lang='lat' dir='ltr'><strong>qui</strong></span> <span class='ocrx_word' id='word_1_396' title='bbox 2250 2795 2403 2852; x_wconf 82' lang='lat' dir='ltr'><strong>rabie</strong></span> <span class='ocrx_word' id='word_1_397' title='bbox 2420 2796 2502 2851; x_wconf 84' lang='lat' dir='ltr'><strong>sic</strong></span> <span class='ocrx_word' id='word_1_398' title='bbox 2529 2795 2737 2853; x_wconf 79' lang='lat' dir='ltr'><strong>efferati</strong></span> <span class='ocrx_word' id='word_1_399' title='bbox 2768 2808 2914 2861; x_wconf 88' lang='lat' dir='ltr'><strong>sunt,</strong></span> <span class='ocrx_word' id='word_1_400' title='bbox 2941 2806 2997 2853; x_wconf 90' lang='lat' dir='ltr'><strong>et</strong></span> <span class='ocrx_word' id='word_1_401' title='bbox 3024 2796 3550 2867; x_wconf 84' lang='lat' dir='ltr'><strong>eoiutemperiarum</strong></span> 
     </span>
     <span class='ocr_line' id='line_1_58' title="bbox 1973 2889 3551 2961; baseline 0.002 -21"><span class='ocrx_word' id='word_1_402' title='bbox 1973 2894 2262 2955; x_wconf 73' lang='lat' dir='ltr'><strong>venerunt,</strong></span> <span class='ocrx_word' id='word_1_403' title='bbox 2318 2897 2380 2943; x_wconf 89' lang='lat' dir='ltr'><strong>ut</strong></span> <span class='ocrx_word' id='word_1_404' title='bbox 2440 2889 2798 2959; x_wconf 75' lang='lat' dir='ltr'><strong>cogitandum</strong></span> <span class='ocrx_word' id='word_1_405' title='bbox 2847 2899 3040 2961; x_wconf 88' lang='lat' dir='ltr'><strong>putent</strong></span> <span class='ocrx_word' id='word_1_406' title='bbox 3086 2889 3381 2946; x_wconf 85' lang='lat' dir='ltr'><strong>ascititium</strong></span> <span class='ocrx_word' id='word_1_407' title='bbox 3425 2903 3551 2944; x_wconf 86' lang='lat' dir='ltr'><strong>esse</strong></span> 
     </span>
     <span class='ocr_line' id='line_1_59' title="bbox 1974 2979 3550 3053; baseline -0.001 -18"><span class='ocrx_word' id='word_1_408' title='bbox 1974 2979 2195 3045; x_wconf 81' lang='lat' dir='ltr'><strong>Filium,</strong></span> <span class='ocrx_word' id='word_1_409' title='bbox 2253 2990 2308 3037; x_wconf 90' lang='lat' dir='ltr'><strong>et</strong></span> <span class='ocrx_word' id='word_1_410' title='bbox 2358 2981 2412 3037; x_wconf 89' lang='lat' dir='ltr'><strong>in</strong></span> <span class='ocrx_word' id='word_1_411' title='bbox 2481 2981 2706 3037; x_wconf 81' lang='lat' dir='ltr'><strong>aliorum</strong></span> <span class='ocrx_word' id='word_1_412' title='bbox 2760 2983 2953 3037; x_wconf 87' lang='lat' dir='ltr'><strong>ordine</strong></span> <span class='ocrx_word' id='word_1_413' title='bbox 2980 2982 3242 3053; x_wconf 84' lang='lat' dir='ltr'><strong>positum,</strong></span> <span class='ocrx_word' id='word_1_414' title='bbox 3299 2979 3550 3051; x_wconf 75' lang='lat' dir='ltr'><strong>quamvis</strong></span> 
     </span>
    </p>
   </div>
   <div class='ocr_carea' id='block_1_12' title="bbox 264 3066 3552 3154">
    <p class='ocr_par' dir='ltr' id='par_1_17' title="bbox 264 3066 3552 3154">
     <span class='ocr_line' id='line_1_60' title="bbox 264 3066 3552 3154; baseline -0.002 -19"><span class='ocrx_word' id='word_1_415' title='bbox 264 3078 364 3135; x_wconf 74' lang='grc' dir='ltr'><strong>τὸν</strong></span> <span class='ocrx_word' id='word_1_416' title='bbox 409 3078 567 3140; x_wconf 60' lang='lat' dir='ltr'><strong>Tibia,</strong></span> <span class='ocrx_word' id='word_1_417' title='bbox 614 3076 709 3127; x_wconf 68' lang='lat' dir='ltr'><strong>mi</strong></span> <span class='ocrx_word' id='word_1_418' title='bbox 746 3073 1104 3142; x_wconf 79' lang='grc' dir='ltr'>συντετάχθαι</span> <span class='ocrx_word' id='word_1_419' title='bbox 1147 3073 1260 3132; x_wconf 79' lang='grc' dir='ltr'>τοῖς</span> <span class='ocrx_word' id='word_1_420' title='bbox 1293 3069 1504 3132; x_wconf 68' lang='grc' dir='ltr'>ἄλλοις,</span> <span class='ocrx_word' id='word_1_421' title='bbox 1538 3068 1591 3121; x_wconf 63' lang='grc' dir='ltr'><strong>εἰ</strong></span> <span class='ocrx_word' id='word_1_422' title='bbox 1619 3066 1714 3122; x_wconf 71' lang='grc' dir='ltr'>καὶ</span> <span class='ocrx_word' id='word_1_423' title='bbox 1759 3068 1872 3128; x_wconf 76' lang='grc' dir='ltr'>τοῖς</span> <span class='ocrx_word' id='word_1_424' title='bbox 1898 3095 1943 3154; x_wconf 74' lang='lat' dir='ltr'>C</span> <span class='ocrx_word' id='word_1_425' title='bbox 1974 3075 2089 3129; x_wconf 76' lang='lat' dir='ltr'><strong>suis</strong></span> <span class='ocrx_word' id='word_1_426' title='bbox 2134 3075 2458 3131; x_wconf 74' lang='lat' dir='ltr'><strong>commentis</strong></span> <span class='ocrx_word' id='word_1_427' title='bbox 2523 3075 2924 3143; x_wconf 87' lang='lat' dir='ltr'><strong>erubescentes,</strong></span> <span class='ocrx_word' id='word_1_428' title='bbox 2978 3082 3033 3130; x_wconf 92' lang='lat' dir='ltr'><strong>et</strong></span> <span class='ocrx_word' id='word_1_429' title='bbox 3074 3075 3361 3130; x_wconf 84' lang='lat' dir='ltr'><strong>veritatem</strong></span> <span class='ocrx_word' id='word_1_430' title='bbox 3411 3074 3552 3130; x_wconf 86' lang='lat' dir='ltr'><strong>maie</strong></span> 
     </span>
    </p>
   </div>
   <div class='ocr_carea' id='block_1_13' title="bbox 204 3157 1874 4431">
    <p class='ocr_par' dir='ltr' id='par_1_18' title="bbox 204 3157 1874 4431">
     <span class='ocr_line' id='line_1_61' title="bbox 204 3157 1867 3238; baseline -0.009 -12"><span class='ocrx_word' id='word_1_431' title='bbox 204 3178 229 3233; x_wconf 68' lang='grc' dir='ltr'><em>Τ</em></span> <span class='ocrx_word' id='word_1_432' title='bbox 269 3169 432 3232; x_wconf 72' lang='grc' dir='ltr'>ἰδίοις</span> <span class='ocrx_word' id='word_1_433' title='bbox 477 3166 784 3238; x_wconf 79' lang='grc' dir='ltr'>εὑρήμασιν</span> <span class='ocrx_word' id='word_1_434' title='bbox 833 3160 1302 3233; x_wconf 86' lang='grc' dir='ltr'>ἐπερυθριῶντες,</span> <span class='ocrx_word' id='word_1_435' title='bbox 1344 3159 1441 3212; x_wconf 74' lang='grc' dir='ltr'><strong>καὶ</strong></span> <span class='ocrx_word' id='word_1_436' title='bbox 1485 3157 1867 3230; x_wconf 78' lang='grc' dir='ltr'>λελυπημένην</span> 
     </span>
     <span class='ocr_line' id='line_1_62' title="bbox 270 3250 1868 3334; baseline -0.008 -16"><span class='ocrx_word' id='word_1_437' title='bbox 270 3262 469 3334; x_wconf 72' lang='grc' dir='ltr'>ὥσπερ</span> <span class='ocrx_word' id='word_1_438' title='bbox 508 3257 1005 3330; x_wconf 77' lang='grc' dir='ltr'>καταγοητεύοντες</span> <span class='ocrx_word' id='word_1_439' title='bbox 1042 3255 1141 3326; x_wconf 78' lang='grc' dir='ltr'><strong>τὴν</strong></span> <span class='ocrx_word' id='word_1_440' title='bbox 1189 3253 1468 3324; x_wconf 81' lang='grc' dir='ltr'>ἀλήθειαν,</span> <span class='ocrx_word' id='word_1_441' title='bbox 1519 3250 1678 3317; x_wconf 79' lang='grc' dir='ltr'>δόξαν</span> <span class='ocrx_word' id='word_1_442' title='bbox 1718 3251 1868 3323; x_wconf 81' lang='grc' dir='ltr'>αὐτῷ</span> 
     </span>
     <span class='ocr_line' id='line_1_63' title="bbox 272 3338 1864 3427; baseline -0.011 -16"><span class='ocrx_word' id='word_1_443' title='bbox 272 3352 712 3427; x_wconf 61' lang='grc' dir='ltr'>περιπλάττουσι</span> <span class='ocrx_word' id='word_1_444' title='bbox 743 3349 843 3421; x_wconf 83' lang='grc' dir='ltr'><strong>τὴν</strong></span> <span class='ocrx_word' id='word_1_445' title='bbox 872 3347 1171 3419; x_wconf 77' lang='grc' dir='ltr'>ἐξαίρετον,</span> <span class='ocrx_word' id='word_1_446' title='bbox 1191 3344 1287 3401; x_wconf 68' lang='grc' dir='ltr'><strong>καὶ</strong></span> <span class='ocrx_word' id='word_1_447' title='bbox 1308 3343 1423 3407; x_wconf 84' lang='grc' dir='ltr'>τοῖς</span> <span class='ocrx_word' id='word_1_448' title='bbox 1447 3338 1625 3407; x_wconf 71' lang='grc' dir='ltr'>ἄλλοις</span> <span class='ocrx_word' id='word_1_449' title='bbox 1647 3341 1864 3415; x_wconf 74' lang='grc' dir='ltr'>ἀστιὸἦ,</span> 
     </span>
     <span class='ocr_line' id='line_1_64' title="bbox 275 3433 1870 3516; baseline -0.011 -13"><span class='ocrx_word' id='word_1_450' title='bbox 275 3446 381 3503; x_wconf 62' lang='grc' dir='ltr'><strong>καὶ</strong></span> <span class='ocrx_word' id='word_1_451' title='bbox 414 3442 684 3516; x_wconf 82' lang='grc' dir='ltr'>τοσαύτην</span> <span class='ocrx_word' id='word_1_452' title='bbox 714 3441 871 3497; x_wconf 72' lang='grc' dir='ltr'>αὐτοὶ</span> <span class='ocrx_word' id='word_1_453' title='bbox 908 3439 1031 3497; x_wconf 81' lang='grc' dir='ltr'>καθ’</span> <span class='ocrx_word' id='word_1_454' title='bbox 1064 3437 1293 3500; x_wconf 56' lang='lat' dir='ltr'><strong>§amobe</strong></span> <span class='ocrx_word' id='word_1_455' title='bbox 1332 3433 1610 3489; x_wconf 74' lang='grc' dir='ltr'>ἐπινοοῦσι</span> <span class='ocrx_word' id='word_1_456' title='bbox 1634 3433 1735 3504; x_wconf 77' lang='grc' dir='ltr'><strong>τὴν</strong></span> <span class='ocrx_word' id='word_1_457' title='bbox 1778 3433 1870 3487; x_wconf 85' lang='grc' dir='ltr'><strong>εύ-</strong></span> 
     </span>
     <span class='ocr_line' id='line_1_65' title="bbox 276 3526 1868 3608; baseline -0.011 -12"><span class='ocrx_word' id='word_1_458' title='bbox 276 3541 493 3602; x_wconf 80' lang='grc' dir='ltr'>κλειαν,</span> <span class='ocrx_word' id='word_1_459' title='bbox 523 3539 768 3608; x_wconf 83' lang='grc' dir='ltr'>ὃσηνπερ</span> <span class='ocrx_word' id='word_1_460' title='bbox 810 3533 880 3589; x_wconf 78' lang='grc' dir='ltr'><strong>ἂν</strong></span> <span class='ocrx_word' id='word_1_461' title='bbox 910 3530 1184 3605; x_wconf 84' lang='grc' dir='ltr'>βούλοιντο</span> <span class='ocrx_word' id='word_1_462' title='bbox 1226 3528 1350 3583; x_wconf 87' lang='grc' dir='ltr'>κατ’</span> <span class='ocrx_word' id='word_1_463' title='bbox 1387 3526 1635 3593; x_wconf 75' lang='grc' dir='ltr'>ἐξουσίαν</span> <span class='ocrx_word' id='word_1_464' title='bbox 1671 3526 1868 3597; x_wconf 81' lang='grc' dir='ltr'>ἐπιμε-</span> 
     </span>
     <span class='ocr_line' id='line_1_66' title="bbox 274 3617 1869 3704; baseline -0.009 -19"><span class='ocrx_word' id='word_1_465' title='bbox 274 3634 451 3704; x_wconf 79' lang='grc' dir='ltr'>τρεῖν.</span> <span class='ocrx_word' id='word_1_466' title='bbox 493 3629 635 3682; x_wconf 76' lang='grc' dir='ltr'>Ἀλλ’</span> <span class='ocrx_word' id='word_1_467' title='bbox 671 3627 745 3691; x_wconf 83' lang='grc' dir='ltr'><strong>ὡς</strong></span> <span class='ocrx_word' id='word_1_468' title='bbox 788 3626 981 3696; x_wconf 78' lang='grc' dir='ltr'>ἣδιστα</span> <span class='ocrx_word' id='word_1_469' title='bbox 1028 3622 1094 3678; x_wconf 81' lang='grc' dir='ltr'><strong>ἂν</strong></span> <span class='ocrx_word' id='word_1_470' title='bbox 1126 3621 1339 3692; x_wconf 75' lang='grc' dir='ltr'>ἠρόμην</span> <span class='ocrx_word' id='word_1_471' title='bbox 1374 3619 1607 3682; x_wconf 72' lang='grc' dir='ltr'>αὐτοὺς,</span> <span class='ocrx_word' id='word_1_472' title='bbox 1646 3618 1746 3689; x_wconf 82' lang='grc' dir='ltr'><strong>τῆς</strong></span> <span class='ocrx_word' id='word_1_473' title='bbox 1778 3617 1869 3675; x_wconf 81' lang='grc' dir='ltr'><strong>ἐπ’</strong></span> 
     </span>
     <span class='ocr_line' id='line_1_67' title="bbox 278 3709 1871 3795; baseline -0.009 -17"><span class='ocrx_word' id='word_1_474' title='bbox 278 3726 488 3795; x_wconf 63' lang='grc' dir='ltr'>ἀμφοῖν</span> <span class='ocrx_word' id='word_1_475' title='bbox 513 3721 808 3790; x_wconf 74' lang='grc' dir='ltr'>νοουμένης</span> <span class='ocrx_word' id='word_1_476' title='bbox 844 3715 1120 3777; x_wconf 79' lang='grc' dir='ltr'>υἱοθεσίας</span> <span class='ocrx_word' id='word_1_477' title='bbox 1149 3713 1239 3765; x_wconf 79' lang='grc' dir='ltr'><strong>τὸν</strong></span> <span class='ocrx_word' id='word_1_478' title='bbox 1268 3710 1490 3784; x_wconf 87' lang='grc' dir='ltr'>τρόπον,</span> <span class='ocrx_word' id='word_1_479' title='bbox 1524 3710 1646 3763; x_wconf 82' lang='grc' dir='ltr'>τίνα</span> <span class='ocrx_word' id='word_1_480' title='bbox 1669 3710 1735 3780; x_wconf 83' lang='grc' dir='ltr'><strong>δὴ</strong></span> <span class='ocrx_word' id='word_1_481' title='bbox 1761 3709 1871 3780; x_wconf 82' lang='grc' dir='ltr'><strong>ἄρα</strong></span> 
     </span>
     <span class='ocr_line' id='line_1_68' title="bbox 282 3802 1866 3884; baseline -0.011 -14"><span class='ocrx_word' id='word_1_482' title='bbox 282 3813 603 3884; x_wconf 76' lang='grc' dir='ltr'>πεπρᾶχθαί</span> <span class='ocrx_word' id='word_1_483' title='bbox 627 3828 779 3880; x_wconf 78' lang='grc' dir='ltr'>φασι.</span> <span class='ocrx_word' id='word_1_484' title='bbox 799 3806 1131 3877; x_wconf 80' lang='grc' dir='ltr'>Κεκλήμεθα</span> <span class='ocrx_word' id='word_1_485' title='bbox 1157 3803 1254 3875; x_wconf 81' lang='grc' dir='ltr'><strong>μὲν</strong></span> <span class='ocrx_word' id='word_1_486' title='bbox 1278 3803 1386 3872; x_wconf 82' lang='grc' dir='ltr'>γὰρ</span> <span class='ocrx_word' id='word_1_487' title='bbox 1409 3803 1487 3866; x_wconf 91' lang='grc' dir='ltr'><strong>είς</strong></span> <span class='ocrx_word' id='word_1_488' title='bbox 1509 3802 1657 3864; x_wconf 76' lang='grc' dir='ltr'>υἱοὺς</span> <span class='ocrx_word' id='word_1_489' title='bbox 1679 3803 1866 3871; x_wconf 81' lang='grc' dir='ltr'>ἡμεῖς,</span> 
     </span>
     <span class='ocr_line' id='line_1_69' title="bbox 283 3893 1872 3973; baseline -0.012 -9"><span class='ocrx_word' id='word_1_490' title='bbox 283 3910 347 3964; x_wconf 78' lang='grc' dir='ltr'><strong>τὸ</strong></span> <span class='ocrx_word' id='word_1_491' title='bbox 379 3909 438 3962; x_wconf 81' lang='grc' dir='ltr'><strong>δὲ</strong></span> <span class='ocrx_word' id='word_1_492' title='bbox 477 3907 656 3968; x_wconf 80' lang='grc' dir='ltr'>ὅπως,</span> <span class='ocrx_word' id='word_1_493' title='bbox 683 3904 783 3973; x_wconf 72' lang='grc' dir='ltr'><strong>οὐχ</strong></span> <span class='ocrx_word' id='word_1_494' title='bbox 825 3902 989 3973; x_wconf 81' lang='grc' dir='ltr'>ἡμεῖς</span> <span class='ocrx_word' id='word_1_495' title='bbox 1027 3896 1281 3968; x_wconf 85' lang='grc' dir='ltr'>ἐροῦμεν,</span> <span class='ocrx_word' id='word_1_496' title='bbox 1329 3894 1755 3966; x_wconf 82' lang='grc' dir='ltr'>μυσταγωγήσει</span> <span class='ocrx_word' id='word_1_497' title='bbox 1812 3893 1872 3947; x_wconf 78' lang='grc' dir='ltr'><strong>δὲ</strong></span> 
     </span>
     <span class='ocr_line' id='line_1_70' title="bbox 284 3983 1872 4072; baseline -0.011 -19"><span class='ocrx_word' id='word_1_498' title='bbox 284 3999 516 4072; x_wconf 74' lang='grc' dir='ltr'>γράφων</span> <span class='ocrx_word' id='word_1_499' title='bbox 538 3999 565 4050; x_wconf 83' lang='grc' dir='ltr'><strong>ὁ</strong></span> <span class='ocrx_word' id='word_1_500' title='bbox 597 3994 804 4056; x_wconf 79' lang='grc' dir='ltr'>Παῦλος</span> <span class='ocrx_word' id='word_1_501' title='bbox 823 4009 838 4024; x_wconf 91' lang='grc'><em>·</em></span> <span class='ocrx_word' id='word_1_502' title='bbox 876 4011 895 4044; x_wconf 86' lang='lat'>‹</span> <span class='ocrx_word' id='word_1_503' title='bbox 927 3992 1050 4044; x_wconf 85' lang='grc' dir='ltr'><strong>Ὅτι</strong></span> <span class='ocrx_word' id='word_1_504' title='bbox 1089 3988 1148 4042; x_wconf 80' lang='grc' dir='ltr'><strong>δέ</strong></span> <span class='ocrx_word' id='word_1_505' title='bbox 1177 3990 1299 4041; x_wconf 86' lang='grc' dir='ltr'>ἐστε</span> <span class='ocrx_word' id='word_1_506' title='bbox 1334 3987 1462 4051; x_wconf 74' lang='grc' dir='ltr'>υἱοὶ,</span> <span class='ocrx_word' id='word_1_507' title='bbox 1487 3983 1872 4051; x_wconf 76' lang='grc' dir='ltr'>ἐξαπέστειλεν</span> 
     </span>
     <span class='ocr_line' id='line_1_71' title="bbox 285 4074 1873 4153; baseline -0.009 -12"><span class='ocrx_word' id='word_1_508' title='bbox 285 4091 319 4143; x_wconf 83' lang='grc' dir='ltr'><strong>ὸ</strong></span> <span class='ocrx_word' id='word_1_509' title='bbox 360 4085 491 4149; x_wconf 76' lang='grc' dir='ltr'>Θεὸς</span> <span class='ocrx_word' id='word_1_510' title='bbox 517 4084 578 4138; x_wconf 74' lang='grc' dir='ltr'><strong>τὸ</strong></span> <span class='ocrx_word' id='word_1_511' title='bbox 621 4082 844 4153; x_wconf 84' lang='grc' dir='ltr'>Πνεῦμα</span> <span class='ocrx_word' id='word_1_512' title='bbox 871 4080 966 4134; x_wconf 90' lang='grc' dir='ltr'><strong>τοῦ</strong></span> <span class='ocrx_word' id='word_1_513' title='bbox 1013 4077 1143 4132; x_wconf 83' lang='grc' dir='ltr'>Υίοῦ</span> <span class='ocrx_word' id='word_1_514' title='bbox 1184 4074 1351 4131; x_wconf 72' lang='grc' dir='ltr'>αὑτοῦ</span> <span class='ocrx_word' id='word_1_515' title='bbox 1380 4078 1457 4139; x_wconf 84' lang='grc' dir='ltr'><strong>είς</strong></span> <span class='ocrx_word' id='word_1_516' title='bbox 1511 4075 1611 4140; x_wconf 71' lang='grc' dir='ltr'><strong>τὰς</strong></span> <span class='ocrx_word' id='word_1_517' title='bbox 1644 4074 1873 4146; x_wconf 86' lang='grc' dir='ltr'>καρδίας</span> 
     </span>
     <span class='ocr_line' id='line_1_72' title="bbox 286 4166 1871 4253; baseline -0.01 -18"><span class='ocrx_word' id='word_1_518' title='bbox 286 4178 447 4253; x_wconf 81' lang='grc' dir='ltr'>ὑμῶν</span> <span class='ocrx_word' id='word_1_519' title='bbox 475 4178 676 4249; x_wconf 63' lang='grc' dir='ltr'>κρᾶζον</span> <span class='ocrx_word' id='word_1_520' title='bbox 696 4193 708 4206; x_wconf 89' lang='grc'><em>·</em></span> <span class='ocrx_word' id='word_1_521' title='bbox 751 4173 943 4239; x_wconf 50' lang='lat' dir='ltr'><strong>Uimi,</strong></span> <span class='ocrx_word' id='word_1_522' title='bbox 967 4175 996 4226; x_wconf 86' lang='grc' dir='ltr'><strong>ὀ</strong></span> <span class='ocrx_word' id='word_1_523' title='bbox 1024 4171 1233 4243; x_wconf 87' lang='grc' dir='ltr'>Πατήρ.</span> <span class='ocrx_word' id='word_1_524' title='bbox 1265 4188 1285 4222; x_wconf 77' lang='grc' dir='ltr'>ι</span> <span class='ocrx_word' id='word_1_525' title='bbox 1320 4166 1550 4231; x_wconf 77' lang='grc' dir='ltr'>Οὐκοῦν,</span> <span class='ocrx_word' id='word_1_526' title='bbox 1577 4166 1871 4238; x_wconf 79' lang='grc' dir='ltr'>ἐπειδήπερ</span> 
     </span>
     <span class='ocr_line' id='line_1_73' title="bbox 287 4255 1874 4342; baseline -0.009 -17"><span class='ocrx_word' id='word_1_527' title='bbox 287 4272 425 4342; x_wconf 69' lang='grc' dir='ltr'>ἡμῖν</span> <span class='ocrx_word' id='word_1_528' title='bbox 450 4269 705 4341; x_wconf 76' lang='grc' dir='ltr'>ἀρρήτως</span> <span class='ocrx_word' id='word_1_529' title='bbox 742 4264 1033 4336; x_wconf 76' lang='grc' dir='ltr'>ὲνῴκισται</span> <span class='ocrx_word' id='word_1_530' title='bbox 1065 4261 1155 4316; x_wconf 76' lang='grc' dir='ltr'>διὰ</span> <span class='ocrx_word' id='word_1_531' title='bbox 1182 4258 1276 4313; x_wconf 87' lang='grc' dir='ltr'><strong>τοῦ</strong></span> <span class='ocrx_word' id='word_1_532' title='bbox 1330 4259 1463 4312; x_wconf 86' lang='grc' dir='ltr'>ίδίου</span> <span class='ocrx_word' id='word_1_533' title='bbox 1497 4255 1812 4328; x_wconf 87' lang='grc' dir='ltr'>Πνεύματος</span> <span class='ocrx_word' id='word_1_534' title='bbox 1843 4259 1874 4311; x_wconf 81' lang='grc' dir='ltr'>ὁ</span> 
     </span>
     <span class='ocr_line' id='line_1_74' title="bbox 288 4351 1873 4431; baseline -0.009 -12"><span class='ocrx_word' id='word_1_535' title='bbox 288 4364 454 4426; x_wconf 70' lang='grc' dir='ltr'>Υἱὸς,</span> <span class='ocrx_word' id='word_1_536' title='bbox 486 4361 621 4431; x_wconf 72' lang='grc' dir='ltr'>πρὸς</span> <span class='ocrx_word' id='word_1_537' title='bbox 650 4360 876 4429; x_wconf 86' lang='grc' dir='ltr'>υίότητα</span> <span class='ocrx_word' id='word_1_538' title='bbox 905 4357 1004 4428; x_wconf 74' lang='grc' dir='ltr'><strong>τήν</strong></span> <span class='ocrx_word' id='word_1_539' title='bbox 1032 4352 1407 4424; x_wconf 83' lang='grc' dir='ltr'>πνευματικὴν</span> <span class='ocrx_word' id='word_1_540' title='bbox 1436 4351 1663 4415; x_wconf 77' lang='grc' dir='ltr'>ἑαυτοὺς</span> <span class='ocrx_word' id='word_1_541' title='bbox 1691 4351 1873 4404; x_wconf 77' lang='grc' dir='ltr'>είσκε-</span> 
     </span>
    </p>
   </div>
   <div class='ocr_carea' id='block_1_14' title="bbox 286 4439 1959 4525">
    <p class='ocr_par' dir='ltr' id='par_1_19' title="bbox 286 4439 1959 4525">
     <span class='ocr_line' id='line_1_75' title="bbox 286 4439 1959 4525; baseline -0.009 -15"><span class='ocrx_word' id='word_1_542' title='bbox 286 4452 527 4525; x_wconf 77' lang='grc' dir='ltr'>κλῆσθαί</span> <span class='ocrx_word' id='word_1_543' title='bbox 560 4467 760 4521; x_wconf 83' lang='grc' dir='ltr'>φαμεν.</span> <span class='ocrx_word' id='word_1_544' title='bbox 790 4445 864 4501; x_wconf 83' lang='grc' dir='ltr'>Ἦ</span> <span class='ocrx_word' id='word_1_545' title='bbox 892 4447 992 4516; x_wconf 79' lang='grc' dir='ltr'><strong>οὐχ</strong></span> <span class='ocrx_word' id='word_1_546' title='bbox 1030 4439 1132 4499; x_wconf 81' lang='grc' dir='ltr'><strong>ὧδε</strong></span> <span class='ocrx_word' id='word_1_547' title='bbox 1163 4442 1480 4513; x_wconf 81' lang='grc' dir='ltr'>πεπρᾶχθαι</span> <span class='ocrx_word' id='word_1_548' title='bbox 1510 4441 1672 4497; x_wconf 87' lang='grc' dir='ltr'>τοῦτο</span> <span class='ocrx_word' id='word_1_549' title='bbox 1694 4443 1877 4514; x_wconf 83' lang='grc' dir='ltr'>ἐρεῖς;</span> <span class='ocrx_word' id='word_1_550' title='bbox 1914 4452 1959 4506; x_wconf 82' lang='lat'><strong>1)</strong></span> 
     </span>
    </p>
   </div>
   <div class='ocr_carea' id='block_1_15' title="bbox 284 4532 1883 5619">
    <p class='ocr_par' dir='ltr' id='par_1_20' title="bbox 284 4532 1879 4892">
     <span class='ocr_line' id='line_1_76' title="bbox 360 4532 1876 4613; baseline -0.009 -14"><span class='ocrx_word' id='word_1_551' title='bbox 360 4546 425 4599; x_wconf 88' lang='lat' dir='ltr'><strong>B.</strong></span> <span class='ocrx_word' id='word_1_552' title='bbox 461 4543 572 4598; x_wconf 77' lang='grc' dir='ltr'><strong>Καὶ</strong></span> <span class='ocrx_word' id='word_1_553' title='bbox 604 4542 768 4613; x_wconf 78' lang='grc' dir='ltr'>μάλα.</span> <span class='ocrx_word' id='word_1_554' title='bbox 793 4539 1160 4610; x_wconf 81' lang='grc' dir='ltr'>Μεμνήσομαι</span> <span class='ocrx_word' id='word_1_555' title='bbox 1186 4535 1294 4606; x_wconf 80' lang='grc' dir='ltr'>γὰρ</span> <span class='ocrx_word' id='word_1_556' title='bbox 1317 4534 1411 4589; x_wconf 79' lang='grc' dir='ltr'><strong>καὶ</strong></span> <span class='ocrx_word' id='word_1_557' title='bbox 1435 4532 1530 4587; x_wconf 84' lang='grc' dir='ltr'><strong>τοῦ</strong></span> <span class='ocrx_word' id='word_1_558' title='bbox 1562 4533 1876 4604; x_wconf 82' lang='grc' dir='ltr'>σοφωτάτου</span> 
     </span>
     <span class='ocr_line' id='line_1_77' title="bbox 284 4625 1879 4706; baseline -0.009 -14"><span class='ocrx_word' id='word_1_559' title='bbox 284 4636 718 4706; x_wconf 79' lang='grc' dir='ltr'>διακεκραγότος</span> <span class='ocrx_word' id='word_1_560' title='bbox 748 4633 879 4704; x_wconf 78' lang='grc' dir='ltr'>ἡμῖν</span> <span class='ocrx_word' id='word_1_561' title='bbox 914 4629 1162 4683; x_wconf 70' lang='grc' dir='ltr'>Ἰωάννου</span> <span class='ocrx_word' id='word_1_562' title='bbox 1195 4628 1325 4697; x_wconf 80' lang='grc' dir='ltr'>περὶ</span> <span class='ocrx_word' id='word_1_563' title='bbox 1348 4625 1442 4680; x_wconf 88' lang='grc' dir='ltr'><strong>τοῦ</strong></span> <span class='ocrx_word' id='word_1_564' title='bbox 1473 4625 1640 4680; x_wconf 85' lang='grc' dir='ltr'>Θεοῦ·</span> <span class='ocrx_word' id='word_1_565' title='bbox 1671 4643 1692 4678; x_wconf 75' lang='grc' dir='ltr'>ι</span> <span class='ocrx_word' id='word_1_566' title='bbox 1722 4625 1879 4680; x_wconf 83' lang='grc' dir='ltr'>Ὅσοι</span> 
     </span>
     <span class='ocr_line' id='line_1_78' title="bbox 284 4714 1877 4789; baseline -0.009 -4"><span class='ocrx_word' id='word_1_567' title='bbox 284 4731 346 4785; x_wconf 71' lang='grc' dir='ltr'><strong>ἃ</strong></span> <span class='ocrx_word' id='word_1_568' title='bbox 376 4727 572 4782; x_wconf 71' lang='grc' dir='ltr'>ἔλαδον</span> <span class='ocrx_word' id='word_1_569' title='bbox 605 4725 790 4789; x_wconf 75' lang='grc' dir='ltr'>αὐτὸν,</span> <span class='ocrx_word' id='word_1_570' title='bbox 817 4722 1014 4776; x_wconf 76' lang='grc' dir='ltr'>ἔδωκεν</span> <span class='ocrx_word' id='word_1_571' title='bbox 1042 4720 1223 4784; x_wconf 84' lang='grc' dir='ltr'>αὐτοῖς</span> <span class='ocrx_word' id='word_1_572' title='bbox 1264 4717 1512 4783; x_wconf 72' lang='grc' dir='ltr'>ἐξουσίαν</span> <span class='ocrx_word' id='word_1_573' title='bbox 1542 4717 1709 4772; x_wconf 79' lang='grc' dir='ltr'>τέκνα</span> <span class='ocrx_word' id='word_1_574' title='bbox 1742 4714 1877 4771; x_wconf 84' lang='grc' dir='ltr'>Θεοῦ</span> 
     </span>
     <span class='ocr_line' id='line_1_79' title="bbox 285 4819 614 4892; baseline -0.018 -14"><span class='ocrx_word' id='word_1_575' title='bbox 285 4819 565 4892; x_wconf 78' lang='grc' dir='ltr'>γενέσθαι.</span> <span class='ocrx_word' id='word_1_576' title='bbox 596 4839 614 4872; x_wconf 79' lang='grc' dir='ltr'>ι</span> 
     </span>
    </p>

    <p class='ocr_par' dir='ltr' id='par_1_21' title="bbox 286 4900 1883 5619">
     <span class='ocr_line' id='line_1_80' title="bbox 363 4900 1879 4984; baseline -0.008 -16"><span class='ocrx_word' id='word_1_577' title='bbox 363 4915 434 4970; x_wconf 77' lang='lat' dir='ltr'><strong>A.</strong></span> <span class='ocrx_word' id='word_1_578' title='bbox 466 4912 660 4984; x_wconf 79' lang='grc' dir='ltr'>’Λθρει</span> <span class='ocrx_word' id='word_1_579' title='bbox 699 4909 766 4980; x_wconf 82' lang='grc' dir='ltr'><strong>δὴ</strong></span> <span class='ocrx_word' id='word_1_580' title='bbox 798 4902 911 4974; x_wconf 82' lang='grc' dir='ltr'>οῦν,</span> <span class='ocrx_word' id='word_1_581' title='bbox 954 4900 999 4961; x_wconf 82' lang='grc' dir='ltr'>ὧ</span> <span class='ocrx_word' id='word_1_582' title='bbox 1043 4903 1296 4976; x_wconf 84' lang='grc' dir='ltr'>φιλότης,</span> <span class='ocrx_word' id='word_1_583' title='bbox 1339 4902 1463 4957; x_wconf 76' lang='grc' dir='ltr'>ὅποι</span> <span class='ocrx_word' id='word_1_584' title='bbox 1508 4900 1640 4955; x_wconf 68' lang='grc' dir='ltr'>ποτὶ</span> <span class='ocrx_word' id='word_1_585' title='bbox 1684 4901 1819 4971; x_wconf 77' lang='grc' dir='ltr'>ἡμῖν</span> <span class='ocrx_word' id='word_1_586' title='bbox 1849 4903 1879 4956; x_wconf 85' lang='grc' dir='ltr'>δ</span> 
     </span>
     <span class='ocr_line' id='line_1_81' title="bbox 286 4989 1882 5074; baseline -0.011 -16"><span class='ocrx_word' id='word_1_587' title='bbox 286 5003 425 5074; x_wconf 79' lang='grc' dir='ltr'>περὶ</span> <span class='ocrx_word' id='word_1_588' title='bbox 464 5001 558 5055; x_wconf 83' lang='grc' dir='ltr'><strong>τοῦ</strong></span> <span class='ocrx_word' id='word_1_589' title='bbox 592 4997 927 5068; x_wconf 78' lang='grc' dir='ltr'>Μονογενοῦς</span> <span class='ocrx_word' id='word_1_590' title='bbox 957 4995 1338 5065; x_wconf 83' lang='grc' dir='ltr'>ἐκτελευτήσει</span> <span class='ocrx_word' id='word_1_591' title='bbox 1368 4990 1545 5060; x_wconf 84' lang='grc' dir='ltr'>λόγος,</span> <span class='ocrx_word' id='word_1_592' title='bbox 1572 4992 1624 5043; x_wconf 83' lang='grc' dir='ltr'><strong>εί</strong></span> <span class='ocrx_word' id='word_1_593' title='bbox 1653 4991 1767 5052; x_wconf 76' lang='grc' dir='ltr'>τοῖς</span> <span class='ocrx_word' id='word_1_594' title='bbox 1798 4989 1882 5054; x_wconf 85' lang='grc' dir='ltr'><strong>είς</strong></span> 
     </span>
     <span class='ocr_line' id='line_1_82' title="bbox 286 5081 1877 5164; baseline -0.008 -15"><span class='ocrx_word' id='word_1_595' title='bbox 286 5097 523 5164; x_wconf 74' lang='grc' dir='ltr'>υῐότητα</span> <span class='ocrx_word' id='word_1_596' title='bbox 560 5090 1064 5161; x_wconf 85' lang='grc' dir='ltr'>κατακεκλημένοις</span> <span class='ocrx_word' id='word_1_597' title='bbox 1123 5085 1423 5159; x_wconf 82' lang='grc' dir='ltr'>ίσοτρόπως</span> <span class='ocrx_word' id='word_1_598' title='bbox 1471 5081 1877 5147; x_wconf 78' lang='grc' dir='ltr'>συντετάξεται.</span> 
     </span>
     <span class='ocr_line' id='line_1_83' title="bbox 290 5175 1880 5259; baseline -0.009 -17"><span class='ocrx_word' id='word_1_599' title='bbox 290 5188 396 5258; x_wconf 75' lang='grc' dir='ltr'><strong>Εἴη</strong></span> <span class='ocrx_word' id='word_1_600' title='bbox 427 5186 539 5259; x_wconf 76' lang='grc' dir='ltr'>γὰρ</span> <span class='ocrx_word' id='word_1_601' title='bbox 568 5185 634 5239; x_wconf 80' lang='grc' dir='ltr'><strong>ἂν</strong></span> <span class='ocrx_word' id='word_1_602' title='bbox 665 5185 763 5254; x_wconf 85' lang='grc' dir='ltr'><strong>οὺχ</strong></span> <span class='ocrx_word' id='word_1_603' title='bbox 793 5185 993 5255; x_wconf 75' lang='grc' dir='ltr'>ἑτέρως</span> <span class='ocrx_word' id='word_1_604' title='bbox 1021 5182 1078 5235; x_wconf 71' lang='grc' dir='ltr'><strong>ἐν</strong></span> <span class='ocrx_word' id='word_1_605' title='bbox 1103 5179 1232 5235; x_wconf 81' lang='grc' dir='ltr'>Υἰοῦ</span> <span class='ocrx_word' id='word_1_606' title='bbox 1264 5178 1417 5244; x_wconf 79' lang='grc' dir='ltr'>τάξει</span> <span class='ocrx_word' id='word_1_607' title='bbox 1452 5176 1515 5232; x_wconf 77' lang='grc' dir='ltr'><strong>τὸ</strong></span> <span class='ocrx_word' id='word_1_608' title='bbox 1545 5175 1791 5248; x_wconf 78' lang='grc' dir='ltr'>ποιηθὲν,</span> <span class='ocrx_word' id='word_1_609' title='bbox 1829 5175 1880 5229; x_wconf 84' lang='grc' dir='ltr'><strong>εί</strong></span> 
     </span>
     <span class='ocr_line' id='line_1_84' title="bbox 296 5268 1880 5350; baseline -0.008 -16"><span class='ocrx_word' id='word_1_610' title='bbox 296 5280 376 5350; x_wconf 80' lang='grc' dir='ltr'><strong>μὴ</strong></span> <span class='ocrx_word' id='word_1_611' title='bbox 410 5279 477 5333; x_wconf 79' lang='grc' dir='ltr'>δι’</span> <span class='ocrx_word' id='word_1_612' title='bbox 504 5276 636 5333; x_wconf 83' lang='grc' dir='ltr'>Υἱοῦ</span> <span class='ocrx_word' id='word_1_613' title='bbox 678 5278 737 5331; x_wconf 82' lang='grc' dir='ltr'><strong>ἐν</strong></span> <span class='ocrx_word' id='word_1_614' title='bbox 776 5274 1074 5345; x_wconf 87' lang='grc' dir='ltr'>Πνεύματι.</span> <span class='ocrx_word' id='word_1_615' title='bbox 1112 5273 1222 5327; x_wconf 71' lang='grc' dir='ltr'><strong>Καὶ</strong></span> <span class='ocrx_word' id='word_1_616' title='bbox 1267 5271 1608 5344; x_wconf 82' lang='grc' dir='ltr'>μαρτυρήσει</span> <span class='ocrx_word' id='word_1_617' title='bbox 1649 5268 1825 5337; x_wconf 78' lang='grc' dir='ltr'>λέγων</span> <span class='ocrx_word' id='word_1_618' title='bbox 1849 5268 1880 5322; x_wconf 88' lang='grc' dir='ltr'>ό</span> 
     </span>
     <span class='ocr_line' id='line_1_85' title="bbox 294 5356 1883 5429; baseline -0.004 -9"><span class='ocrx_word' id='word_1_619' title='bbox 294 5363 511 5429; x_wconf 80' lang='grc' dir='ltr'>Παῦλος</span> <span class='ocrx_word' id='word_1_620' title='bbox 532 5382 545 5396; x_wconf 96' lang='grc'>·</span> <span class='ocrx_word' id='word_1_621' title='bbox 582 5384 600 5416; x_wconf 78' lang='grc' dir='ltr'>ι</span> <span class='ocrx_word' id='word_1_622' title='bbox 630 5365 756 5419; x_wconf 87' lang='grc' dir='ltr'><strong>Ὅτι</strong></span> <span class='ocrx_word' id='word_1_623' title='bbox 784 5363 842 5417; x_wconf 89' lang='grc' dir='ltr'><strong>δέ</strong></span> <span class='ocrx_word' id='word_1_624' title='bbox 871 5365 992 5416; x_wconf 85' lang='grc' dir='ltr'>ἐστε</span> <span class='ocrx_word' id='word_1_625' title='bbox 1021 5361 1148 5424; x_wconf 77' lang='grc' dir='ltr'>υἱοὶ,</span> <span class='ocrx_word' id='word_1_626' title='bbox 1181 5359 1561 5426; x_wconf 72' lang='grc' dir='ltr'>ἐξαπέστειλεν</span> <span class='ocrx_word' id='word_1_627' title='bbox 1590 5361 1621 5415; x_wconf 85' lang='grc' dir='ltr'><strong>ὀ</strong></span> <span class='ocrx_word' id='word_1_628' title='bbox 1656 5357 1790 5422; x_wconf 77' lang='grc' dir='ltr'>Θεὸς</span> <span class='ocrx_word' id='word_1_629' title='bbox 1818 5356 1883 5412; x_wconf 79' lang='grc' dir='ltr'><strong>τὸ</strong></span> 
     </span>
     <span class='ocr_line' id='line_1_86' title="bbox 294 5447 1882 5526; baseline -0.006 -14"><span class='ocrx_word' id='word_1_630' title='bbox 294 5454 529 5526; x_wconf 80' lang='grc' dir='ltr'>Πνεῦμα</span> <span class='ocrx_word' id='word_1_631' title='bbox 566 5454 659 5511; x_wconf 87' lang='grc' dir='ltr'><strong>τοῦ</strong></span> <span class='ocrx_word' id='word_1_632' title='bbox 691 5454 825 5510; x_wconf 86' lang='grc' dir='ltr'>Υἱοῦ</span> <span class='ocrx_word' id='word_1_633' title='bbox 850 5454 1034 5519; x_wconf 80' lang='grc' dir='ltr'>αὐτοῦ,</span> <span class='ocrx_word' id='word_1_634' title='bbox 1062 5454 1141 5516; x_wconf 84' lang='grc' dir='ltr'><strong>είς</strong></span> <span class='ocrx_word' id='word_1_635' title='bbox 1165 5451 1266 5515; x_wconf 73' lang='grc' dir='ltr'><strong>τὰς</strong></span> <span class='ocrx_word' id='word_1_636' title='bbox 1295 5450 1522 5522; x_wconf 89' lang='grc' dir='ltr'>καρδίας</span> <span class='ocrx_word' id='word_1_637' title='bbox 1553 5449 1708 5522; x_wconf 79' lang='grc' dir='ltr'>ὑμῶν</span> <span class='ocrx_word' id='word_1_638' title='bbox 1745 5447 1882 5518; x_wconf 74' lang='grc' dir='ltr'>κρά-</span> 
     </span>
     <span class='ocr_line' id='line_1_87' title="bbox 297 5538 1879 5619; baseline -0.008 -12"><span class='ocrx_word' id='word_1_639' title='bbox 297 5545 392 5611; x_wconf 68' lang='grc' dir='ltr'><strong>ζαν</strong></span> <span class='ocrx_word' id='word_1_640' title='bbox 415 5562 429 5577; x_wconf 89' lang='grc'><em>·</em></span> <span class='ocrx_word' id='word_1_641' title='bbox 447 5546 640 5616; x_wconf 70' lang='grc' dir='ltr'><strong>Ἀθδᾶ,</strong></span> <span class='ocrx_word' id='word_1_642' title='bbox 669 5550 698 5602; x_wconf 84' lang='grc' dir='ltr'>ὁ</span> <span class='ocrx_word' id='word_1_643' title='bbox 726 5548 967 5619; x_wconf 60' lang='lat' dir='ltr'><strong>[ia-rium</strong></span> <span class='ocrx_word' id='word_1_644' title='bbox 1009 5547 1096 5601; x_wconf 81' lang='grc' dir='ltr'><strong>Ἐν</strong></span> <span class='ocrx_word' id='word_1_645' title='bbox 1127 5545 1233 5599; x_wconf 89' lang='grc' dir='ltr'>τίνι</span> <span class='ocrx_word' id='word_1_646' title='bbox 1257 5541 1323 5615; x_wconf 80' lang='grc' dir='ltr'><strong>δὴ</strong></span> <span class='ocrx_word' id='word_1_647' title='bbox 1352 5538 1446 5597; x_wconf 75' lang='grc' dir='ltr'><strong>οὖν</strong></span> <span class='ocrx_word' id='word_1_648' title='bbox 1472 5543 1552 5608; x_wconf 84' lang='grc' dir='ltr'><strong>είς</strong></span> <span class='ocrx_word' id='word_1_649' title='bbox 1573 5541 1699 5598; x_wconf 74' lang='grc' dir='ltr'>Υίὸν</span> <span class='ocrx_word' id='word_1_650' title='bbox 1724 5539 1879 5596; x_wconf 68' lang='grc' dir='ltr'>ἕσται</span> 
     </span>
    </p>
   </div>
   <div class='ocr_carea' id='block_1_16' title="bbox 374 5714 1429 5786">
    <p class='ocr_par' dir='ltr' id='par_1_22' title="bbox 374 5714 1429 5786">
     <span class='ocr_line' id='line_1_88' title="bbox 374 5714 1429 5786; baseline -0.009 -8"><span class='ocrx_word' id='word_1_651' title='bbox 374 5721 422 5754; x_wconf 75' lang='lat'><strong>⁷⁸</strong></span> <span class='ocrx_word' id='word_1_652' title='bbox 456 5720 632 5777; x_wconf 61' lang='lat' dir='ltr'><strong>Galat.</strong></span> <span class='ocrx_word' id='word_1_653' title='bbox 674 5736 758 5786; x_wconf 74' lang='lat' dir='ltr'><strong>tv,</strong></span> <span class='ocrx_word' id='word_1_654' title='bbox 807 5721 859 5776; x_wconf 90' lang='grc'><strong>6.</strong></span> <span class='ocrx_word' id='word_1_655' title='bbox 938 5720 1052 5752; x_wconf 79' lang='grc'><strong>”·“”</strong></span> <span class='ocrx_word' id='word_1_656' title='bbox 1083 5717 1238 5775; x_wconf 83' lang='lat' dir='ltr'><strong>Joatt.</strong></span> <span class='ocrx_word' id='word_1_657' title='bbox 1276 5730 1314 5781; x_wconf 88' lang='lat' dir='ltr'><strong>t,</strong></span> <span class='ocrx_word' id='word_1_658' title='bbox 1348 5714 1429 5769; x_wconf 69' lang='lat'><strong>¹2.</strong></span> 
     </span>
    </p>
   </div>
   <div class='ocr_carea' id='block_1_17' title="bbox 1975 3166 3556 4415">
    <p class='ocr_par' dir='ltr' id='par_1_23' title="bbox 1975 3166 3556 4415">
     <span class='ocr_line' id='line_1_89' title="bbox 1977 3166 3548 3238; baseline 0.001 -17"><span class='ocrx_word' id='word_1_659' title='bbox 1977 3166 2218 3221; x_wconf 86' lang='lat' dir='ltr'><strong>habitam</strong></span> <span class='ocrx_word' id='word_1_660' title='bbox 2284 3177 2466 3222; x_wconf 83' lang='lat' dir='ltr'><strong>astute</strong></span> <span class='ocrx_word' id='word_1_661' title='bbox 2517 3168 2917 3238; x_wconf 80' lang='lat' dir='ltr'><strong>quodammodo</strong></span> <span class='ocrx_word' id='word_1_662' title='bbox 2955 3166 3548 3237; x_wconf 75' lang='lat' dir='ltr'><strong>delinienteS,gioriam</strong></span> 
     </span>
     <span class='ocr_line' id='line_1_90' title="bbox 1975 3257 3553 3328; baseline -0.003 -14"><span class='ocrx_word' id='word_1_663' title='bbox 1975 3258 2026 3313; x_wconf 89' lang='lat' dir='ltr'><strong>ei</strong></span> <span class='ocrx_word' id='word_1_664' title='bbox 2051 3257 2310 3328; x_wconf 79' lang='lat' dir='ltr'><strong>affingant</strong></span> <span class='ocrx_word' id='word_1_665' title='bbox 2339 3258 2676 3322; x_wconf 81' lang='lat' dir='ltr'><strong>eximiant,et</strong></span> <span class='ocrx_word' id='word_1_666' title='bbox 2701 3258 2915 3315; x_wconf 79' lang='lat' dir='ltr'><strong>raeteris</strong></span> <span class='ocrx_word' id='word_1_667' title='bbox 2939 3258 3293 3324; x_wconf 73' lang='lat' dir='ltr'><strong>inaccessam,</strong></span> <span class='ocrx_word' id='word_1_668' title='bbox 3315 3266 3553 3312; x_wconf 87' lang='lat' dir='ltr'><strong>tantum·</strong></span> 
     </span>
     <span class='ocr_line' id='line_1_91' title="bbox 1977 3347 3552 3421; baseline -0.002 -16"><span class='ocrx_word' id='word_1_669' title='bbox 1977 3350 2266 3420; x_wconf 82' lang='lat' dir='ltr'><strong>quedecus</strong></span> <span class='ocrx_word' id='word_1_670' title='bbox 2310 3351 2450 3421; x_wconf 88' lang='lat' dir='ltr'><strong>apud</strong></span> <span class='ocrx_word' id='word_1_671' title='bbox 2481 3363 2540 3405; x_wconf 81' lang='lat' dir='ltr'><strong>se</strong></span> <span class='ocrx_word' id='word_1_672' title='bbox 2581 3350 2910 3420; x_wconf 68' lang='lat' dir='ltr'><strong>excogitent,</strong></span> <span class='ocrx_word' id='word_1_673' title='bbox 2964 3357 3227 3418; x_wconf 80' lang='lat' dir='ltr'><strong>quantum</strong></span> <span class='ocrx_word' id='word_1_674' title='bbox 3280 3347 3552 3403; x_wconf 78' lang='lat' dir='ltr'><strong>voluerint</strong></span> 
     </span>
     <span class='ocr_line' id='line_1_92' title="bbox 1977 3437 3551 3508; baseline -0.001 -13"><span class='ocrx_word' id='word_1_675' title='bbox 1977 3441 2025 3495; x_wconf 90' lang='lat' dir='ltr'><strong>ei</strong></span> <span class='ocrx_word' id='word_1_676' title='bbox 2078 3439 2345 3495; x_wconf 85' lang='lat' dir='ltr'><strong>arbitratu</strong></span> <span class='ocrx_word' id='word_1_677' title='bbox 2391 3455 2492 3495; x_wconf 83' lang='lat' dir='ltr'><strong>suo</strong></span> <span class='ocrx_word' id='word_1_678' title='bbox 2538 3439 2814 3495; x_wconf 75' lang='lat' dir='ltr'><strong>tribuere?</strong></span> <span class='ocrx_word' id='word_1_679' title='bbox 2847 3440 2953 3495; x_wconf 81' lang='lat' dir='ltr'><strong>Sed</strong></span> <span class='ocrx_word' id='word_1_680' title='bbox 3000 3453 3069 3494; x_wconf 84' lang='lat' dir='ltr'><strong>ex</strong></span> <span class='ocrx_word' id='word_1_681' title='bbox 3104 3439 3169 3494; x_wconf 91' lang='lat' dir='ltr'><strong>iis</strong></span> <span class='ocrx_word' id='word_1_682' title='bbox 3211 3437 3551 3508; x_wconf 71' lang='lat' dir='ltr'><strong>libensquae·</strong></span> 
     </span>
     <span class='ocr_line' id='line_1_93' title="bbox 1977 3531 3553 3602; baseline -0.002 -14"><span class='ocrx_word' id='word_1_683' title='bbox 1977 3533 2187 3599; x_wconf 80' lang='lat' dir='ltr'><strong>sierint,</strong></span> <span class='ocrx_word' id='word_1_684' title='bbox 2234 3545 2482 3602; x_wconf 83' lang='lat' dir='ltr'><strong>quaeuam</strong></span> <span class='ocrx_word' id='word_1_685' title='bbox 2537 3534 2674 3588; x_wconf 85' lang='lat' dir='ltr'><strong>ratio</strong></span> <span class='ocrx_word' id='word_1_686' title='bbox 2738 3533 2812 3588; x_wconf 79' lang='lat' dir='ltr'><strong>sit</strong></span> <span class='ocrx_word' id='word_1_687' title='bbox 2856 3531 2976 3601; x_wconf 74' lang='lat' dir='ltr'><strong>eius</strong></span> <span class='ocrx_word' id='word_1_688' title='bbox 3028 3545 3149 3602; x_wconf 72' lang='lat' dir='ltr'><strong>quae</strong></span> <span class='ocrx_word' id='word_1_689' title='bbox 3192 3531 3246 3586; x_wconf 89' lang='lat' dir='ltr'><strong>in</strong></span> <span class='ocrx_word' id='word_1_690' title='bbox 3303 3531 3553 3598; x_wconf 78' lang='lat' dir='ltr'><strong>utrisque</strong></span> 
     </span>
     <span class='ocr_line' id='line_1_94' title="bbox 1978 3622 3555 3693; baseline -0.002 -13"><span class='ocrx_word' id='word_1_691' title='bbox 1978 3634 2234 3681; x_wconf 81' lang='lat' dir='ltr'><strong>censetur</strong></span> <span class='ocrx_word' id='word_1_692' title='bbox 2282 3639 2408 3680; x_wconf 81' lang='lat' dir='ltr'><strong>esse</strong></span> <span class='ocrx_word' id='word_1_693' title='bbox 2458 3622 2752 3691; x_wconf 74' lang='lat' dir='ltr'><strong>filiationis,</strong></span> <span class='ocrx_word' id='word_1_694' title='bbox 2790 3638 3027 3693; x_wconf 78' lang='lat' dir='ltr'><strong>quonam</strong></span> <span class='ocrx_word' id='word_1_695' title='bbox 3088 3623 3341 3678; x_wconf 82' lang='lat' dir='ltr'><strong>videiicet</strong></span> <span class='ocrx_word' id='word_1_696' title='bbox 3394 3622 3555 3677; x_wconf 88' lang='lat' dir='ltr'><strong>modo</strong></span> 
     </span>
     <span class='ocr_line' id='line_1_95' title="bbox 1978 3709 3551 3771; baseline -0.004 -1"><span class='ocrx_word' id='word_1_697' title='bbox 1978 3715 2177 3771; x_wconf 76' lang='lat' dir='ltr'><strong>factam</strong></span> <span class='ocrx_word' id='word_1_698' title='bbox 2197 3728 2319 3770; x_wconf 83' lang='lat' dir='ltr'><strong>esse</strong></span> <span class='ocrx_word' id='word_1_699' title='bbox 2365 3713 2570 3770; x_wconf 88' lang='lat' dir='ltr'><strong>dicant.</strong></span> <span class='ocrx_word' id='word_1_700' title='bbox 2632 3710 2816 3768; x_wconf 79' lang='lat' dir='ltr'><strong>Vocati</strong></span> <span class='ocrx_word' id='word_1_701' title='bbox 2861 3712 3012 3767; x_wconf 85' lang='lat' dir='ltr'><strong>enim</strong></span> <span class='ocrx_word' id='word_1_702' title='bbox 3080 3726 3183 3768; x_wconf 86' lang='lat' dir='ltr'><strong>nos</strong></span> <span class='ocrx_word' id='word_1_703' title='bbox 3249 3724 3440 3766; x_wconf 84' lang='lat' dir='ltr'><strong>sumus</strong></span> <span class='ocrx_word' id='word_1_704' title='bbox 3493 3709 3551 3764; x_wconf 86' lang='lat' dir='ltr'><strong>in</strong></span> 
     </span>
     <span class='ocr_line' id='line_1_96' title="bbox 1979 3800 3555 3875; baseline -0.003 -15"><span class='ocrx_word' id='word_1_705' title='bbox 1979 3806 2152 3862; x_wconf 80' lang='lat' dir='ltr'><strong>iiiios:</strong></span> <span class='ocrx_word' id='word_1_706' title='bbox 2184 3807 2457 3875; x_wconf 81' lang='lat' dir='ltr'><strong>quomodo</strong></span> <span class='ocrx_word' id='word_1_707' title='bbox 2475 3819 2626 3870; x_wconf 76' lang='lat' dir='ltr'><strong>vero,</strong></span> <span class='ocrx_word' id='word_1_708' title='bbox 2665 3818 2772 3859; x_wconf 88' lang='lat' dir='ltr'><strong>non</strong></span> <span class='ocrx_word' id='word_1_709' title='bbox 2809 3803 3071 3871; x_wconf 82' lang='lat' dir='ltr'><strong>dicemus,</strong></span> <span class='ocrx_word' id='word_1_710' title='bbox 3117 3801 3212 3858; x_wconf 73' lang='lat' dir='ltr'><strong>aed</strong></span> <span class='ocrx_word' id='word_1_711' title='bbox 3238 3800 3555 3870; x_wconf 78' lang='lat' dir='ltr'><strong>explanabit</strong></span> 
     </span>
     <span class='ocr_line' id='line_1_97' title="bbox 1978 3892 3552 3962; baseline -0.004 -10"><span class='ocrx_word' id='word_1_712' title='bbox 1978 3895 2180 3952; x_wconf 84' lang='lat' dir='ltr'><strong>Paulus</strong></span> <span class='ocrx_word' id='word_1_713' title='bbox 2212 3897 2462 3952; x_wconf 81' lang='lat' dir='ltr'><strong>scribens</strong></span> <span class='ocrx_word' id='word_1_714' title='bbox 2502 3909 2521 3951; x_wconf 80' lang='lat' dir='ltr'><strong>t</strong></span> <span class='ocrx_word' id='word_1_715' title='bbox 2566 3914 2586 3950; x_wconf 75' lang='lat' dir='ltr'><strong>r</strong></span> <span class='ocrx_word' id='word_1_716' title='bbox 2612 3894 2877 3962; x_wconf 77' lang='lat' dir='ltr'><strong>Quoniam</strong></span> <span class='ocrx_word' id='word_1_717' title='bbox 2906 3904 3086 3949; x_wconf 83' lang='lat' dir='ltr'><strong>antem</strong></span> <span class='ocrx_word' id='word_1_718' title='bbox 3122 3894 3255 3950; x_wconf 84' lang='lat' dir='ltr'><strong>estis</strong></span> <span class='ocrx_word' id='word_1_719' title='bbox 3280 3893 3396 3958; x_wconf 85' lang='lat' dir='ltr'><strong>iiiii,</strong></span> <span class='ocrx_word' id='word_1_720' title='bbox 3446 3892 3552 3946; x_wconf 87' lang='lat' dir='ltr'><strong>nti-</strong></span> 
     </span>
     <span class='ocr_line' id='line_1_98' title="bbox 1979 3983 3556 4057; baseline -0.005 -12"><span class='ocrx_word' id='word_1_721' title='bbox 1979 3989 2053 4045; x_wconf 88' lang='lat' dir='ltr'><strong>sit</strong></span> <span class='ocrx_word' id='word_1_722' title='bbox 2108 3987 2254 4043; x_wconf 82' lang='lat' dir='ltr'><strong>Deus</strong></span> <span class='ocrx_word' id='word_1_723' title='bbox 2310 3986 2571 4057; x_wconf 78' lang='lat' dir='ltr'><strong>Spiritum</strong></span> <span class='ocrx_word' id='word_1_724' title='bbox 2617 3987 2741 4042; x_wconf 72' lang='lat' dir='ltr'><strong>Piiii</strong></span> <span class='ocrx_word' id='word_1_725' title='bbox 2786 3986 2869 4042; x_wconf 85' lang='lat' dir='ltr'><strong>sui</strong></span> <span class='ocrx_word' id='word_1_726' title='bbox 2916 3984 2969 4040; x_wconf 92' lang='lat' dir='ltr'><strong>in</strong></span> <span class='ocrx_word' id='word_1_727' title='bbox 3022 3984 3185 4039; x_wconf 84' lang='lat' dir='ltr'><strong>corda</strong></span> <span class='ocrx_word' id='word_1_728' title='bbox 3213 3993 3414 4048; x_wconf 82' lang='lat' dir='ltr'><strong>vestra,</strong></span> <span class='ocrx_word' id='word_1_729' title='bbox 3440 3983 3556 4038; x_wconf 87' lang='lat' dir='ltr'><strong>cia-</strong></span> 
     </span>
     <span class='ocr_line' id='line_1_99' title="bbox 1981 4073 3555 4146; baseline -0.006 -8"><span class='ocrx_word' id='word_1_730' title='bbox 1981 4090 2217 4138; x_wconf 87' lang='lat' dir='ltr'><strong>mantem</strong></span> <span class='ocrx_word' id='word_1_731' title='bbox 2251 4079 2466 4146; x_wconf 76' lang='lat' dir='ltr'><strong>:Abba,</strong></span> <span class='ocrx_word' id='word_1_732' title='bbox 2494 4077 2742 4133; x_wconf 80' lang='lat' dir='ltr'><strong>Pater”.</strong></span> <span class='ocrx_word' id='word_1_733' title='bbox 2770 4095 2790 4130; x_wconf 79' lang='grc' dir='ltr'>ι</span> <span class='ocrx_word' id='word_1_734' title='bbox 2823 4078 3012 4145; x_wconf 87' lang='lat' dir='ltr'><strong>ltaque</strong></span> <span class='ocrx_word' id='word_1_735' title='bbox 3049 4089 3171 4129; x_wconf 89' lang='lat' dir='ltr'><strong>cum</strong></span> <span class='ocrx_word' id='word_1_736' title='bbox 3211 4073 3555 4128; x_wconf 77' lang='lat' dir='ltr'><strong>ineffabiliter</strong></span> 
     </span>
     <span class='ocr_line' id='line_1_100' title="bbox 1982 4165 3555 4242; baseline -0.008 -11"><span class='ocrx_word' id='word_1_737' title='bbox 1982 4177 2035 4232; x_wconf 90' lang='lat' dir='ltr'><strong>in</strong></span> <span class='ocrx_word' id='word_1_738' title='bbox 2070 4176 2227 4230; x_wconf 85' lang='lat' dir='ltr'><strong>uobis</strong></span> <span class='ocrx_word' id='word_1_739' title='bbox 2261 4174 2468 4230; x_wconf 86' lang='lat' dir='ltr'><strong>habitet</strong></span> <span class='ocrx_word' id='word_1_740' title='bbox 2514 4185 2611 4242; x_wconf 91' lang='lat' dir='ltr'><strong>per</strong></span> <span class='ocrx_word' id='word_1_741' title='bbox 2652 4185 2809 4226; x_wconf 81' lang='lat' dir='ltr'><strong>suum</strong></span> <span class='ocrx_word' id='word_1_742' title='bbox 2849 4168 3112 4238; x_wconf 81' lang='lat' dir='ltr'><strong>Spiritum</strong></span> <span class='ocrx_word' id='word_1_743' title='bbox 3160 4165 3349 4231; x_wconf 82' lang='lat' dir='ltr'><strong>Filius,</strong></span> <span class='ocrx_word' id='word_1_744' title='bbox 3383 4167 3450 4219; x_wconf 83' lang='lat' dir='ltr'><strong>ad</strong></span> <span class='ocrx_word' id='word_1_745' title='bbox 3490 4166 3555 4219; x_wconf 85' lang='lat' dir='ltr'><strong>ii·</strong></span> 
     </span>
     <span class='ocr_line' id='line_1_101' title="bbox 1980 4257 3553 4336; baseline -0.008 -13"><span class='ocrx_word' id='word_1_746' title='bbox 1980 4267 2258 4324; x_wconf 88' lang='lat' dir='ltr'><strong>liationem</strong></span> <span class='ocrx_word' id='word_1_747' title='bbox 2279 4265 2580 4336; x_wconf 79' lang='lat' dir='ltr'><strong>spiritaiem</strong></span> <span class='ocrx_word' id='word_1_748' title='bbox 2622 4278 2722 4319; x_wconf 83' lang='lat' dir='ltr'><strong>uos</strong></span> <span class='ocrx_word' id='word_1_749' title='bbox 2745 4272 2967 4318; x_wconf 85' lang='lat' dir='ltr'><strong>vocatos</strong></span> <span class='ocrx_word' id='word_1_750' title='bbox 2987 4274 3109 4316; x_wconf 83' lang='lat' dir='ltr'><strong>esse</strong></span> <span class='ocrx_word' id='word_1_751' title='bbox 3149 4259 3405 4315; x_wconf 83' lang='lat' dir='ltr'><strong>dicimus.</strong></span> <span class='ocrx_word' id='word_1_752' title='bbox 3439 4257 3553 4312; x_wconf 79' lang='lat' dir='ltr'><strong>An-</strong></span> 
     </span>
     <span class='ocr_line' id='line_1_102' title="bbox 1981 4351 3096 4415; baseline -0.007 0"><span class='ocrx_word' id='word_1_753' title='bbox 1981 4374 2088 4415; x_wconf 82' lang='lat' dir='ltr'><strong>non</strong></span> <span class='ocrx_word' id='word_1_754' title='bbox 2114 4360 2218 4414; x_wconf 85' lang='lat' dir='ltr'><strong>hoe</strong></span> <span class='ocrx_word' id='word_1_755' title='bbox 2250 4357 2411 4413; x_wconf 88' lang='lat' dir='ltr'><strong>modo</strong></span> <span class='ocrx_word' id='word_1_756' title='bbox 2439 4355 2638 4412; x_wconf 75' lang='lat' dir='ltr'><strong>factum</strong></span> <span class='ocrx_word' id='word_1_757' title='bbox 2662 4354 2800 4410; x_wconf 83' lang='lat' dir='ltr'><strong>istud</strong></span> <span class='ocrx_word' id='word_1_758' title='bbox 2817 4351 3096 4409; x_wconf 73' lang='lat' dir='ltr'><strong>fatebere!</strong></span> 
     </span>
    </p>
   </div>
   <div class='ocr_carea' id='block_1_18' title="bbox 1985 4526 3589 5508">
    <p class='ocr_par' dir='ltr' id='par_1_24' title="bbox 1985 4526 3589 4861">
     <span class='ocr_line' id='line_1_103' title="bbox 2052 4526 3553 4603; baseline -0.007 -12"><span class='ocrx_word' id='word_1_759' title='bbox 2052 4536 2114 4593; x_wconf 86' lang='lat' dir='ltr'><strong>B.</strong></span> <span class='ocrx_word' id='word_1_760' title='bbox 2144 4535 2373 4591; x_wconf 76' lang='lat' dir='ltr'><strong>Maxime</strong></span> <span class='ocrx_word' id='word_1_761' title='bbox 2428 4533 2666 4603; x_wconf 84' lang='lat' dir='ltr'><strong>quidem.</strong></span> <span class='ocrx_word' id='word_1_762' title='bbox 2739 4531 2957 4587; x_wconf 70' lang='lat' dir='ltr'><strong>Memini</strong></span> <span class='ocrx_word' id='word_1_763' title='bbox 2997 4529 3141 4586; x_wconf 88' lang='lat' dir='ltr'><strong>enim</strong></span> <span class='ocrx_word' id='word_1_764' title='bbox 3186 4526 3330 4584; x_wconf 81' lang='lat' dir='ltr'><strong>iliius</strong></span> <span class='ocrx_word' id='word_1_765' title='bbox 3409 4526 3553 4597; x_wconf 84' lang='lat' dir='ltr'><strong>quod</strong></span> 
     </span>
     <span class='ocr_line' id='line_1_104' title="bbox 1985 4619 3554 4697; baseline -0.004 -14"><span class='ocrx_word' id='word_1_766' title='bbox 1985 4624 2422 4697; x_wconf 76' lang='lat' dir='ltr'><strong>sapientissimus</strong></span> <span class='ocrx_word' id='word_1_767' title='bbox 2490 4621 2733 4679; x_wconf 67' lang='lat' dir='ltr'><strong>loannes</strong></span> <span class='ocrx_word' id='word_1_768' title='bbox 2781 4621 2937 4677; x_wconf 71' lang='lat' dir='ltr'><strong>nobis</strong></span> <span class='ocrx_word' id='word_1_769' title='bbox 2973 4620 3042 4677; x_wconf 85' lang='lat' dir='ltr'><strong>de</strong></span> <span class='ocrx_word' id='word_1_770' title='bbox 3096 4621 3208 4675; x_wconf 80' lang='lat' dir='ltr'><strong>Deo</strong></span> <span class='ocrx_word' id='word_1_771' title='bbox 3255 4619 3554 4689; x_wconf 72' lang='lat' dir='ltr'><strong>praedicatt</strong></span> 
     </span>
     <span class='ocr_line' id='line_1_105' title="bbox 1992 4707 3589 4786; baseline -0.004 -16"><span class='ocrx_word' id='word_1_772' title='bbox 1992 4735 2012 4770; x_wconf 78' lang='grc' dir='ltr'>ι</span> <span class='ocrx_word' id='word_1_773' title='bbox 2039 4718 2319 4786; x_wconf 82' lang='lat' dir='ltr'><strong>Quotquot</strong></span> <span class='ocrx_word' id='word_1_774' title='bbox 2363 4723 2545 4769; x_wconf 86' lang='lat' dir='ltr'><strong>autem</strong></span> <span class='ocrx_word' id='word_1_775' title='bbox 2601 4719 2921 4780; x_wconf 87' lang='lat' dir='ltr'><strong>receperunt</strong></span> <span class='ocrx_word' id='word_1_776' title='bbox 2950 4723 3072 4766; x_wconf 87' lang='lat' dir='ltr'><strong>eum</strong></span> <span class='ocrx_word' id='word_1_777' title='bbox 3097 4707 3277 4775; x_wconf 87' lang='lat' dir='ltr'><strong>,dedit</strong></span> <span class='ocrx_word' id='word_1_778' title='bbox 3295 4708 3376 4764; x_wconf 77' lang='lat' dir='ltr'><strong>eia</strong></span> <span class='ocrx_word' id='word_1_779' title='bbox 3400 4717 3557 4778; x_wconf 77' lang='lat' dir='ltr'><strong>pote·</strong></span> <span class='ocrx_word' id='word_1_780' title='bbox 3585 4738 3589 4743; x_wconf 96' lang='lat'><em>-</em></span> 
     </span>
     <span class='ocr_line' id='line_1_106' title="bbox 1988 4798 2844 4861; baseline -0.011 -1"><span class='ocrx_word' id='word_1_781' title='bbox 1988 4814 2182 4861; x_wconf 88' lang='lat' dir='ltr'><strong>statem</strong></span> <span class='ocrx_word' id='word_1_782' title='bbox 2216 4803 2358 4858; x_wconf 78' lang='lat' dir='ltr'><strong>iiiios</strong></span> <span class='ocrx_word' id='word_1_783' title='bbox 2386 4803 2477 4859; x_wconf 85' lang='lat' dir='ltr'><strong>Dei</strong></span> <span class='ocrx_word' id='word_1_784' title='bbox 2513 4798 2794 4857; x_wconf 81' lang='lat' dir='ltr'><strong>iieri&#39;⁸·”.</strong></span> <span class='ocrx_word' id='word_1_785' title='bbox 2823 4815 2844 4851; x_wconf 76' lang='grc' dir='ltr'>ι</span> 
     </span>
    </p>

    <p class='ocr_par' dir='ltr' id='par_1_25' title="bbox 1986 4889 3564 5508">
     <span class='ocr_line' id='line_1_107' title="bbox 2067 4889 3557 4966; baseline -0.006 -14"><span class='ocrx_word' id='word_1_786' title='bbox 2067 4897 2134 4952; x_wconf 78' lang='grc' dir='ltr'><strong>Δ.</strong></span> <span class='ocrx_word' id='word_1_787' title='bbox 2164 4897 2402 4952; x_wconf 76' lang='lat' dir='ltr'><strong>Adverte</strong></span> <span class='ocrx_word' id='word_1_788' title='bbox 2417 4894 2603 4966; x_wconf 76' lang='lat' dir='ltr'><strong>igitur,</strong></span> <span class='ocrx_word' id='word_1_789' title='bbox 2638 4894 2832 4957; x_wconf 89' lang='lat' dir='ltr'><strong>amice,</strong></span> <span class='ocrx_word' id='word_1_790' title='bbox 2859 4904 3092 4961; x_wconf 84' lang='lat' dir='ltr'><strong>quonam</strong></span> <span class='ocrx_word' id='word_1_791' title='bbox 3128 4889 3348 4946; x_wconf 85' lang='lat' dir='ltr'><strong>demum</strong></span> <span class='ocrx_word' id='word_1_792' title='bbox 3374 4896 3557 4944; x_wconf 86' lang='lat' dir='ltr'><strong>nostra</strong></span> 
     </span>
     <span class='ocr_line' id='line_1_108' title="bbox 1987 4981 3560 5059; baseline -0.006 -14"><span class='ocrx_word' id='word_1_793' title='bbox 1987 4989 2058 5045; x_wconf 89' lang='lat' dir='ltr'><strong>de</strong></span> <span class='ocrx_word' id='word_1_794' title='bbox 2077 4987 2369 5059; x_wconf 75' lang='lat' dir='ltr'><strong>Unigenito</strong></span> <span class='ocrx_word' id='word_1_795' title='bbox 2402 4988 2632 5043; x_wconf 70' lang='lat' dir='ltr'><strong>evasura</strong></span> <span class='ocrx_word' id='word_1_796' title='bbox 2681 4984 2753 5040; x_wconf 83' lang='lat' dir='ltr'><strong>sit</strong></span> <span class='ocrx_word' id='word_1_797' title='bbox 2801 4981 3143 5054; x_wconf 73' lang='lat' dir='ltr'><strong>disputatio,‘,</strong></span> <span class='ocrx_word' id='word_1_798' title='bbox 3176 4981 3226 5038; x_wconf 83' lang='lat' dir='ltr'><strong>ai</strong></span> <span class='ocrx_word' id='word_1_799' title='bbox 3265 4983 3323 5038; x_wconf 84' lang='lat' dir='ltr'><strong>iu</strong></span> <span class='ocrx_word' id='word_1_800' title='bbox 3371 4995 3560 5038; x_wconf 82' lang='lat' dir='ltr'><strong>eorum</strong></span> 
     </span>
     <span class='ocr_line' id='line_1_109' title="bbox 1988 5070 3564 5147; baseline -0.008 -11"><span class='ocrx_word' id='word_1_801' title='bbox 1988 5095 2215 5136; x_wconf 87' lang='lat' dir='ltr'><strong>numero</strong></span> <span class='ocrx_word' id='word_1_802' title='bbox 2250 5078 2343 5147; x_wconf 83' lang='lat' dir='ltr'><strong>qui</strong></span> <span class='ocrx_word' id='word_1_803' title='bbox 2400 5077 2467 5132; x_wconf 91' lang='lat' dir='ltr'><strong>ad</strong></span> <span class='ocrx_word' id='word_1_804' title='bbox 2523 5076 2835 5130; x_wconf 86' lang='lat' dir='ltr'><strong>niiationem</strong></span> <span class='ocrx_word' id='word_1_805' title='bbox 2888 5073 3065 5129; x_wconf 81' lang='lat' dir='ltr'><strong>vocati</strong></span> <span class='ocrx_word' id='word_1_806' title='bbox 3109 5080 3235 5129; x_wconf 83' lang='lat' dir='ltr'><strong>sant</strong></span> <span class='ocrx_word' id='word_1_807' title='bbox 3279 5070 3564 5140; x_wconf 66' lang='lat' dir='ltr'><strong>aqualiter</strong></span> 
     </span>
     <span class='ocr_line' id='line_1_110' title="bbox 1987 5161 3561 5239; baseline -0.006 -14"><span class='ocrx_word' id='word_1_808' title='bbox 1987 5177 2298 5239; x_wconf 78' lang='lat' dir='ltr'><strong>reponatur.</strong></span> <span class='ocrx_word' id='word_1_809' title='bbox 2338 5165 2476 5222; x_wconf 83' lang='lat' dir='ltr'><strong>Nam</strong></span> <span class='ocrx_word' id='word_1_810' title='bbox 2522 5166 2666 5237; x_wconf 84' lang='lat' dir='ltr'><strong>quod</strong></span> <span class='ocrx_word' id='word_1_811' title='bbox 2696 5164 2896 5220; x_wconf 80' lang='lat' dir='ltr'><strong>iactum</strong></span> <span class='ocrx_word' id='word_1_812' title='bbox 2945 5173 3057 5236; x_wconf 67' lang='lat' dir='ltr'><strong>est,</strong></span> <span class='ocrx_word' id='word_1_813' title='bbox 3085 5178 3192 5219; x_wconf 82' lang='lat' dir='ltr'><strong>nou</strong></span> <span class='ocrx_word' id='word_1_814' title='bbox 3257 5161 3415 5216; x_wconf 79' lang='lat' dir='ltr'><strong>aliter</strong></span> <span class='ocrx_word' id='word_1_815' title='bbox 3463 5161 3561 5217; x_wconf 70' lang='lat' dir='ltr'><strong>atii</strong></span> 
     </span>
     <span class='ocr_line' id='line_1_111' title="bbox 1987 5252 3564 5329; baseline -0.004 -13"><span class='ocrx_word' id='word_1_816' title='bbox 1987 5259 2165 5318; x_wconf 82' lang='lat' dir='ltr'><strong>locum</strong></span> <span class='ocrx_word' id='word_1_817' title='bbox 2184 5261 2468 5327; x_wconf 85' lang='lat' dir='ltr'><strong>obtinebit,</strong></span> <span class='ocrx_word' id='word_1_818' title='bbox 2493 5274 2656 5329; x_wconf 87' lang='lat' dir='ltr'><strong>quam</strong></span> <span class='ocrx_word' id='word_1_819' title='bbox 2696 5271 2794 5325; x_wconf 88' lang='lat' dir='ltr'><strong>per</strong></span> <span class='ocrx_word' id='word_1_820' title='bbox 2829 5256 3026 5312; x_wconf 86' lang='lat' dir='ltr'><strong>Fiiium</strong></span> <span class='ocrx_word' id='word_1_821' title='bbox 3055 5256 3108 5311; x_wconf 90' lang='lat' dir='ltr'><strong>in</strong></span> <span class='ocrx_word' id='word_1_822' title='bbox 3144 5253 3371 5326; x_wconf 81' lang='lat' dir='ltr'><strong>Spiritu.</strong></span> <span class='ocrx_word' id='word_1_823' title='bbox 3395 5252 3564 5324; x_wconf 81' lang='lat' dir='ltr'><strong>idque</strong></span> 
     </span>
     <span class='ocr_line' id='line_1_112' title="bbox 1986 5343 3564 5424; baseline -0.008 -13"><span class='ocrx_word' id='word_1_824' title='bbox 1986 5354 2297 5411; x_wconf 79' lang='lat' dir='ltr'><strong>testimonio</strong></span> <span class='ocrx_word' id='word_1_825' title='bbox 2367 5351 2575 5424; x_wconf 85' lang='lat' dir='ltr'><strong>patebit</strong></span> <span class='ocrx_word' id='word_1_826' title='bbox 2656 5348 2809 5406; x_wconf 80' lang='lat' dir='ltr'><strong>Pauli</strong></span> <span class='ocrx_word' id='word_1_827' title='bbox 2874 5347 3134 5403; x_wconf 83' lang='lat' dir='ltr'><strong>dicentis:</strong></span> <span class='ocrx_word' id='word_1_828' title='bbox 3202 5361 3223 5396; x_wconf 80' lang='grc' dir='ltr'>ι</span> <span class='ocrx_word' id='word_1_829' title='bbox 3293 5343 3564 5411; x_wconf 81' lang='lat' dir='ltr'><strong>Quoniam</strong></span> 
     </span>
     <span class='ocr_line' id='line_1_113' title="bbox 1988 5433 3563 5508; baseline -0.009 -6"><span class='ocrx_word' id='word_1_830' title='bbox 1988 5451 2170 5502; x_wconf 87' lang='lat' dir='ltr'><strong>autem</strong></span> <span class='ocrx_word' id='word_1_831' title='bbox 2217 5443 2354 5501; x_wconf 78' lang='lat' dir='ltr'><strong>estis</strong></span> <span class='ocrx_word' id='word_1_832' title='bbox 2400 5443 2517 5508; x_wconf 87' lang='lat' dir='ltr'><strong>iiiii,</strong></span> <span class='ocrx_word' id='word_1_833' title='bbox 2559 5441 2707 5497; x_wconf 85' lang='lat' dir='ltr'><strong>tnisit</strong></span> <span class='ocrx_word' id='word_1_834' title='bbox 2751 5439 2896 5496; x_wconf 85' lang='lat' dir='ltr'><strong>Deus</strong></span> <span class='ocrx_word' id='word_1_835' title='bbox 2921 5436 3182 5508; x_wconf 87' lang='lat' dir='ltr'><strong>Spiritum</strong></span> <span class='ocrx_word' id='word_1_836' title='bbox 3213 5433 3337 5490; x_wconf 78' lang='lat' dir='ltr'><strong>Filii</strong></span> <span class='ocrx_word' id='word_1_837' title='bbox 3386 5435 3470 5492; x_wconf 82' lang='lat' dir='ltr'><strong>sui</strong></span> <span class='ocrx_word' id='word_1_838' title='bbox 3510 5435 3563 5488; x_wconf 89' lang='lat' dir='ltr'><strong>in</strong></span> 
     </span>
    </p>
   </div>
   <div class='ocr_carea' id='block_1_19' title="bbox 1990 5525 3566 5599">
    <p class='ocr_par' dir='ltr' id='par_1_26' title="bbox 1990 5525 3566 5599">
     <span class='ocr_line' id='line_1_114' title="bbox 1990 5525 3566 5599; baseline -0.01 -4"><span class='ocrx_word' id='word_1_839' title='bbox 1990 5540 2152 5595; x_wconf 78' lang='lat' dir='ltr'><strong>corda</strong></span> <span class='ocrx_word' id='word_1_840' title='bbox 2200 5547 2383 5596; x_wconf 74' lang='lat' dir='ltr'><strong>vestra</strong></span> <span class='ocrx_word' id='word_1_841' title='bbox 2456 5537 2781 5594; x_wconf 76' lang='lat' dir='ltr'><strong>clamantem</strong></span> <span class='ocrx_word' id='word_1_842' title='bbox 2824 5551 2839 5591; x_wconf 78' lang='grc' dir='ltr'>ι</span> <span class='ocrx_word' id='word_1_843' title='bbox 2888 5531 3065 5599; x_wconf 73' lang='lat' dir='ltr'><strong>Abba,</strong></span> <span class='ocrx_word' id='word_1_844' title='bbox 3143 5528 3326 5587; x_wconf 76' lang='lat' dir='ltr'><strong>Pater.</strong></span> <span class='ocrx_word' id='word_1_845' title='bbox 3418 5546 3441 5581; x_wconf 78' lang='grc' dir='ltr'>ι</span> <span class='ocrx_word' id='word_1_846' title='bbox 3506 5525 3566 5581; x_wconf 84' lang='grc' dir='ltr'><strong>Ιιι</strong></span> 
     </span>
    </p>
   </div>
  </div>
 </body>
</html>
