3809 6125
284 328 390 386 935

1257 317 1317 375 S.
1339 314 1617 373 CYRtLLt
1654 308 2126 369 ALEXANDRtNt
2161 309 2482 368 Ancntsst‘.

284 443 353 497 ad
385 448 634 494 naturam
657 433 803 489 illum
835 431 1203 495 descendere,
1250 428 1409 498 cuius
1456 426 1852 500 ignobilitatem
1881 426 1931 485 A
1956 422 2265 494 αισχύνοιτο
2308 423 2546 494 ‘serpen
2598 420 2665 474 Τί
2710 418 2820 493 γὰρ
2862 418 3003 482 ὅλως
3052 415 3188 480 ἔδει,
3223 417 3560 491 φησαιμῚι

283 543 339 589 et
372 531 629 587 vilitatem
657 527 841 583 subire
869 539 1033 596 grave
1052 531 1173 578 erat
1196 537 1263 578 ac
1284 518 1699 576 intolerandum
1726 515 1859 582 Deo,

285 633 344 679 ut
368 620 531 677 semel
558 619 732 675 dicam
760 656 776 682 ,
830 632 898 672 ex
960 616 1070 671 Deo
1116 613 1347 685 genito?
1394 612 1549 681 Quod
1603 610 1649 667 si
1695 608 1862 664 verba

284 728 406 784 quae
442 712 598 766 nobis
648 707 979 765 conveniunt
1007 742 1026 768 .
1075 703 1305 773 rejicere
1361 716 1584 758 necesse
1620 707 1742 758 erat
1794 714 1862 755 ac

287 804 513 859 decebat
539 811 596 855 ut
623 798 921 856 divinitatis
949 795 1116 851 decus
1145 795 1370 850 illaesum
1409 803 1465 848 et
1488 792 1861 861 incorruptum

285 908 506 950 servare
534 900 718 961 posset
750 905 765 942 ι
792 889 885 959 qui
918 903 1026 942 non
1063 886 1235 942 multo
1264 886 1442 955 magis
1471 884 1624 940 carni
1670 882 1814 938 uniri
1840 920 1859 947 ,

285 996 343 1040 et
369 984 686 1038 vilissimam
710 980 822 1052 pati
854 976 1279 1034 demissionem?
1303 974 1410 1031 Sed
1434 989 1596 1031 nemo
1623 987 1862 1044 unquam

284 1089 351 1132 eo
376 1074 615 1144 stuporis
642 1073 855 1136 veniet,
897 1070 1123 1139 opinor,
1169 1075 1229 1121 ιιι
1279 1081 1385 1122 non
1436 1066 1595 1121 valde
1635 1066 1865 1120 miretur

285 1164 663 1234 Unigenitum,
694 1175 799 1215 non
843 1158 1089 1227 rapuisse
1129 1158 1350 1228 quidem
1379 1165 1598 1228 propter
1643 1171 1741 1213 nos
1768 1172 1863 1212 su·

284 1270 530 1326 premum
552 1252 684 1308 illud
707 1260 761 1307 et
783 1251 1041 1305 eximium
1076 1250 1241 1304 decus
1264 1249 1405 1318 quod
1425 1257 1509 1304 est
1534 1248 1588 1302 in
1619 1247 1792 1303 forma
1810 1257 1865 1304 et

285 1347 593 1418 aequalitate.
607 1344 808 1408 Patris,
836 1343 931 1397 sed
960 1340 1215 1396 maluisse
1247 1340 1600 1396 inanitionem
1619 1338 1864 1395 incarna-

288 1440 487 1493 tionem
510 1436 644 1507 pati,
658 1444 713 1490 et
732 1449 853 1490 cum
872 1434 987 1502 ipsa
1004 1445 1339 1501 qttaecunque
1353 1431 1423 1485 de
1433 1444 1495 1485 ea
1513 1430 1767 1486 dicuntur
1782 1431 1864 1486 ei-

287 1525 754 1598 queconveniunt,
785 1538 850 1579 ac
866 1537 965 1592 pro
990 1522 1162 1578 nihilo
1180 1536 1292 1576 rem
1311 1520 1534 1588 habere,
1551 1522 1885 1591 quandoqui-

285 1622 406 1675 dem
433 1617 727 1672 incolumes
755 1631 968 1680 sumus,
1001 1615 1069 1669 ad
1100 1614 1389 1684 pristinum
1421 1624 1621 1671 statum
1647 1628 1860 1669 reversa

287 1719 501 1774 natura,
544 1715 599 1762 et
644 1707 698 1761 in
731 1706 848 1775 ipso
880 1705 947 1759 ad
977 1704 1101 1760 vitae
1133 1705 1426 1759 novitatem
1473 1706 1771 1760 instaurata
1793 1704 1859 1769 ¹⁸,

285 1815 382 1871 per
402 1797 888 1855 sanctificationem
927 1796 980 1851 in
1006 1795 1234 1865 Spiritu.
1270 1794 1682 1870 Explicat-ergo
1707 1794 1853 1848 Pau-

284 1890 368 1945 lus
401 1903 617 1945 causam
645 1886 1038 1942 incarnationis
1061 1885 1272 1953 dicens,
1306 1885 1399 1941 Dei
1449 1884 1685 1941 Verbum
1729 1900 1863 1941 nus·

282 1997 443 2053 quam
474 1977 897 2050 apprehendisse
929 1977 1171 2047 angelos,
1186 1978 1284 2033 sed
1313 1991 1503 2033 semen
1526 1976 1761 2032 Abrahae
1787 1977 1860 2044 ²⁶,

290 2092 311 2126 ι
342 2073 486 2128 unde
506 2071 688 2127 debuit
724 2084 820 2140 per
851 2070 1033 2125 omnia
1061 2067 1322 2124 tratribus
1345 2068 1577 2124 similari
1604 2107 1620 2132 ,
1658 2077 1720 2123 ut
1761 2066 1865 2122 nti-

283 2163 517 2218 sericors
548 2160 702 2215 tieret
742 2169 798 2214 et
833 2157 1007 2214 tidelis
1042 2155 1296 2214 Pontifex
1326 2157 1393 2212 ad
1427 2157 1595 2213 Deum
1625 2156 1690 2211 ⁸¹.
1728 2176 1749 2210 ι
1793 2157 1862 2213 Ει

287 2268 472 2309 rursus
502 2270 516 2306 ι
554 2268 574 2303 ι
612 2250 748 2317 Quia
772 2264 903 2321 ergo
930 2248 1086 2320 pueri
1133 2249 1674 2304 communicaverunt
1708 2247 1862 2303 carni

282 2353 339 2400 et
368 2341 641 2413 sanguini,
666 2348 722 2396 et
772 2340 890 2409 ipse
936 2338 1192 2393 similiter
1231 2340 1582 2409 participavit
1627 2338 1857 2404 eisdem,

285 2447 344 2492 ut
375 2450 471 2504 per
496 2442 724 2488 mortem
759 2432 1066 2486 destrueret
1108 2443 1232 2485 eum
1264 2429 1356 2499 qui
1388 2427 1625 2484 habebat
1665 2429 1861 2485 mortis

285 2525 591 2596 imperium,
620 2524 671 2578 id
695 2531 798 2589 est,
831 2520 1106 2577 diabolum
1130 2522 1199 2573 ²¹.
1231 2536 1250 2572 ι
1275 2518 1460 2591 549.
1494 2519 1600 2575 Sed
1629 2534 1730 2575 cur
1759 2521 1863 2575 hoc

283 2617 441 2673 dico?
466 2630 589 2672 cum
616 2614 794 2671 cuivis
822 2612 1006 2676 liceat,
1040 2611 1086 2667 si
1113 2613 1272 2668 modo
1303 2610 1456 2675 velit,
1482 2608 1758 2667 Christum
1792 2611 1861 2667 ad

284 2710 448 2765 Deum
477 2708 692 2763 Patrem
722 2706 811 2775 qui
842 2704 894 2757 in
938 2702 1095 2759 coelis
1139 2711 1225 2758 est
1262 2701 1451 2757 audire
1502 2702 1705 2757 diserte
1745 2702 1860 2757 cla·

284 2808 522 2855 mantem
548 2815 565 2853 ι
603 2816 623 2849 ι
658 2794 999 2851 Sacrificium
1020 2803 1079 2850 et
1104 2794 1435 2850 oblationem
1457 2793 1680 2851 noluisti
1712 2810 1727 2847 ι
1762 2793 1862 2850 ho·

282 2892 677 2946 locaustomata
733 2896 792 2942 et
823 2874 1178 2955 pro'peceato
1225 2899 1333 2939 non
1389 2884 1695 2956 postulasti,
1730 2892 1862 2941 tunc

281 2983 419 3049 dixi,
462 2980 603 3036 Ecce
651 2978 828 3047 venio,
878 2986 939 3032 ut
992 2976 1228 3032 facerem
1248 3014 1264 3042 ,
1314 2975 1474 3043 Deus,
1531 2975 1858 3032 voluntatem

1963 513 2161 584 ἔγωγε,
2178 512 2275 568 καὶ
2302 514 2448 584 μάλα
2478 513 2722 576 εἰκότως,
2748 509 3074 567 καθικέσθαι
3101 508 3248 581 πρὸς
3275 509 3480 582 φύσιν,
3503 507 3562 588 ᾗ

1961 603 2025 659 τὸ
2066 602 2251 668 ἄδοξόν
2277 619 2339 656 τε
2378 601 2473 656 καὶ
2507 600 2919 672 σμικροπρεπὲς
2964 597 3252 665 ὑποδῦναι,
3301 600 3590 672 φορτικὴ-

1963 692 2060 747 καί
2100 691 2550 762 δυσδιακόμιστον
2596 685 2665 761 ἦν
2716 689 2796 760 τῷ
2835 705 2900 759 γε
2951 688 3099 755 ἁπαξ
3125 691 3197 744 ἐκ
3229 689 3386 746 Θεοῦ
3413 689 3562 764 φύντι

1963 783 2119 855 Θεῷ;
2156 784 2252 837 καὶ
2278 783 2386 836 τῶν
2419 781 2540 836 καθ’
2577 781 2728 854 ἡμᾶς
2752 781 2927 851 λόγων
2956 784 2991 854 η
3018 782 3378 855 παραίτησις
3411 784 3562 860 εἰπερ

1961 871 2031 947 ἦν
2060 873 2213 946 αὐτῷ
2243 873 2528 946 πρέπουσά
2554 890 2614 926 τε
2641 873 2737 928 καὶ
2765 873 3060 942 ἀναγκαία,
3092 874 3241 945 πρὸς
3283 875 3356 930 τὸ
3385 876 3560 943 ἀσινὴς

1966 968 2061 1021 καὶ
2082 966 2372 1038 ἁκίόδηλον
2390 964 2654 1022 διασῶσαι
2667 964 2926 1020 δύνασθαι
2944 964 3006 1018 τὸ
3021 967 3082 1018 ὲν
3097 964 3328 1038 θεότητι
3345 967 3558 1038 κάλλος,

1965 1060 2085 1124 πῶς
2115 1059 2181 1113 ἂν
2212 1059 2334 1130 οὐχὶ
2365 1057 2461 1114 καί
2490 1057 2599 1129 πρό
2629 1073 2693 1127 γε
2719 1056 2912 1111 τούτου
2959 1056 3119 1118 πολὺ,
3171 1057 3240 1112 τὸ
3289 1059 3558 1132 ἐνωθῆνιι

1967 1153 2153 1223 σαρκὶ,
2187 1152 2282 1205 καὶ
2322 1150 2424 1222 τὴν
2456 1149 2630 1214 οῦτως
2664 1149 3073 1223 ἁκαλλεστὰτην
3119 1150 3442 1223 ἀνατλῆναι
3467 1170 3556 1210 τα-

1966 1244 2253 1311 πείνωσιν;
2292 1241 2432 1297 Ἀλλ’
2458 1242 2560 1297 οὐκ
2602 1242 2691 1307 ἂν,
2720 1241 2896 1313 οἶμαι,
2919 1242 3002 1306 τὶς
3034 1242 3458 1316 ὲμόροντησίας
3482 1249 3554 1312 εἰς

1961 1334 2122 1388 τοῦτο
2149 1334 2386 1408 προήκοι
2412 1333 2567 1399 ποτὲ,
2595 1333 2672 1397 ὡς
2696 1331 2773 1405 μὴ
2800 1334 3190 1406 ὑπεράγασθαι
3229 1336 3448 1408 σφόδρα
3469 1337 3550 1394 τοῦ

1963 1425 2303 1505 Μονογενοῦς
2323 1466 2339 1493 ,
2380 1425 2479 1496 οὐχ
2524 1425 2874 1496 ἁρπάσαντος
2928 1426 3028 1497 μὲν
3075 1425 3149 1480 δι’
3199 1428 3362 1499 ἡμᾶς
3405 1429 3470 1484 τὸ
3499 1431 3550 1484 ἰν

1966 1519 2150 1590 μορφῇ
2179 1516 2276 1572 καί
2305 1516 2513 1588 ἰσότητι
2535 1515 2634 1570 τοῦ
2662 1517 2877 1587 Πατρός
2909 1517 3198 1589 ἐκπρεπὲς
3224 1518 3550 1592 ἁξίωμαααί

1965 1610 2289 1680 ὑπέρτατον,
2313 1607 2571 1680 ἑλομένου
2596 1608 2655 1662 δὲ
2674 1607 2869 1696 Ιιτήαθεῖν
2895 1608 2994 1676 τὴν
3016 1609 3078 1661 ὲν
3108 1612 3287 1681 σαρκὶ
3309 1612 3545 1680 κένωσιν,

1967 1700 2063 1754 καὶ
2098 1700 2196 1753 σὺν
2240 1699 2379 1771 αὐτῇ
2410 1700 2536 1763 τοὺς
2566 1700 2705 1770 αὐτῇ
2734 1700 3050 1772 πρέποντάς
3085 1717 3152 1755 τε
3181 1702 3286 1756 καὶ
3313 1704 3546 1769 ἐοικότας

1964 1793 2176 1862 λόγους,
2194 1792 2289 1847 καὶ
2313 1791 2376 1846 τὸ
2405 1792 2593 1863 χρῆμα
2624 1790 2875 1862 ἡγεῖσθαι
2897 1790 3031 1864 παρ’
3047 1792 3230 1860 οὐδὲν,
3247 1795 3326 1849 ὅτ’
3343 1795 3410 1850 ἂν
3425 1798 3544 1869 ἡμῖν

1965 1880 2025 1939 εὖ
2077 1884 2224 1955 μάλα
2267 1883 2672 1955 διαπεραίνοιτο
2703 1884 2763 1937 τὸ
2792 1884 3096 1956 ἁλωδήτως
3127 1885 3306 1958 ἔχειν,
3331 1889 3544 1961 ἀναφικ-

1963 1976 2144 2050 τώσης
2172 1977 2256 2042 εἰς
2282 1978 2343 2031 τὸ
2365 1978 2426 2032 ἐν
2454 1977 2653 2052 ἀρχαῖς
2675 1977 2777 2047 τῆς
2805 1977 3046 2047 φύσεως,
3072 1980 3176 2034 καὶ
3197 1981 3542 2056 ἁνακτιζομέ·

1963 2091 2061 2144 νης
2101 2076 2161 2127 ὲν
2206 2073 2357 2144 αὐτῷ
2383 2073 2519 2144 πρὸς
2552 2071 2848 2144 καινότητα
2887 2069 3062 2145 ζωῆς,
3089 2073 3162 2129 δι’
3186 2076 3453 2148 ἁγιασμοῦ
3479 2079 3539 2132 ἐν

1961 2166 2266 2236 Πνεῦματι.
2295 2166 2583 2237 Διατρανοῖ
2608 2164 2738 2233 γοῦν
2772 2165 2802 2218 ό
2824 2163 3044 2228 Παῦλος
3071 2164 3168 2236 τῆς
3191 2166 3530 2240 haveque-q-

1964 2274 2102 2320 σεως
2145 2256 2248 2326 τὴν
2278 2255 2482 2322 αἰτίαν,
2512 2256 2613 2309 οὐκ
2649 2255 2897 2324 ἀγγέλων
2945 2255 3284 2329 ἐπειλῆφθαι
3309 2258 3404 2314 τὴν
3443 2257 3530 2314 τοῦ

1962 2348 2099 2403 Θεοῦ
2124 2346 2296 2418 Λόγον
2323 2345 2515 2412 εἰπὼν,
2544 2346 2683 2401 ἁλλὰ
2711 2347 3032 2419 σπέρματος
3076 2348 3366 2423 ’Δὸραὰμ,
3389 2369 3412 2405 ι
3431 2349 3540 2407 ὃθεν

1961 2440 2160 2511 ὤφειλε
2203 2441 2345 2527 κατὰ
2389 2440 2569 2495 πάντα
2614 2443 2722 2505 τοῖς
2771 2440 3027 2512 ἀδελφοῖς
3071 2443 3444 2517 ὁμοιωθῆναι,
3463 2445 3530 2500 {a

1960 2531 2209 2602 ἐλεήμων
2245 2523 2470 2601 γ’ένηται
2499 2529 2595 2583 καὶ
2622 2528 2810 2593 πιστὸς
2837 2530 3143 2602 ἀρχιερεὺς
3187 2531 3266 2586 τὰ
3309 2531 3517 2604 apog*

1959 2622 2113 2677 Θεόν.
2142 2641 2162 2675 ι
2199 2623 2311 2676 Καὶ
2341 2621 2501 2676 πάλιν
2522 2635 2539 2654 ·
2584 2640 2603 2673 ι
2627 2621 2844 2693 Ἐπειδὴ
2876 2621 2988 2693 γὰρ
3028 2622 3106 2677 τὰ
3145 2625 3353 2680 παιδία
3383 2641 3524 2682 κεια-

1961 2713 2204 2785 νώνηκεν
2227 2713 2457 2786 αἵματος
2479 2713 2571 2768 καί
2596 2714 2817 2785 σαρκὸς,
2838 2714 2934 2768 καὶ
2954 2713 3131 2780 αὐτὸς
3154 2717 3530 2790 παραπλησίας

1964 2808 2195 2879 μετέσχε
2221 2805 2331 2860 τῶν
2363 2806 2563 2872 αὐτῶν,
2592 2807 2679 2861 ἵνα
2710 2806 2799 2860 διὰ
2830 2805 2924 2859 τοῦ
2949 2805 3206 2863 Θανάτου
3239 2811 3525 2882 καταργήσῃ

1960 2898 2052 2951 τὸν
2081 2899 2144 2952 τὸ
2170 2896 2371 2976 κράτος
2398 2897 2591 2968 ἔχοντα
2616 2897 2711 2950 τοῦ
2737 2896 2989 2963 θανάτου,
3023 2900 3312 2968 τουτέστι,
3335 2899 3520 2954 vertri-

1961 2987 2136 3043 δολον.
2168 3005 2188 3039 ι
2231 2989 2340 3042 Καὶ
2382 2988 2436 3041 τί
2468 2988 2637 3050 ,τοῦτο
2687 2988 2863 3058 λέγοις
2907 2988 3099 3044 καίτοι
3148 2996 3270 3058 τοῖς
3303 2989 3510 3045 ἐθέλωσι

284 3081 430 3127 tuam
464 3070 532 3126 ¹⁸.
574 3087 593 3123 ι
629 3067 886 3135 Quaenam
914 3075 1093 3121 autern
1118 3075 1239 3121 erat
1271 3067 1491 3135 sapiens
1522 3065 1613 3121 illa
1657 3066 1712 3122 in
1756 3082 1856 3123 nos
1882 3099 1929 3162 C
1963 3082 2147 3152 μετὸν,
2192 3081 2491 3150 ἀναφανδὸν
2540 3083 2751 3137 ἐπαΐειν
2799 3084 3268 3154 ἀνακεκραγότος
3315 3080 3516 3158 xm

283 3171 338 3217 et
359 3160 615 3216 salutaris
664 3157 845 3213 Patris
887 3157 1187 3212 voluntas?
1240 3166 1471 3214 mortem
1506 3158 1755 3215 abolendi
1800 3160 1854 3214 in
1960 3169 2097 3241 πρὸς
2133 3171 2225 3224 τὸν
2273 3172 2333 3225 ὲν
2381 3172 2497 3236 vot<
2544 3173 2791 3244 οὐρανοῖς
2834 3172 3063 3244 Πατέρα
3091 3174 3274 3231 Θεόν.
3309 3172 3512 3231 ‘m

283 3264 460 3307 morte
498 3251 742 3318 Christi,
790 3266 856 3306 ac
904 3259 1164 3320 praeterea
1217 3260 1518 3320 peccatum,
1554 3259 1610 3306 et
1653 3254 1858 3320 pec‘cati

282 3353 562 3400 auctorem
591 3358 655 3399 ac
682 3344 919 3413 primum
968 3341 1254 3408 artiticem,
1298 3350 1355 3396 et
1391 3357 1488 3412 per
1535 3344 1855 3414 sanguinem

281 3436 485 3494 Christi
509 3450 700 3491 omnes
722 3433 1045 3489 redimendi.
1083 3432 1350 3501 Quocirca
1393 3432 1614 3491 divinus
1655 3432 1859 3491 Paulus

284 3543 473 3586 rursus
504 3527 695 3583 scribit
729 3528 784 3581 in
811 3527 956 3582 hunc
999 3526 1216 3581 modum
1247 3526 1314 3580 de
1360 3523 1540 3582 Filio:
1571 3547 1590 3580 t
1625 3526 1693 3582 Et
1736 3527 1857 3583 ideo

281 3623 416 3680 Novi
436 3619 771 3676 Testamenti
790 3618 1058 3673 mediator
1074 3626 1180 3685 est,
1197 3627 1256 3672 ut
1272 3625 1448 3673 morte
1466 3617 1854 3686 intercedente,

283 3718 336 3771 in
368 3713 794 3784 redemptionem
818 3725 1006 3765 earum
1031 3709 1533 3779 praevaricationum
1556 3723 1678 3779 quae
1699 3721 1857 3766 erant

280 3807 382 3861 sub
407 3805 572 3874 priori
606 3801 1081 3872 repromissionem
1109 3798 1382 3869 accipiant
1399 3800 1491 3871 qui
1518 3801 1700 3856 vocati
1727 3809 1855 3857 sunt

280 3904 497 3952 aeternae
524 3893 881 3950 haereditatis.
917 3890 1326 3947 Testamentum
1354 3892 1499 3947 enim
1540 3891 1595 3946 in
1622 3894 1853 3951 mortuis

278 3986 660 4043 confirmatum
691 3991 798 4047 est,
822 3981 1058 4052 alioquin
1092 3981 1335 4037 nondum
1366 3980 1533 4048 valet,
1564 3983 1692 4039 dum
1719 3983 1852 4040 vivit

279 4082 369 4149 qni
401 4087 629 4135 testatus
659 4086 745 4132 est
767 4076 837 4131 ⁸⁶.
869 4094 889 4128 ι
923 4074 1075 4142 Quod
1107 4074 1151 4128 si
1174 4073 1313 4128 mori
1339 4073 1532 4129 Filium
1553 4077 1847 4144 oportebat

279 4174 347 4228 ad
394 4171 753 4241 peragendam
797 4165 1286 4237 dispensationem,
1330 4179 1457 4218 cunt
1503 4166 1697 4221 inutile
1735 4181 1841 4222 non

275 4271 423 4319 esset
448 4270 677 4316 mortem
698 4268 985 4325 capessere
1016 4271 1031 4308 ι
1064 4252 1339 4322 quomodo
1371 4267 1478 4306 non
1505 4260 1627 4308 erat
1656 4253 1708 4309 ei
1753 4269 1850 4310 ne-

275 4353 574 4411 cessarium
595 4359 654 4407 et
673 4346 826 4413 utile,
844 4346 913 4401 ad
937 4353 1188 4399 naturam
1210 4355 1427 4413 quoque
1449 4355 1510 4398 se
1535 4343 1843 4412 demittere,

1959 3264 2055 3317 καὶ
2079 3263 2396 3338 προσφορὰν
2412 3265 2514 3317 οὐκ
2536 3264 2701 3335 ὴθέλη
2709 3281 2825 3328 σας,
2844 3264 3302 3340 ὁλοκαυτώματα
3313 3269 3404 3324 καὶ
3419 3265 3518 3341 πῄ

1957 3353 2234 3425 ἁμαρτίας
2278 3356 2382 3409 οὐκ
2422 3355 2762 3428 ηὐδόκησας,
2807 3357 2930 3411 τότε
2980 3351 3180 3413 εἶπον·
3229 3361 3364 3415 Ἰδοὺ
3405 3361 3516 3434 ἢ..

1956 3445 2052 3498 τοῦ
2082 3446 2430 3517 πεποιῆσθαι,
2450 3447 2480 3498 ὁ
2510 3446 2662 3512 Θεὸς,
2692 3446 2755 3501 τὸ
2783 3446 2996 3520 θέλημά
3027 3466 3156 3506 σου.
3189 3471 3218 3506 a
3251 3452 3366 3509 Καὶ
3400 3452 3519 3507 οδ·

1955 3532 2023 3608 ἦν
2056 3537 2163 3610 ἁρα
2188 3538 2248 3592 τὸ
2276 3539 2440 3609 σοφὸν
2478 3541 2557 3603 εἰς
2583 3542 2732 3612 ἡμᾶς
2775 3543 2869 3596 καί
2899 3544 3176 3614 σωτήριον
3212 3542 3518 3618 θέληματοῦ

1956 3629 2199 3701 Ila-rpem
2253 3630 2315 3684 τὸ
2360 3634 2750 3704 καταργεῖσθαι
2788 3633 3015 3688 θάνατον
3048 3637 3115 3688 ἐν
3149 3636 3376 3710 θανάτῳ
3407 3637 3518 3709 Χρι-

1957 3721 2106 3784 στοῦ,
2138 3723 2233 3776 καὶ
2254 3724 2393 3794 πρός
2419 3740 2484 3792 γε
2508 3724 2705 3796 τούτῳ,
2732 3726 2832 3796 τὴν
2870 3726 3155 3797 ἁμαρτίαν
3193 3733 3297 3785 καὶ
3323 3730 3412 3785 τὸν
3437 3726 3518 3797 τῆς

1953 3815 2229 3885 ἁμαρτίας
2261 3815 2489 3886 εὑρετὴν
2521 3815 2614 3869 καί
2645 3817 2892 3887 τεχνίτην
2938 3819 2997 3873 ὲν
3047 3821 3286 3891 ἀρχαῖς,
3328 3822 3420 3877 καί
3451 3816 3516 3875 δι’

1951 3904 2181 3974 αἵματος
2209 3904 2303 3959 τοῦ
2350 3905 2507 3974 ἁγίου
2536 3905 2635 3974 τὴν
2663 3907 2917 3960 ἁπάντων
2945 3909 3214 3975 γενέσθαι
3249 3910 3498 3983 λύτρων

1951 3997 2061 4051 Καὶ
2087 3996 2217 4065 γοῦν
2245 3999 2274 4052 ό
2305 3996 2592 4062 θεσπέσιος
2634 3998 2844 4064 Παῦλος
2890 4000 3206 4055 ἔπιστέλλει
3253 3998 3502 4061 atahe&

1951 4088 2194 4157 περὶτοῦ
2227 4086 2375 4141 Υίοῦ·
2411 4105 2431 4139 ι
2457 4088 2570 4141 Καὶ
2590 4087 2679 4142 διὰ
2709 4087 2866 4142 τοῦτο
2887 4088 3167 4162 Διαθήκης
3190 4095 3403 4165 Καινῆς
3427 4106 3502 4165 μ·

1952 4180 2107 4249 σίτης
2143 4180 2312 4245 ἐστὶν,
2344 4179 2491 4242 ὅπως
2519 4179 2752 4237 θανάτου
2773 4181 3068 4252 γενομένου
3101 4186 3184 4246 εἰς
3214 4186 3508 4258 ἀπολύτρ-

1952 4286 2036 4323 σιν
2084 4269 2192 4323 τῶν
2239 4270 2331 4323 ἐπὶ
2374 4271 2442 4341 τῇ
2488 4269 2679 4343 πρώτῃ
2716 4271 2959 4343 Διαθήκῃ
3006 4275 3402 4345 παραδάσεων,
3427 4274 3506 4346 τὴν

1950 4361 2284 4431 ίπαγγελίαν
2307 4361 2545 4415 λάῦωσιν
2575 4363 2626 4415 οἱ
2660 4363 2987 4435 κεκλημένοι
3020 4367 3123 4436 τῆς
3146 4368 3375 4424 αἰωνίου
3395 4364 3506 4435 dn·

275 4460 396 4515 quae
432 4441 623 4499 mortis
645 4453 814 4508 capax
836 4443 1001 4499 esset,
1031 4431 1184 4500 cuius
1221 4433 1390 4489 etiam
1424 4434 1684 4490 vocabula
1717 4435 1844 4491 licet
1874 4433 1923 4490 1)
1952 4452 2226 4525 ρρνομιας.
2257 4451 2499 4523 Διαθήκη
2538 4454 2646 4524 γὰρ
2679 4453 2771 4507 ἐπὶ
2802 4458 3018 4526 νεκροῖς
3050 4454 3275 4525 βεὸαῖα,
3309 4454 3505 4527 emitti

276 4535 502 4592 humilia
545 4541 601 4589 et
647 4530 858 4601 abiecta
900 4526 1233 4596 repudianda
1269 4539 1380 4581 non
1419 4535 1606 4581 essent
1648 4525 1699 4582 ei
1744 4529 1839 4598 qui

275 4627 443 4685 sente!
477 4625 648 4696 ipsam
670 4621 880 4694 perpeti
910 4616 1217 4675 statuerat?
1236 4617 1320 4672 An
1354 4616 1449 4672 tibi
1497 4617 1754 4675 videntur
1777 4634 1841 4676 ea

277 4732 398 4788 quae
428 4715 671 4771 diximus
704 4711 909 4783 aliquid
936 4711 992 4767 in
1022 4725 1085 4766 se
1118 4708 1444 4765 temeritatis
1470 4718 1564 4766 aut
1588 4713 1844 4770 vanitatis

275 4839 331 4887 et
354 4829 697 4899 impudentiae
728 4824 959 4882 babere?

1948 4562 2078 4601 ποτε
2129 4545 2321 4616 ἰσχύει,
2360 4547 2464 4610 ἕως
2497 4546 2564 4601 ἂν
2606 4547 2672 4618 ζῇ
2711 4549 2740 4601 ό
2780 4547 3173 4620 διατιθέμενος.
3204 4567 3226 4600 ι
3265 4550 3506 4605 Τεθνὰναῑ

1947 4637 2005 4692 δὲ
2053 4639 2210 4708 εἰπερ
2260 4638 2368 4692 ἔδει
2425 4638 2517 4691 τὸν
2556 4639 2703 4707 Υίὸν,
2736 4640 2874 4711 πρὸς
2919 4641 3016 4712 τὴν
3060 4641 3168 4712 τῆς
3214 4640 3506 4712 οἰκονομίας

1952 4729 2345 4801 καρτόρθωσιν,
2378 4730 2480 4783 οὐκ
2505 4730 2658 4794 δντος
2681 4731 3011 4797 ἁσυντελοῦς
3035 4733 3135 4787 τοῦ
3163 4733 3283 4788 δεῖν
3310 4732 3504 4789 ἑλέσθαι

1953 4823 2044 4878 τὸν
2092 4823 2341 4888 θάνατον,
2368 4821 2486 4888 πῶς
2530 4824 2631 4878 οὐκ
2670 4826 2964 4894 ἁναγριαῖον
3014 4826 3108 4881 καί
3158 4827 3418 4899 χρειῶδες
3449 4818 3506 4893 ἦν

275 4919 444 4992 αὐτῷ,
475 4917 573 4973 καὶ
596 4919 677 4982 εἰς
704 4916 802 4987 τὴν
840 4914 936 4968 τοῦ
975 4913 1206 4968 θανάτου
1262 4910 1516 4983 δεκτικὴν
1580 4913 1902 4974 καθικέσθαι
1936 4915 2119 4987 φύσιν,
2150 4912 2220 4990 ἦς
2245 4916 2311 4970 ἂν
2335 4916 2421 4986 εἴη
2448 4915 2542 4970 καί
2564 4914 2625 4969 τὸ
2646 4915 2707 4968 ὲν
2746 4916 2922 4985 λόγοις
2949 4920 3392 4991 σμικροπρεπὶς,
3420 4915 3506 4971 osu

270 5011 574 5081 ἁπόδλητον
595 5006 676 5077 τῷ
702 5023 768 5075 γε
798 5005 948 5070 ἅπαξ
968 5004 1139 5076 αὐτὴν
1168 5003 1407 5074 ἑλομένῳ
1440 5002 1670 5072 motin
1712 5007 1846 5062 Μῶν
1883 5005 2025 5063 εἷναί
2077 5025 2156 5062 σοι
2201 5009 2347 5062 δοκεῖ
2373 5007 2578 5080 θρασὺς
2634 5008 2668 5078 ἢ
2733 5007 2972 5080 ἐξίτηλος
3011 5011 3040 5063 ό
3069 5009 3130 5064 ἓν
3174 5028 3239 5081 γε
3285 5006 3504 5069 τουτοισὶ

271 5108 449 5178 λόγος,
475 5102 510 5175 ἢ
538 5099 679 5173 πρὸς
704 5098 986 5171 ἡντιναοῦν
1014 5097 1326 5153 ἀποκλίνων
1349 5098 1738 5168 ἀναισχυντίαν
1760 5118 1775 5167 ;

342 5220 404 5276 Β.
434 5216 672 5273 Minime.

341 5334 408 5387 Α.
440 5328 573 5386 Erat
594 5327 790 5400 quippe
815 5335 872 5382 et
899 5323 1258 5393 estVerbum,
1288 5327 1454 5385 etiam
1475 5327 1840 5400 incarnatum,

274 5421 532 5495 quidquid
551 5429 670 5475 erat
696 5432 820 5476 ante
840 5433 1059 5474 carnem
1085 5431 1099 5469 :
1132 5432 1254 5488 quae
1273 5429 1454 5475 autem
1476 5422 1842 5491 assumpsisse

274 5511 514 5571 cernitur
541 5519 761 5582 propter
793 5524 1035 5579 carnem,
1062 5523 1166 5564 non
1205 5518 1327 5564 erat
1366 5510 1420 5565 in
1474 5510 1761 5583 principio.

344 5715 385 5747 ⁸⁹
416 5712 576 5770 Rom.
600 5725 687 5771 vt,
734 5711 786 5767 t.

2019 5219 2081 5274 Β.
2121 5218 2403 5290 Οὐδαμῶς.

1989 5307 2083 5384 Ἀ.
2125 5327 2233 5384 Ἦν
2266 5328 2365 5402 μὲν
2391 5327 2502 5399 γὰρ
2529 5326 2623 5381 καί
2649 5327 2794 5381 ἐστιν
2818 5328 2847 5381 ὁ
2880 5327 3077 5397 Λόγος,
3111 5330 3211 5385 καὶ
3256 5331 3319 5387 ἐν
3352 5329 3498 5406 eapti

1948 5419 2206 5491 γεγονὼς,
2230 5420 2329 5473 ὅσα
2373 5419 2467 5472 καί
2490 5418 2595 5489 πρὸ
2624 5419 2824 5490 σαρκός
2844 5435 2857 5447 ·
2891 5418 2928 5474 ἁ
2950 5418 3009 5472 δέ
3036 5435 3100 5489 γε
3131 5420 3499 5499 προσειληφὸς

1946 5515 2136 5584 ὁρᾶται
2160 5510 2249 5565 διὰ
2276 5510 2372 5583 την
2401 5509 2599 5581 σάρκα,
2628 5510 2727 5564 οὐκ
2754 5506 2822 5581 ἦν
2850 5509 2908 5565 ἐν
2936 5513 3154 5583 ἀρχαῖς.

866 5713 909 5744 ”
951 5710 1117 5770 flcbr.
1149 5727 1188 5767 tt
1212 5751 1227 5781 ,
1265 5712 1352 5768 16.
1434 5714 1476 5745 ⁸¹
1511 5711 1645 5770 ibid.
1682 5714 1768 5771 Π.
1844 5715 1890 5748 ”
1919 5715 2048 5773 ibid.
2083 5714 2169 5770 Η.
2257 5713 2304 5746 ¹⁸
2335 5710 2476 5768 Psal.
2521 5728 2681 5766 xxxix
2707 5750 2723 5777 ,
2752 5712 2870 5766 ἰ’-9.
2948 5710 2997 5744 ⁸⁸
3025 5710 3187 5769 Νοῦν.
3219 5728 3296 5783 ιτ,
3322 5705 3494 5765 ts-ti·
