3809 6125
286 326 428 383 1405

1203 336 1492 397 senona
1529 342 1619 397 DE
1651 342 2161 404 INCARNATtONE
2194 347 2563 406 UNtGEMTt.

3397 349 3534 408 4406

290 463 311 498 ι
351 444 591 511 Christo,
622 446 816 517 inquit,
866 464 1028 520 passo
1057 466 1157 520 pro
1180 456 1336 510 uobis
1366 472 1534 514 carne
1558 460 1620 513 ⁸⁸.
1665 479 1684 511 ι
1715 461 1850 516 Cum
1883 466 1932 522 Α
1958 464 2121 519 Pullis
2149 466 2356 522 duobus
2387 476 2733 538 comparatur
2770 466 3040 533 Christus,
3091 481 3201 523 non
3227 468 3372 537 qnod
3421 470 3530 523 duo

285 553 452 591 unum
503 537 668 605 igitur
722 542 995 598 credimus
1042 543 1326 601 Dominum
1375 559 1618 604 nostrum
1668 551 1851 606 «iesum

283 626 581 694 Cin-istum,
613 628 666 683 id
691 640 797 695 est,
854 632 908 686 in
942 632 1176 689 bumana
1228 636 1403 692 forma
1453 652 1802 708 conspectum
1836 682 1853 709 ,

282 718 398 774 sive
430 719 701 775 hominem
748 722 950 778 factum
999 724 1156 795 juxta
1207 742 1325 790 nos,
1359 729 1528 784 Deum
1567 730 1799 786 Verbum
1834 771 1851 797 ‚

280 812 554 880 quomodo
589 824 644 868 et
679 811 984 883 passionem
1018 816 1118 886 ipsi
1158 818 1499 889 deputemus,
1541 830 1600 877 et
1647 823 1853 894 impas-

278 902 439 957 sibile
477 910 652 958 tamen
670 918 970 974 servemus,
1007 915 1068 963 ut
1098 906 1264 964 Deum
1287 909 1314 964 i

345 993 487 1066 Ergo
519 996 698 1062 passio
725 995 1146 1068 dispensationis
1167 1010 1310 1068 erat,
1343 1016 1441 1059 sua
1472 1004 1693 1074 quidem
1738 1006 1848 1061 du-

279 1096 436 1140 cente
478 1085 586 1141 Deo
624 1084 806 1141 Verbo
842 1100 934 1152 ea,
989 1102 1112 1159 quae
1165 1100 1293 1147 sunt
1347 1093 1564 1162 propria
1616 1096 1802 1149 carnis
1829 1133 1847 1161 ,

279 1185 501 1247 propter
551 1177 975 1235 inenarrabilem
1022 1181 1341 1249 unitatem3
1399 1193 1654 1240 manente
1718 1200 1850 1241 vero

276 1278 434 1323 extra
462 1269 792 1338 passionem,
816 1279 1078 1341 quantum
1110 1271 1177 1325 ad
1224 1273 1397 1342 ipsius
1437 1283 1686 1332 naturam
1721 1291 1849 1346 per·

276 1359 413 1414 tinet
445 1377 460 1414 z
490 1359 834 1430 impassibilis
853 1361 997 1415 enim
1029 1360 1172 1418 Deus
1200 1373 1306 1420 est.
1328 1362 1586 1436 Nequeid
1612 1366 1808 1422 mirum
1827 1407 1845 1433 ,

276 1466 398 1505 cnm
429 1459 484 1505 et
509 1451 677 1518 ipsam
713 1451 947 1507 bominis
975 1451 1213 1508 animam
1239 1454 1524 1512 videamus
1553 1496 1568 1522 ,
1622 1458 1670 1514 si
1719 1460 1846 1527 quid

272 1553 474 1606 contus
494 1554 706 1610 passum
734 1539 919 1607 fuerit,
943 1549 1096 1597 extra
1130 1542 1436 1610 passionem
1465 1546 1683 1615 quidem
1732 1563 1846 1603 ma·

276 1641 518 1697 nentem,
569 1641 829 1700 quantum
867 1634 1107 1703 pertinet
1154 1634 1223 1690 ad
1271 1645 1557 1705 naturam;
1605 1647 1844 1694 attamen

275 1735 383 1777 non
414 1732 569 1776 extra
594 1722 900 1791 passionem
926 1738 1048 1779 esse
1099 1723 1328 1795 intelligi
1361 1766 1378 1793 ,
1413 1741 1480 1781 eo
1524 1728 1670 1797 qnod
1711 1745 1843 1797 pro·-

272 1814 450 1883 prium
481 1814 553 1868 sit
585 1828 782 1885 corpus
810 1813 980 1885 ipsius
1009 1817 1152 1885 quod
1184 1818 1404 1886 patitur.
1435 1818 1601 1891 796
1629 1820 1697 1875 Et
1718 1820 1844 1876 iicet
1874 1790 1920 1848 Β

275 1903 583 1974 incontigua
614 1903 707 1970 sit,
760 1914 814 1961 et
849 1905 1082 1976 simplex
1115 1924 1132 1975 ;
1178 1917 1358 1965 tamen
1390 1909 1442 1964 id
1470 1912 1614 1980 quod
1640 1910 1847 1980 patitur

273 2008 380 2047 non
411 2002 495 2049 est
531 1992 787 2051 alienum.
833 1996 925 2050 Sic
968 1997 1240 2068 intelliges
1289 2001 1452 2056 etiam
1505 2002 1574 2056 de
1626 2002 1856 2058 Christo*

270 2085 511 2140 onmium
535 2084 835 2143 salvatore.
863 2088 1001 2145 Utar
1021 2100 1199 2146 autem
1227 2093 1512 2162 exemplis,
1541 2109 1661 2164 qnoe
1683 2097 1843 2167 qnasi

268 2189 370 2245 per
402 2176 634 2246 aenigma
676 2177 832 2233 nobis
877 2179 1089 2249 possint
1135 2180 1457 2245 ostendere,
1496 2184 1642 2253 quod
1682 2199 1836 2240 cotn-

269 2266 565 2322 municarit
608 2267 826 2338 quidem
880 2270 1118 2338 passioni
1161 2268 1525 2342 unigenitus,
1575 2284 1839 2345 quantum

273 2358 550 2429 pertineat
575 2365 644 2414 ad
680 2358 1108 2417 familiaritatem
1162 2366 1407 2435 corporis
1439 2367 1547 2431 sui,
1579 2368 1842 2424 manserit

268 2458 448 2506 autem
476 2451 992 2524 passionis-expers,
1023 2464 1084 2509 nt
1113 2453 1274 2511 Deus.

336 2540 522 2612 itaque
561 2544 700 2599 Deus
743 2544 1093 2614 omnipotens
1139 2546 1384 2617 prodigia
1426 2548 1842 2617 sapientissimo

269 2632 438 2706 noyst
463 2634 692 2702 jubebat
722 2634 959 2702 efficere,
1000 2638 1336 2693 ntcrederet
1354 2639 1406 2693 ei
1443 2637 1613 2695 israel
1642 2678 1658 2706 ,
1693 2643 1839 2711 qnod

266 2736 416 2782 esset
443 2730 637 2783 missus
665 2743 697 2781 a
727 2726 859 2791 Deo,
884 2736 940 2784 et
959 2738 1018 2784 ut
1039 2743 1071 2783 a
1096 2728 1350 2786 violentia
1370 2731 1734 2799 liberarant-3
1761 2734 1840 2790 ait

267 2826 483 2874 autem:
519 2839 538 2872 ι
572 2818 640 2875 Et
667 2820 901 2891 accipies
921 2835 1124 2889 aquam
1151 2820 1220 2877 de
1248 2820 1491 2888 flumine,
1519 2831 1575 2878 et
1592 2818 1840 2878 effundes

264 2926 427 2982 supet·
455 2921 672 2975 terram,
697 2922 755 2967 et
781 2913 890 2968 erit
919 2928 1061 2983 aqua
1084 2928 1246 2984 qnam
1270 2916 1510 2987 accipies
1541 2930 1572 2969 a
1589 2914 1834 2981 ilntnine,

267 3003 486 3072 sanguis
523 3017 688 3071 super
723 3012 925 3059 terram
975 3005 1044 3061 ⁸⁸.
1079 3023 1102 3057 ο
1149 3004 1462 3077 inquimus,
1505 3008 1651 3080 quod
1695 3021 1837 3078 aqua

267 3093 485 3162 quidem
515 3091 684 3158 figura
713 3093 788 3148 sit
818 3095 966 3160 vitoe,
993 3106 1050 3152 et
1076 3097 1220 3164 quod
1251 3097 1322 3151 sit
1345 3111 1442 3165 per
1458 3109 1708 3153 naturam
1725 3099 1834 3153 vita

271 3180 440 3238 Filius
461 3194 526 3236 ex
559 3180 722 3236 Patre
746 3190 1006 3255 tanquam
1035 3203 1101 3243 ex
1126 3185 1347 3242 flumine
1370 3187 1840 3259 eximin-ejusdem

271 3276 583 3333 substantiae
636 3275 877 3346 ratione;
926 3278 1108 3348 itaque
1150 3279 1333 3336 omnia
1378 3279 1634 3334 viviticat.
1669 3299 1691 3334 ι
1736 3280 1841 3336 Sed

269 3385 396 3427 cum
417 3386 636 3440 aquam,
659 3369 857 3440 inquit,
884 3369 1139 3428 effuderis
1163 3382 1566 3445 superterram,
1589 3371 1694 3428 erit
1716 3389 1843 3428 san-

270 3461 411 3533 gnis,
448 3482 468 3516 ι
501 3461 757 3527 Verbum,
789 3477 911 3518 cum
947 3461 1148 3519 iactum
1196 3475 1282 3521 est
1312 3478 1442 3521 caro
1488 3465 1557 3520 de
1583 3473 1750 3531 terra,
1789 3463 1843 3520 id

269 3565 375 3623 est,
409 3559 624 3627 quando
645 3570 675 3610 a
709 3565 852 3613 terra
874 3571 1094 3615 carnem
1120 3557 1222 3612 sibi
1240 3556 1619 3625 circumdedit,
1642 3566 1772 3612 tunc
1785 3556 1838 3611 in

270 3665 338 3706 ea
379 3658 604 3706 mortem
646 3658 848 3706 nostrae
895 3648 1128 3706 similem
1184 3649 1385 3706 dicitur
1437 3665 1681 3721 passum,
1715 3648 1843 3706 iicet

272 3750 368 3808 per
393 3748 639 3795 naturam
675 3739 748 3795 sit
773 3738 904 3794 vita.

838 3873 992 3934 CAt’.
1025 3873 1263 3932 XXXIV.

959 3987 1144 4048 Aliud.

343 4102 401 4158 in
421 4100 661 4159 Levitico
693 4104 955 4173 pollutum
980 4104 1119 4160 Deus
1137 4112 1191 4160 et
1214 4105 1548 4160 immundum
1572 4107 1840 4176 leprosum

272 4209 395 4250 esse
427 4194 722 4264 significat,
756 4202 921 4264 atque
946 4195 1020 4248 ita
1042 4210 1169 4251 eum
1202 4194 1269 4252 de
1286 4196 1483 4253 castris
1502 4196 1622 4266 ejici
1648 4197 1842 4268 pra-ci-

273 4285 353 4354 pit
383 4295 635 4353 oportere
650 4283 697 4315 ⁸⁸
722 4300 740 4352 ;
768 4293 823 4340 et
855 4282 900 4338 si
933 4291 1161 4340 sanatus
1215 4285 1382 4342 fuerit
1427 4287 1680 4350 moritus,
1739 4286 1842 4342 itoc

274 4389 396 4429 eum
448 4384 605 4443 pacto
648 4373 868 4443 purgari
909 4388 923 4426 ε
979 4392 1000 4427 ι
1053 4372 1125 4429 Et
1163 4376 1437 4446 accipiens
1481 4377 1616 4432 duos
1668 4376 1842 4445 pullos

1957 556 2065 609 sint
2096 556 2212 620 iiiii,
2248 561 2343 613 sed
2392 561 2533 629 quod
2579 575 2720 614 unus
2767 559 2946 628 potius
2984 571 3052 614 ex
3102 558 3351 622 duobus,
3392 560 3532 615 ‹ttvi-
3591 575 3595 580 ’

1954 646 2126 702 nitate
2168 658 2224 702 et
2265 651 2601 705 immanitate
2650 651 2702 703 in
2749 650 3009 704 unitatem
3056 649 3289 705 collatis.
3338 649 3522 705 Mundi

1954 748 2132 793 autem
2162 740 2290 811 pulli
2319 757 2333 794 ι
2362 757 2539 810 neque
2568 742 2710 798 enim
2740 740 2873 796 fecit
2907 752 3185 810 peccatum
3229 742 3370 797 Deus
3424 756 3530 796 no-

1953 838 2070 885 ster
2095 828 2254 886 «lesus
2290 831 2572 894 Cin-istus:
2601 832 2697 888 sed
2724 841 2844 889 erat
2888 832 3123 887 Verbum
3154 842 3432 898 sanctum,
3461 840 3529 887 -ει

1952 918 2247 973 divinitatis
2292 928 2346 974 et
2377 920 2733 975 immanitatis
2764 922 2994 976 ratione.
3036 919 3366 976 Vulneribus
3395 935 3527 976 vero

1950 1020 2333 1079 comparatur,
2385 1012 2528 1081 quod
2557 1012 2712 1081 quasi
2749 1012 2803 1067 in
2838 1011 3058 1080 sublimi
3095 1012 3167 1067 sit
3211 1027 3375 1081 supra
3410 1021 3526 1068 tet·-

1952 1114 2091 1163 ram,
2127 1111 2186 1157 et
2222 1116 2258 1156 e
2298 1102 2439 1158 coelo
2484 1103 2721 1173 desuper
2751 1122 2765 1159 ε
2806 1118 2836 1159 e
2859 1104 2999 1159 coeio
3035 1104 3182 1161 enim
3237 1104 3401 1161 itomo
3440 1111 3527 1160 est

1949 1192 2215 1259 Cin-istus,
2252 1193 2377 1249 iicet
2404 1209 2623 1249 carnem
2670 1204 2859 1250 sancta
2912 1192 3080 1264 virgo
3103 1194 3425 1263 pepererit;
3456 1209 3524 1249 eo

1949 1284 2110 1340 modo
2131 1285 2293 1354 igitur
2313 1285 2546 1368 desuper
2560 1296 2614 1342 et
2636 1282 2896 1341 de*coeio.
2924 1285 3068 1340 Deus
3090 1286 3236 1340 euim
3259 1283 3522 1351 Verbum,

1949 1373 2094 1443 quod
2117 1383 2204 1430 est
2235 1374 2466 1443 desuper
2497 1385 2551 1432 et
2578 1390 2644 1431 ex
2670 1376 2830 1431 Patre
2853 1414 2871 1441 ,
2915 1390 3136 1430 carnem
3182 1389 3250 1432 ex
3304 1373 3527 1446 Virgine

1946 1473 2133 1521 saneta
2157 1465 2446 1535 accipiens,
2477 1473 2534 1522 et
2556 1481 2676 1522 eam
2716 1481 2871 1522 suam
2896 1467 3281 1537 propriamque
3314 1466 3508 1521 existi-

1946 1569 2123 1620 mans,
2158 1562 2412 1625 tanquam
2440 1554 2488 1611 si
2516 1570 2637 1611 eam
2681 1556 2913 1625 desuper
2943 1564 2999 1611 et
3046 1556 3114 1610 de
3158 1553 3299 1611 coelo
3354 1554 3519 1610 detn-

1946 1644 2115 1709 iisset,
2148 1645 2406 1700 dicebat:
2449 1663 2468 1698 ι
2509 1644 2675 1700 Nemo
2724 1646 2968 1700 ascendit
3022 1645 3077 1699 in
3123 1645 3361 1709 coeium,
3414 1645 3521 1700 nisi

1947 1737 2138 1806 quide
2188 1736 2330 1790 coelo
2378 1736 2660 1792 descendit
2692 1735 2864 1791 Filius
2902 1735 3178 1801 bominis,
3220 1735 3313 1805 qui
3335 1744 3420 1791 est
3467 1736 3522 1790 in

1950 1828 2094 1884 coelo
2118 1828 2184 1883 ⁸⁸.
2225 1846 2245 1879 ι
2283 1827 2359 1883 Ea
2386 1828 2529 1883 enim
2580 1842 2702 1897 quai
2746 1842 2844 1883 sua
2881 1835 3048 1891 sunt,
3094 1826 3325 1897 propriae
3369 1826 3519 1880 carni

1954 1936 2170 1991 semper
2204 1918 2809 1985 attribuit3adunatum
2843 1931 2972 1972 vero
2994 1916 3162 1972 semel
3188 1954 3206 1982 ,
3246 1914 3361 1986 jam
3395 1929 3520 1970 cum

1955 2011 2070 2081 ipsa
2103 2026 2265 2065 unum
2293 2010 2504 2065 scilicet
2527 2003 2878 2064 aestimatum·

2023 2099 2289 2156 Caeternm
2317 2099 2460 2164 vide,
2498 2098 2680 2155 occiso
2712 2114 2821 2153 uno
2867 2096 3035 2168 pullo,
3074 2096 3245 2152 lavari
3295 2098 3518 2167 quidet·

1950 2191 2176 2247 alterum
2202 2190 2319 2262 ejus
2349 2190 2633 2260 sanguine,
2667 2200 2848 2246 tamen
2878 2204 2988 2244 non
3031 2188 3248 2252 emori;
3296 2195 3353 2241 et
3382 2187 3517 2257 quid

1951 2284 2055 2340 ltoc
2076 2283 2189 2339 sit?
2246 2282 2470 2338 Vivebat
2514 2279 2773 2348 Verbum,
2818 2279 2946 2334 iicet
2999 2292 3101 2333 sua
3153 2291 3281 2333 caro
3324 2276 3518 2332 fuisset

1949 2383 2219 2438 emortua,
2264 2379 2320 2427 et
2354 2381 2697 2428 communem
2745 2369 3055 2440 passionem
3090 2381 3214 2423 esse
3262 2367 3519 2431 dicebat,
3574 2442 3577 2445 ἦ

1949 2475 2168 2537 propter
2195 2463 2572 2519 adunationem
2594 2473 2647 2516 et
2664 2461 3083 2517 familiaritatem
3100 2474 3261 2529 quam
3286 2459 3520 2515 habebat

1947 2570 2070 2610 cunt
2098 2568 2284 2608 carne.
2324 2550 2492 2623 igitur
2516 2550 2691 2620 ipsum
2737 2549 2956 2619 quidem
2998 2548 3131 2604 vivit
3156 2587 3174 2615 ,
3222 2556 3279 2603 ut
3327 2546 3517 2614 Deus;

1948 2658 2145 2713 corpus
2166 2657 2297 2698 vero
2323 2649 2584 2712 tanquam
2612 2640 2888 2713 proprium
2932 2639 3189 2706 faciebat,
3238 2649 3294 2694 et
3332 2639 3412 2694 sic
3460 2640 3515 2694 in

1903 2794 1907 2799 ,
1944 2751 2005 2791 se
2032 2732 2373 2790 familiariter
2390 2727 2689 2802 acdipiebat
2731 2732 2975 2801 corporis
3019 2731 3338 2801 passiones,
3384 2743 3509 2783 cum

1945 2826 2124 2897 ipsum
2159 2822 2293 2879 ninii
2342 2824 2395 2878 in
2442 2831 2631 2877 natura
2682 2820 2901 2891 propria
2933 2828 3235 2890 pateretur.
3285 2819 3517 2875 Prodest

1945 2916 2106 2987 igitur
2132 2925 2187 2970 et
2212 2913 2573 2970 necessarium
2604 2920 2710 2975 est,
2742 2911 2786 2967 si
2820 2914 2873 2966 in
2899 2928 3006 2967 uno
3032 2911 3249 2967 Christo
3279 2909 3331 2965 id
3356 2911 3506 2966 acci-

1946 3008 2157 3080 piamus
2192 3006 2335 3077 quod
2382 3004 2685 3060 secundum
2728 3002 2873 3058 alind
2906 3012 2962 3059 et
2989 3003 3135 3057 aliud
3174 3002 3241 3057 de
3278 3018 3388 3057 uno
3421 3016 3520 3057 eo·

1945 3102 2179 3169 demque
2226 3097 2614 3163 constituatur,
2663 3105 2719 3152 ct
2756 3097 2898 3167 quod
2947 3095 3003 3150 in
3054 3095 3162 3149 duo
3196 3093 3363 3149 dividi
3407 3109 3520 3150 non

1946 3194 2296 3264 permittatur
2318 3230 2340 3255 ,
2373 3189 2498 3246 licet
2520 3188 2733 3245 diversa
2761 3187 2903 3243 inter
2934 3201 3015 3251 se,
3052 3193 3108 3242 et
3137 3184 3362 3240 minime
3389 3200 3517 3242 con·

1943 3284 2232 3346 venientia,
2265 3293 2386 3336 actu
2411 3295 2534 3336 esse
2556 3279 2825 3334 dicantur.
3256 3278 3261 3286 “

2017 3375 2111 3430 Est
2139 3382 2319 3430 autem
2354 3372 2459 3428 tale
2487 3371 2629 3442 quod
2664 3370 2808 3426 dico.
2839 3366 3037 3425 Natum
3065 3382 3190 3424 esse
3217 3367 3518 3424 secundum

1942 3477 2164 3520 carnem
2194 3478 2261 3529 ex
2287 3461 2510 3517 muliere
2545 3459 2711 3515 Deum
2744 3457 2978 3514 dicimus
3020 3455 3247 3512 Verbum
3275 3494 3292 3519 ‚
3324 3470 3521 3524 ‹tuam-

1941 3554 2026 3610 vis
2058 3554 2309 3610 omnibus
2343 3555 2458 3623 ipse
2490 3551 2724 3622 praebeat
2761 3547 2931 3614 nasci,
2966 3556 3022 3603 et
3049 3547 3117 3602 ad
3149 3547 3517 3613 nativitatem,

1941 3663 2062 3720 quae
2089 3648 2325 3703 nondum
2367 3655 2492 3700 nata
2522 3654 2668 3709 sunt,
2701 3654 2875 3699 vocet.
2928 3640 3237 3697 Secundum
3281 3640 3429 3696 aliud
3461 3655 3525 3697 et

1941 3739 2088 3795 aliud
2116 3750 2300 3794 natum
2331 3747 2434 3804 est,
2459 3752 2525 3793 eo
2555 3736 2698 3807 quod
2741 3736 2905 3791 itotno
2930 3734 3101 3790 nostri
3134 3733 3328 3790 similis
3354 3732 3516 3788 intei-

1954 3832 2193 3901 ligatum
2218 3838 2374 3885 vocat
2402 3838 2581 3885 autem
2611 3828 2677 3883 ad
2712 3826 3044 3884 nativitatem
3062 3826 3267 3891 omnia,
3288 3839 3355 3881 eo
3375 3823 3522 3894 quod

1941 3932 2133 3978 natura
2162 3921 2234 3977 sit
2259 3920 2423 3976 Deus-

2012 4011 2287 4078 Scriptum
2311 4019 2396 4066 est
2429 4009 2592 4066 etiam
2620 4008 2688 4065 de
2712 4008 2831 4077 ipso
2867 4021 2880 4057 :
2920 4023 2942 4059 ι
2994 4005 3138 4062 Puer
3169 4005 3522 4077 proiiciebat,

1940 4116 1995 4158 et
2026 4100 2460 4165 confortabatur,
2506 4113 2562 4154 et
2594 4098 2924 4168 implebatur
2968 4095 3235 4166 sapientia
3287 4103 3342 4150 et
3390 4111 3520 4166 gra-

1943 4195 2013 4247 tia
2046 4191 2110 4248 ⁸⁹.
2144 4209 2163 4243 ν
2197 4188 2333 4246 Cum
2377 4197 2570 4244 natura
2602 4189 2673 4242 sit
2711 4184 3012 4255 perfectum
3044 4192 3103 4237 ut
3148 4182 3327 4250 Deus,
3371 4191 3520 4238 etex

1939 4298 2035 4339 sua
2076 4280 2406 4352 plenitudine
2447 4277 2712 4350 spiritalia
2755 4275 2961 4331 sanctis
3015 4272 3293 4344 impertiat
3331 4289 3346 4338 3
3390 4286 3517 4327 cum

1941 4375 2113 4443 ipsum
2153 4368 2531 4441 sitsapientiae
2559 4368 2716 4421 dator
2740 4362 3029 4434 etgratioe‚
3076 4358 3344 4433 quomodo
3389 4374 3520 4431 pro-

277 4465 522 4529 mundos,
550 4471 606 4520 et
634 4463 836 4531 iignum
868 4464 1170 4530 cedrinum,
1196 4476 1256 4522 et
1299 4469 1581 4523 coccinum
1618 4476 1673 4524 et
1708 4469 1838 4539 hys·
1872 4494 1915 4549 υ
1943 4466 2053 4520 licit
2077 4477 2229 4531 puer,
2260 4470 2315 4516 et
2337 4460 2598 4530 sapientia
2632 4457 2889 4527 impletur
2936 4465 2993 4511 et
3041 4452 3265 4525 gratia!
3308 4453 3519 4510 Secun-

275 4568 487 4625 sopum,
509 4561 563 4608 et
586 4554 864 4625 praecipiet
901 4555 1158 4612 sacerdos
1181 4592 1197 4620 ,
1245 4564 1302 4611 et
1331 4556 1585 4613 occidens
1626 4559 1839 4627 pultum

275 4662 440 4701 unum
470 4646 523 4700 in
554 4661 681 4702 vase
708 4646 879 4713 ttctiti,
913 4646 966 4701 in
1012 4662 1150 4718 aqua
1193 4647 1314 4701 viva
1342 4688 1358 4715 ,
1423 4654 1478 4703 et
1511 4649 1712 4719 pullum
1743 4651 1837 4719 qni

275 4738 407 4793 vivit
455 4737 736 4809 accipiet,
791 4749 846 4795 et
871 4739 1077 4794 lavabit
1129 4738 1282 4794 ilium
1319 4740 1375 4795 in
1405 4741 1670 4812 sanguine
1698 4742 1830 4810 pulli

273 4830 437 4886 occisi
467 4831 519 4884 in
540 4845 678 4900 aqua
706 4830 855 4896 viva,
881 4840 937 4887 et
962 4841 1210 4902 aspergat
1236 4846 1400 4901 super
1420 4846 1544 4886 eum
1575 4831 1668 4900 qui
1697 4847 1831 4901 pur·

273 4929 430 4990 gatus
465 4927 546 4973 est
573 4933 604 4972 a
633 4918 779 4989 lepra
814 4920 1031 4991 septies,
1060 4929 1118 4976 et
1146 4920 1379 4976 mundus
1403 4920 1508 4976 erit
1533 4918 1601 4976 ⁸⁷.
1635 4938 1657 4972 ι
1692 4919 1834 4975 Red-

275 5010 356 5067 dit
407 5008 623 5079 qnidem
691 5025 789 5065 nos
830 5013 1062 5067 mundos
1091 5052 1111 5079 ,
1152 5020 1208 5067 et
1242 5011 1600 5084 pollutionum
1655 5013 1845 5067 sordes

275 5099 465 5165 abluit,
497 5108 553 5155 et
582 5097 819 5155 carnalis
852 5101 1308 5170 concupiscentiae
1336 5101 1720 5157 mortalitatem
1756 5115 1840 5154 re·

276 5190 425 5259 pellit
470 5189 692 5261 sanguis
740 5189 1166 5259 pretiosissimus
1215 5191 1454 5257 Christi,
1499 5202 1555 5247 et
1591 5189 1841 5263 purgatio

277 5280 618 5351 baptismatis
661 5282 1019 5337 sacrosancti.
1091 5281 1358 5338 Caeterum
1420 5282 1551 5339 iilud
1614 5283 1796 5355 aspice
1827 5303 1840 5340 t

277 5372 589 5429 omittentes
637 5372 781 5428 enim
825 5373 1152 5443 scriptorum
1206 5373 1312 5429 vim
1344 5375 1660 5431 examinare
1699 5373 1841 5445 quod

279 5463 539 5534 mysterio
593 5464 889 5538 expediat,
941 5465 994 5521 in
1047 5468 1333 5537 praesentia
1399 5467 1839 5525 memorabimus

1948 4557 2072 4612 dunt
2099 4552 2243 4608 aliud
2273 4560 2328 4607 et
2353 4550 2497 4606 aliud
2534 4567 2547 4604 ε
2580 4563 2701 4604 cunt
2741 4548 2811 4605 sit
2834 4546 2980 4603 enim
3033 4546 3152 4617 ipse
3174 4546 3315 4600 idem
3355 4543 3520 4599 bomo

1946 4643 2107 4703 simui
2148 4653 2201 4699 et
2243 4642 2405 4703 Deus.
2448 4649 2670 4710 propter
2716 4638 2977 4692 unitatem
3021 4636 3241 4706 quidem
3289 4633 3513 4706 propria

1948 4736 2094 4792 ducit
2124 4735 2396 4799 hnmana;
2422 4741 2505 4788 est
2526 4741 2708 4785 autem
2738 4727 3037 4801 perfectus,
3075 4736 3133 4785 et
3158 4725 3437 4797 sapientiae
3462 4734 3520 4781 et

1944 4826 2132 4900 gratiae
2160 4827 2340 4891 dator,
2371 4832 2430 4879 ut
2462 4821 2628 4878 Deus.

2018 4914 2367 4986 Nuncupatus
2419 4921 2503 4969 est
2556 4910 2720 4967 etiam
2758 4916 2814 4964 et
2851 4905 3267 4978 primogenitus,
3307 4914 3363 4961 et
3398 4904 3522 4958 uni-

1946 5008 2200 5082 genitum
2252 5005 2349 5064 sed
2400 5004 2443 5061 si
2477 5002 2601 5076 quis
2640 5001 2748 5056 vim
2790 4999 2962 5069 ipsam
3007 4998 3241 5054 scrutari
3291 4995 3522 5053 voluerit

1948 5097 2268 5163 dictionum,
2299 5091 2687 5166 primogenitus
2706 5099 2810 5155 est,
2850 5088 2940 5159 qui
2972 5088 3117 5142 inter
3156 5085 3357 5142 fratres
3385 5084 3516 5156 plu·

1952 5191 2115 5246 rimos
2140 5186 2565 5260 primogenitus;
2590 5182 2898 5255 unigenitus
2930 5193 3059 5234 vero
3084 5218 3100 5245 ,
3152 5187 3213 5232 ut
3248 5175 3506 5247 unigeni·

1947 5290 2055 5349 tus,
2081 5295 2189 5335 non
2209 5278 2325 5349 jam
2359 5275 2770 5347 primogenitus,
2800 5286 2900 5328 nec
2927 5271 3072 5326 inter
3100 5267 3366 5340 plurimus
3396 5265 3512 5321 fra-

1947 5383 2077 5429 trcs.
2106 5368 2177 5425 At
2202 5379 2286 5426 est
2315 5369 2450 5440 ipse,
2490 5375 2546 5424 et
2580 5367 2704 5428 boc.
2735 5371 2790 5421 et
2821 5361 2993 5430 iliud;
3036 5358 3309 5430 quomodo
3341 5357 3520 5428 ergo?

1949 5463 2252 5521 Sccundutn
2287 5458 2429 5517 aliud
2470 5469 2548 5533 et.
2569 5457 2713 5514 aliud
2748 5472 2763 5509 ε
2796 5449 3190 5526 primogenitus
3235 5449 3379 5507 enim
3404 5489 3422 5516 ,
3454 5457 3519 5506 ut

349 5664 398 5699 ⁸⁸
436 5664 628 5721 li‘etr.
661 5685 735 5738 tv,
775 5671 823 5727 l.
902 5670 949 5703 ⁸⁸
980 5671 1148 5728 Exod.
1194 5671 1355 5739 tv,9.
1434 5671 1479 5703 ⁸⁸
1533 5670 1701 5727 Levit.
1767 5685 1886 5740 titt,
1927 5669 1963 5724 2
2004 5683 2158 5741 seqq.
2232 5666 2274 5699 ⁸'
2315 5662 2492 5721 Levit.
2549 5676 2663 5730 xtv,
2723 5659 2909 5719 iti-m.
2984 5658 3027 5691 ⁸⁸
3064 5654 3223 5713 ioan.
3282 5669 3365 5723 m,
3425 5653 3512 5712 ¹3.

285 5739 330 5769 ⁸⁸
352 5735 486 5794 Luc.
526 5752 585 5802 ιι.
612 5737 700 5796 52.
