3809 6125
211 326 236 382 l
246 327 350 386 ⁴69

1364 340 1456 400 DE
1494 342 2010 406 chRNATmNE
2044 346 2302 408 uoltum.

3316 349 3454 404 luo

206 460 300 508 τε(
328 442 460 516 γὰρ,
490 445 648 519 φησὶ,
685 450 1061 522 μαθητεύσατε
1107 454 1284 510 πάντα
1310 455 1382 517 τὰ
1421 457 1574 531 ἔθνη,
1600 461 1789 532 βαπτί-
1814 471 1862 529 A
1888 474 1945 521 et
1978 474 2137 539 typus
2190 466 2382 524 mortis
2443 464 2755 522 Dominicae.
2786 482 2807 516 ‹
2846 461 2979 518 Nam
3007 461 3051 519 si
3076 420 3447 533 complantati,

205 533 391 599 ζοντες
418 535 616 603 αὐτοὺς
643 540 724 605 εἰς
744 540 804 593 τὸ
826 540 998 612 ὄνομα
1023 542 1115 596 τοῦ
1133 544 1368 615 Πατρδς,
1390 549 1485 603 καὶ
1504 550 1599 604 τοῦ
1620 550 1775 617 Υἰοῦ,

202 622 301 680 καὶ
325 624 422 678 τοῦ
447 627 602 697 ἀγίου
631 629 963 702 Πνεύματος.
992 651 1012 684 ι
1031 634 1104 687 Τὸ
1121 633 1406 708 βάπτισμα
1418 638 1512 692 τοῦ
1526 642 1778 696 Δεσποτι-

1882 556 2056 627 inquit
2122 556 2354 625 Paulus,
2422 557 2629 613 ruimus
2677 552 3016 612 similitudini
3075 553 3263 610 mortis
3324 552 3449 610 Filii

1881 642 2021 713 ejus,
2054 645 2259 701 erimus
2295 656 2350 701 et
2372 647 2793 704 resurrectionis
2816 644 2863 677 ⁸⁸
2895 663 2915 696 ι

203 714 300 769 κοῦ
329 715 556 825 θάνάτου
582 721 922 824 σκιαγραφία
965 740 1051 789 τις
1091 725 1328 799 ὑπάρχει
1394 729 1490 783 καὶ
1530 729 1722 797 τύπος.
1763 750 1784 785 ι
1833 734 1897 789 Εἰ
1940 736 2051 808 γὰρ
2088 736 2381 807 σύμφυτοι,
2444 738 2609 809 φησιν
2658 739 2688 791 ό
2725 734 2963 800 Παῦλος,
3023 734 3325 804 γεγόναμεν
3371 729 3449 802 τῷ

200 808 506 881 όμοιωματι
554 828 651 866 του
693 812 920 870 Θανάτου
964 816 1060 871 τοῦ
1092 817 1224 874 Υἰοῦ
1254 820 1444 889 αὐτοῦ,
1475 821 1617 877 ἀλλὰ
1658 824 1754 880 καὶ
1791 826 1896 897 τῆς
1928 827 2280 895 ἀναστάσεως
2317 829 2575 900 ἐσόμεθα.
2604 847 2625 881 ι

202 938 330 995 ΚΘ.
399 940 731 1010 Ἀπόδειξις
781 944 853 1000 ἐκ
908 945 1032 1001 τῶν
1097 948 1478 1008 Ἀποστόλου
1539 956 1785 1026 γραφῶν
1883 958 2078 1016 xx1x.
2098 959 2182 1015 Es-
2204 960 2439 1026 Apostoli
2463 959 2671 1027 scriptis
2688 959 2749 1028 fit
2771 955 3145 1012 demonstratio
3168 954 3450 1025 perlectam

306 1008 441 1078 περὶ
476 1009 591 1081 τῆς
626 1015 862 1082 τελείας
900 1014 1010 1071 τοῦ
1055 1018 1372 1090 ἀνθρώπου
1413 1025 1675 1094 φύσεως.

271 1117 429 1174 Οὕτω
468 1124 750 1194 γεννηθεὶς
791 1126 821 1179 ὀ
863 1129 1146 1203 Δεσπότης
1181 1133 1440 1206 Χριστὸς,
1468 1135 1613 1194 οὕτω
1643 1155 1778 1209 τρα-

202 1206 343 1277 φεὶς,
401 1208 546 1265 οὕτω
604 1211 1115 1289 θαυματουργήσας,
1176 1219 1266 1277 διὰ
1324 1222 1501 1279 ταῦτα
1561 1226 1773 1295 παθὼν,

202 1299 555 1370 οταυρωθεὶς,
591 1302 899 1375 ἀποθανὼν,
946 1309 1195 1381 κήρυκας
1240 1311 1570 1380 ἀποστείλας
1609 1320 1775 1374 πᾶσιν

199 1387 506 1461 ἀνθρώποις
545 1392 674 1458 τοὺς
713 1394 893 1467 ἱεροὺς
929 1397 1202 1470 μαθητὰς,
1266 1402 1350 1466 εἰς
1401 1402 1496 1458 τὸν
1547 1404 1777 1477 οὐρανὸν

200 1478 476 1551 ἀνελήφθη
496 1494 512 1512 ·
568 1482 664 1537 καὶ
704 1484 877 1540 ταῦτα
934 1490 996 1542 ἐν
1047 1490 1331 1563 κεφαλαίῳ
1380 1495 1440 1548 ἐν
1483 1498 1597 1559 τοῖς
1639 1497 1778 1568 πρὸς

199 1569 462 1641 Τιμόθεον
481 1577 791 1645 γραφεῖσιν.
805 1579 835 1632 ό
850 1577 1171 1646 ’Δπόστολος
1189 1583 1338 1654 ήμᾶς
1359 1584 1562 1653 ἐδίδαξε
1581 1587 1776 1658 λέγων·

205 1681 226 1716 ι
246 1662 723 1736 Ὀμολογουμένως
748 1667 892 1739 μέγα
918 1672 1036 1725 ἐστὶ
1058 1671 1120 1727 τὸ
1145 1672 1247 1744 τῆς
1267 1673 1546 1741 εὐσεύείας
1569 1679 1779 1750 μυστή-

2150 1030 2315 1099 Ῑιιίεεε
2338 1033 2393 1086 in
2425 1029 2636 1087 Christo
2656 1028 2883 1083 hominis
2913 1034 3180 1079 naturam.

1955 1141 2050 1199 Sic
2078 1152 2243 1198 natus
2273 1142 2525 1199 Christus
2562 1138 2844 1203 Dominus,
2905 1138 2987 1192 sic
3038 1134 3329 1199 enutritus,
3369 1142 3450 1190 tot

1879 1233 2163 1291 miraculis
2199 1234 2384 1295 editis,
2411 1240 2578 1303 atque
2628 1232 2700 1286 ob
2760 1230 2874 1285 haee
2926 1227 3164 1299 passionl
3211 1226 3446 1290 deditus,

1879 1324 2196 1392 crucifixus,
2246 1331 2510 1390 mortuus,
2559 1319 3000 1393 praedicatoribus
3049 1317 3116 1372 ad
3169 1317 3449 1373 universos

1881 1414 2129 1471 homines
2150 1414 2329 1469 missis
2350 1413 2521 1468 sacris
2540 1411 2836 1481 discipulis,
2850 1410 2905 1464 in
2920 1408 3115 1465 coelum
3140 1414 3449 1476 assumptus

1880 1504 2005 1562 l'riit.
2048 1504 2175 1560 Haec
2215 1504 2432 1574 quidem
2466 1502 2796 1565 summatim,
2834 1499 2960 1554 dum
3008 1498 3076 1554 ad
3106 1496 3447 1552 Timotheum

1882 1593 2173 1656 scriberet,
2242 1605 2343 1648 nos
2397 1590 2585 1646 docuit
2646 1587 2935 1658 Apostolus
2989 1585 3218 1641 dicense
3260 1603 3282 1638 ι
3316 1584 3450 1641 Sine

1884 1682 2051 1739 dubio
2080 1696 2336 1753 magnum
2364 1688 2449 1735 est
2473 1678 2690 1749 pietatis
2723 1681 3145 1740 sacramentum,
3200 1674 3343 1728 Dens
3389 1670 3447 1726 in

201 1772 336 1828 9⁸⁰⁹·
359 1754 492 1822 Θεὸς
528 1758 849 1832 ἐφανερώθη
883 1763 943 1816 ὲν
983 1764 1167 1835 σαρκὶ,
1202 1764 1492 1839 ἱδικαιώθη
1523 1770 1582 1822 ἐν
1607 1769 1778 1823 Πνεύ-
1807 1788 1851 1844 Β
1881 1787 2045 1830 carne
2093 1772 2366 1843 apparuit,
2424 1768 2749 1838 iustificatus
2793 1772 2876 1821 est
2918 1765 2973 1820 in
3025 1762 3254 1834 Spiritu,
3298 1764 3447 1818 visus

202 1864 354 1918 ματι,
399 1846 553 1921 ὤφθη
595 1851 871 1921 ἀγγέλοις,
912 1854 1191 1928 ἐκηρύχθη
1223 1855 1452 1926 ἔθνεσιν,
1497 1858 1776 1934 ὲπιστώθη

199 1940 260 1995 εν
290 1940 502 2013 κόσμῳ,
529 1942 806 2017 ἀνελήφθη
831 1946 891 1999 ἐν
915 1944 1064 2019 δόξῃ.
1092 1965 1113 2000 ι
1143 1949 1255 2003 Καὶ
1286 1948 1386 2021 τὴν
1407 1952 1506 2023 μὲν
1532 1953 1781 2025 φανέρω-

202 2046 287 2086 σιν
315 2032 606 2100 συνέζευξα
637 2037 705 2107 τῇ
749 2037 934 2109 σαρκὶ,
976 2037 1078 2110 τὴν
1109 2038 1165 2093 δὲ
1195 2039 1478 2097 δικαίωσιν
1506 2044 1649 2099 κατὰ
1678 2044 1777 2117 τὴν

198 2124 308 2180 τῶν
331 2126 624 2197 αἰρετικῶν
654 2129 1015 2204 ἀδελτηρίαν·
1062 2132 1358 2206 ἐδικαιώθη
1394 2136 1451 2191 δὲ
1485 2139 1553 2208 τῇ
1584 2154 1777 2209 συνερ·

197 2216 324 2288 γείᾳ
371 2217 466 2273 τοῦ
514 2220 852 2292 Πνεύματος.
899 2218 1048 2291 *Apa
1093 2224 1157 2279 τὸ
1199 2224 1499 2282 δικαιῶσαν
1522 2226 1771 2299 Πνεῦμα,

199 2312 447 2381 κρεῖττον
491 2312 584 2366 τοῦ
620 2312 999 2381 δικαιωθεντος
1030 2317 1196 2383 rtem
1236 2318 1377 2374 Ἀλλ’
1392 2320 1578 2374 οὐκέτι
1602 2319 1776 2376 ταῦτα

198 2398 301 2453 οὐκ
339 2399 492 2454 ἔστι·
535 2402 597 2455 τὸ
637 2402 747 2475 γὰρ
797 2404 1070 2477 ήμίτερον
1120 2407 1411 2480 ἐδικαιώθη
1448 2410 1537 2464 διά
1569 2408 1667 2465 τοῦ
1716 2413 1777 2466 ὲν

198 2490 348 2563 αὐτῷ
377 2492 783 2563 φανερωθέντος
812 2495 970 2564 Θεοῦ,
1017 2496 1078 2561 ὃς
1112 2497 1434 2571 ἀχωρίστως
1465 2499 1618 2572 αὐτῷ
1647 2517 1776 2556 συν-

195 2581 462 2651 ημμένος,
486 2582 586 2653 τήν
608 2599 667 2637 τε
696 2583 871 2656 ἀκραν
917 2586 1240 2643 ἰπαίδευσεν
1259 2589 1483 2663 ἀρετὴν,
1516 2592 1614 2648 καί
1657 2590 1775 2649 τῶν

199 2669 371 2742 βελῶν
394 2674 493 2744 τῆς
513 2672 790 2746 ἀμαρτίας
847 2674 1114 2746 ἐφύλαξεν
1140 2678 1426 2747 ἄγευστον,
1467 2683 1560 2736 καὶ
1591 2681 1776 2757 ἀμύη-

195 2780 308 2829 τον,
349 2764 567 2837 καὶτῆς
601 2765 908 2837 διαδολικῆς
935 2769 1153 2842 ἀπάτης
1192 2772 1491 2847 ὑπέρτερον
1507 2788 1521 2804 ·
1550 2775 1645 2830 καὶ
1680 2776 1778 2832 θα·

197 2855 359 2908 νάτου
403 2855 541 2925 πρὸς
586 2856 760 2930 βραχὺ
805 2859 1108 2928 γεύσασθαι
1152 2865 1537 2937 συγχωρήσας,
1563 2884 1779 2940 παραν-

195 2942 323 2999 τίκα
337 2945 436 3015 τῆς
454 2945 664 3000 ἐκείνου
686 2947 999 3018 τυραννίδος
1019 2949 1320 3023 ἀπήλλαξε,
1338 2952 1549 3023 καὶτῆς
1570 2953 1777 3019 οἰκείας

194 3035 345 3108 αὐτῷ
371 3035 517 3108 ζωῆς
560 3036 917 3108 μεταδεδωκε,
958 3040 1055 3094 καί
1083 3042 1161 3106 εἰς
1203 3043 1467 3114 οὐρανοὺς
1509 3044 1774 3117 ἀνήγαγε,

197 3127 292 3182 καὶ
325 3128 391 3181 ὲκ
419 3127 608 3192 δεξιῶν
633 3127 734 3198 τῆς
755 3128 1145 3200 μεγαλωσύνης
1168 3129 1442 3198 ἐκάθισεν,
1477 3136 1574 3188 καὶ
1600 3136 1772 3206 ὄνομα

195 3217 346 3290 αὐτῷ
370 3217 662 3290 ἐχαρίσατο
676 3218 736 3272 τὸ
758 3218 900 3290 ὑπὲρ
926 3219 1036 3273 πᾶν
1057 3218 1248 3292 δνομα,
1274 3220 1374 3292 τὴν
1397 3221 1604 3277 οἰκείαν
1624 3224 1772 3296 αὐτῷ

193 3311 352 3379 ἀξίαν
375 3310 790 3383 δωρησάμενος·
820 3311 916 3365 καὶ
940 3309 1040 3384 τήν
1060 3311 1162 3384 τῆς
1189 3309 1402 3381 φύσεως
1423 3312 1588 3368 αὐτοῦ
1604 3331 1773 3389 προσ-

196 3403 427 3476 ηγορίαν
472 3401 674 3468 λαδὼν,
700 3401 831 3469 Υἱὸς
875 3401 1166 3477 ἀνθρώπου
1217 3404 1246 3458 ὁ
1301 3404 1628 3477 προαιῶνιος
1672 3407 1769 3462 τοῦ

194 3495 334 3550 Θεοῦ
370 3495 542 3565 Λόγος
572 3495 873 3574 ηὐδόκησεν
921 3495 1302 3569 ὀνομάζεσθαι.
1367 3515 1385 3549 ι
1410 3497 1598 3565 Οὐδεὶς
1637 3499 1768 3573 γὰρ,

197 3585 383 3656 φησὶν,
410 3586 746 3659 ἀναδέὸηκεν
771 3589 850 3655 εἰς
880 3588 972 3643 τὸν
1002 3589 1251 3661 οὐρανὸν,
1285 3591 1335 3644 εἰ
1362 3587 1437 3662 μή
1463 3591 1494 3645 ὀ
1523 3590 1582 3657 ἐξ
1607 3590 1771 3663 οὐρα-

196 3675 290 3731 νοῦ
320 3676 565 3742 καταδάς
591 3678 620 3731 ὀ
656 3677 783 3743 Υἱὸς
804 3676 901 3732 τοῦ
941 3664 1253 3746 ἀνθρώπου,
1278 3680 1308 3733 δ
1331 3678 1406 3733 ὢν
1430 3682 1487 3734 ὲν
1507 3678 1586 3750 τῷ
1609 3680 1771 3751 οὐρα-

196 3764 293 3839 νιῖι.
321 3785 345 3822 ε
375 3766 596 3840 Κατέδη
623 3768 806 3853 δὲὶοὐχ
830 3771 859 3825 ό
894 3769 960 3824 ἐκ
1000 3769 1314 3843 σπέρματος
1357 3769 1522 3825 Aeeta
1563 3771 1628 3824 ὲκ
1661 3769 1768 3825 τῶν

195 3857 462 3928 οὐρανῶν,
492 3856 610 3912 ἀλλ’
629 3860 659 3913 ό
678 3859 786 3915 τῶν
823 3857 1140 3933 [οὐρανῶν]
1173 3860 1424 3934 ποιητής,
1453 3861 1482 3915 ὁ
1503 3861 1769 3935 ύπέρχρο-

197 3965 289 4009 νος
315 3949 448 4004 Θεοῦ
482 3951 676 4022 Λόγος,
701 3951 732 4005 ὀ
752 3950 859 4023 πρὸ
882 3950 991 4006 τῶν
1019 3950 1231 4006 αἰώνων
1257 3951 1548 4029 ὑπάρχων·
1590 3953 1681 4008 διὰ
1709 3952 1767 4008 δὲ

194 4040 297 4113 τὴν
323 4039 460 4113 πρὸς
484 4042 545 4096 τὸ
585 4041 922 4116 ἀνθρώπινον
947 4041 1164 4110 ἕνωσιν,
1194 4042 1461 4116 λαμδάνει
1503 4043 1595 4099 τοῦ
1631 4043 1764 4098 Υἰοῦ

195 4130 293 4185 τοῦ
320 4131 609 4202 ἀνθρώπου
640 4132 703 4186 τὸ
717 4134 886 4205 ὄνομα
911 4149 926 4165 ·
946 4134 1043 4189 καὶ
1071 4132 1302 4204 ἑτέρωθι
1328 4134 1386 4188 δὲ
1408 4134 1568 4189 πάλιν
1593 4131 1766 4201 οὕτως

197 4219 360 4274 αὐτὸν
396 4219 820 4292 προσαγορεύει·
886 4240 904 4274 ι
926 4221 1052 4275 Ἐὰν
1084 4221 1232 4294 ἴδητε
1259 4221 1351 4277 τὸν
1384 4222 1512 4276 Υἰὸν
1548 4222 1642 4277 τοῦ
1673 4222 1765 4278 ἀν-

199 4309 419 4382 θρώπου
462 4311 822 4382 ἀνερχόμενον
862 4310 998 4365 ὅπου
1037 4305 1106 4382 ῆν
1146 4312 1209 4367 τὸ
1262 4312 1524 4387 πρότερον
1549 4331 1565 4347 ·
1594 4333 1614 4368 2
1668 4314 1766 4388 οὐχ

197 4405 232 4478 ή
272 4401 366 4456 τοῦ
406 4400 593 4456 δούλου
641 4399 845 4473 μορφὴ,
870 4398 986 4454 ἀλλ’
1025 4401 1059 4472 ή
1110 4397 1206 4456 τοῦ
1250 4403 1385 4458 Θεοῦ
1414 4407 1630 4478 μορφή·
1669 4409 1764 4462 καὶ

197 4489 375 4556 αὖθις·
410 4509 428 4543 ι
457 4492 581 4546 Ὅτι
619 4489 730 4555 υἱὸς
757 4486 1044 4562 ἀνθρώπου
1075 4490 1213 4555 ἐστὶ,
1244 4490 1398 4561 φησὶ,
1449 4493 1523 4565 μή
1551 4492 1762 4566 θαυμά-

197 4584 319 4650 ζετε
339 4582 518 4650 τοῦτο,
547 4582 630 4637 δτι
673 4580 889 4653 ἔρχεται
922 4581 1042 4652 ῶρα
1088 4573 1210 4653 ἐνῇ
1257 4581 1577 4639 ἀκούσονται
1612 4586 1663 4638 οἰ
1703 4587 1762 4640 ὲν

194 4682 307 4744 τοῖς
341 4680 587 4759 μνήμασι
608 4675 707 4754 τῆς
737 4674 919 4748 φωνῆς
952 4673 1142 4740 αὐτοῦ,
1188 4673 1283 4729 καὶ
1323 4648 1689 4743 ἐξελεύσονται
1710 4679 1760 4735 οἰ

195 4771 266 4826 τά
297 4769 479 4841 ἀγαθὰ
512 4770 856 4842 ποιήσαντες,
891 4766 972 4830 εἰς
1001 4764 1296 4822 ἀνάστασιν
1324 4763 1497 4838 ζωῆς·
1527 4769 1578 4822 οἰ
1605 4769 1664 4823 δὲ
1694 4768 1764 4824 τὰ

196 4862 380 4936 φαῦλα
402 4860 728 4934 πράξαντες,
761 4861 842 4924 εἰς
874 4857 1172 4915 ἀνάστασιν
1214 4855 1470 4930 κρίσεως.
1495 4874 1516 4909 ι
1565 4859 1639 4912 Οὐ
1662 4856 1762 4931 τῆς

1876 1874 1962 1921 est
1996 1862 2225 1934 angelis,
2256 1861 2579 1932 praedicatus
2626 1866 2711 1913 est
2746 1856 2801 1911 in
2853 1855 3125 1923 gentibus,
3178 1853 3444 1909 creditum

1873 1963 1963 2011 est
2010 1954 2059 2009 ei
2106 1953 2160 2008 in
2193 1951 2417 2016 mundo,
2462 1956 2773 2018 assumptus
2812 1945 2914 2001 l'uit
2942 1943 2997 2001 in
3041 1943 3270 2013 gloriam
3307 1943 3375 1995 ⁸⁸.
3415 1955 3437 1991 ι

1876 2044 1945 2101 Et
1967 2041 2461 2100 manifestationem
2493 2041 2715 2112 quidem
2761 2038 2850 2093 bie
2879 2034 3173 2093 connexuit
3222 2042 3448 2105 propter

1875 2150 2121 2200 carnem,
2146 2133 2586 2205 justificationem
2612 2136 2793 2186 autem
2824 2138 3043 2200 propter
3059 2126 3443 2182 liaeretieorurn

1873 2227 2160 2285 stultitiam
2184 2243 2201 2281 z
2226 2224 2557 2295 Justlneatus
2580 2230 2666 2279 est
2702 2230 2882 2277 autem
2939 2226 3269 2289 cooperante
3318 2215 3447 2286 Spi-

1875 2319 2008 2376 ritu.
2038 2317 2177 2374 Num
2202 2331 2334 2388 ergo
2356 2315 2593 2387 Spiritus
2615 2314 2920 2386 justificans
2955 2311 3136 2384 potior
3157 2317 3243 2366 est
3276 2306 3445 2376 iusti-

1877 2413 2040 2468 ficato
2063 2411 2204 2468 Filio
2232 2410 2258 2465 2
2306 2409 2455 2479 Nego
2479 2408 2760 2465 enimvero
2793 2421 2959 2463 :nam
3022 2411 3207 2460 nostra
3264 2400 3444 2471 potius

1876 2511 2074 2559 natura
2097 2500 2395 2574 justificata
2433 2498 2555 2564 l'uit,
2615 2506 2839 2569 propter
2889 2490 3357 2565 supervenientem
3387 2490 3440 2546 ei

1874 2592 2067 2659 Deum,
2097 2594 2190 2664 qul
2220 2590 2396 2647 eidem
2425 2585 2858 2659 inseparabiliter
2885 2584 3205 2653 conlunetus
3240 2587 3343 2645 eat,
3387 2586 3445 2634 et

1873 2697 2142 2742 summam
2173 2680 2361 2737 docuit
2377 2678 2651 2741 virtutem,
2694 2683 2751 2731 et
2772 2688 2804 2728 a
2829 2670 3037 2744 peccati
3089 2667 3212 2726 telis
3260 2675 3446 2724 custo-

1874 2774 2012 2831 divit
2091 2772 2354 2828 intactam
2407 2779 2573 2840 atque
2625 2766 3023 2829 intemeratam,
3072 2771 3129 2818 et
3173 2756 3443 2817 diabolica

1876 2862 2069 2922 fraude
2088 2862 2424 2934 superiorem
2454 2876 2472 2927 ς
2502 2873 2667 2931 quam
2691 2870 2813 2914 eum
2840 2852 2990 2911 brevi
3025 2861 3270 2921 tempore
3297 2862 3445 2904 mor-

1877 2962 1983 3011 tem
2013 2962 2231 3023 gustare
2285 2949 2645 3021 permisisset,
2691 2960 2816 3001 mox
2855 2943 3097 3016 eiusdem
3156 2938 3444 3012 tyrannide

1877 3044 2045 3120 m
2072 3060 2120 3099 m
2152 3041 2373 3114 eripuit,
2404 3039 2563 3110 eique
2605 3037 2878 3110 propriam
2926 3036 3096 3091 vitem
3138 3030 3445 3104 impertitus

1802 3117 1848 3184 C
1877 3147 1985 3204 est,
2019 3136 2074 3191 in
2109 3133 2305 3190 coelum
2336 3129 2554 3197 extulit,
2577 3137 2635 3189 et
2661 3128 2716 3184 in
2754 3127 2975 3185 dextere
3006 3121 3305 3193 majestatis
3331 3118 3444 3175 col-

1875 3227 2093 3290 locavit,
2122 3226 2283 3296 eique
2311 3236 2506 3279 nomen
2524 3218 2745 3276 donavit
2774 3216 2917 3289 qnod
2944 3223 3031 3270 est
3071 3226 3235 3283 super
3280 3221 3443 3266 omne

1873 3332 2073 3375 nomen
2101 3317 2174 3386 ⁸⁷,
2203 3330 2356 3372 suam
2390 3326 2584 3384 nempe
2616 3309 2933 3380 dignitatem
2966 3305 3071 3376 ipsi
3113 3300 3438 3360 conterens:

1871 3425 1936 3467 ae
1953 3416 2159 3465 naturai
2179 3404 2596 3477 appeliationem
2625 3401 2771 3458 illius
2789 3412 3033 3462 sumens,
3060 3395 3288 3467 quierat
3307 3399 3438 3447 ante

1870 3498 2069 3557 saecula
2096 3496 2193 3554 Dei
2214 3494 2477 3572 Verbum,
2505 3492 2675 3550 Filius
2703 3487 2939 3546 hominis
2966 3485 3228 3544 nominari
3256 3483 3443 3553 ‚liben-

1871 3600 1955 3647 ter
1992 3589 2179 3646 voluit.
2218 3606 2239 3641 ι
2275 3585 2444 3643 Nemo
2466 3584 2633 3650 enim,
2667 3582 2845 3654 inquit
2866 3577 3131 3652 (Paulus),
3160 3575 3216 3633 in
3241 3572 3439 3632 coelum

1869 3680 2138 3747 ascendit,
2160 3679 2267 3736 nisi
2288 3678 2381 3748 qui
2410 3677 2478 3733 de
2503 3673 2645 3732 coelo
2676 3672 2953 3731 descendit
2980 3669 3147 3726 Filius
3183 3664 3439 3734 hominis,

1868 3777 1962 3846 qul
1994 3777 2049 3832 in
2083 3775 2237 3832 coelis
2298 3781 2383 3830 est
2413 3771 2481 3828 ⁸⁸.
2523 3785 2549 3826 s
2601 3766 2892 3826 Descendit
2948 3773 3131 3820 autem
3180 3762 3249 3818 de
3298 3757 3439 3817 eoelo

1868 3882 1981 3925 non
2005 3867 2053 3924 is
2076 3866 2169 3938 qui
2210 3872 2329 3920 erat
2358 3863 2425 3919 de
2476 3859 2695 3916 navidis
2741 3857 2972 3923 semine,
3017 3853 3115 3913 sed
3169 3850 3436 3909 eoelorum

1826 3957 2107 4025 ὀι-εοεαε,
2138 3956 2235 4014 Dei
2259 3962 2386 4011 ente
2422 3966 2585 4010 omne
2646 3959 2861 4018 tempus
2913 3933 3175 4003 Verbum'
3204 3951 3263 4001 et
3312 3950 3439 4000 ante

1866 4048 2089 4106 saecula.
2118 4045 2218 4101 Hic
2248 4051 2469 4119 propter
2493 4053 2651 4098 suam
2693 4053 2815 4095 cum
2854 4037 3190 4094 humanitate
3228 4033 3438 4090 aduna-

1866 4141 2092 4208 tionem,
2126 4137 2252 4195 Filii
2278 4134 2516 4192 hominis
2545 4145 2738 4189 nornen
2755 4128 2970 4198 accipit.
2998 4125 3065 4180 Et
3090 4126 3197 4182 alio
3242 4138 3433 4180 rursus

1866 4230 1988 4287 loco
2011 4229 2158 4286 hunc
2191 4227 2265 4284 ita
2284 4223 2560 4297 appellat:
2595 4238 2616 4274 ι
2652 4220 2709 4275 Si
2733 4218 2979 4275 videritis
3014 4214 3214 4272 Filium
3257 4214 3434 4271 homi-

1866 4323 1953 4380 nis
1976 4321 2103 4378 illuc
2127 4317 2511 4376 ascendentem
2536 4311 2629 4369 nbi
2660 4309 2812 4381 prius
2832 4316 2952 4365 erat
2979 4305 3050 4374 ⁸⁸,
3104 4324 3125 4361 ι
3159 4319 3265 4360 non
3293 4301 3435 4359 servi

1868 4414 2070 4481 torma,
2114 4410 2210 4465 sed
2260 4408 2432 4464 forma
2480 4403 2596 4459 Dei.
2661 4400 2731 4456 Et
2771 4413 2998 4455 rursus:
3035 4415 3057 4450 ι
3084 4394 3237 4464 Quod
3295 4393 3437 4451 lilius

1868 4501 2104 4562 hominis
2124 4499 2216 4566 sit,
2240 4495 2434 4567 inquit,
2461 4507 2530 4549 ne
2563 4488 2832 4547 miremini
2865 4506 2881 4557 ;
2915 4486 3063 4543 venit
3086 4485 3229 4541 enim
3275 4482 3433 4552 hora,

1865 4610 1977 4669 qua
2004 4590 2157 4665 liqui
2187 4589 2243 4645 in
2266 4582 2631 4642 monumentis
2658 4577 3019 4636 suntaudient
3046 4589 3234 4634 vocem
3249 4573 3391 4630 illius
3414 4592 3430 4630 ε

1866 4693 1923 4742 et
1950 4679 2247 4755 procedent
2274 4672 2371 4749 qui
2417 4674 2557 4730 bone
2611 4670 2864 4728 lecerunt
2886 4668 2942 4725 in
2979 4664 3434 4723 resurrectionem

1865 4773 2035 4840 νίιιες
2067 4770 2160 4844 qui
2200 4781 2331 4824 vero
2381 4763 2523 4822 mala
2574 4767 2823 4834 egerunt,
2874 4758 2928 4815 in
2984 4755 3435 4815 resurrectionem

1864 4862 2053 4936 judieii
2080 4861 2149 4918 ⁸⁸.
2171 4879 2191 4912 ι
2213 4858 2331 4916 Non
2362 4865 2443 4914 est
2464 4854 2569 4914 hoc
2586 4853 2746 4911 unius
2766 4849 3119 4908 humanitatis
3132 4847 3435 4919 proprium,

196 4952 612 5026 ἅνθρωπότητος
658 4951 716 5006 δὲ
755 4951 917 5024 ψιλῆς
957 4948 1116 5004 47ῡῦτο
1161 4949 1224 5004 τὸ
1277 4949 1427 5016 ἴδιον,
1482 4949 1621 5005 ἀλλὰ
1663 4950 1765 5023 τῆς
1859 4956 1956 5015 sed
1986 4952 2262 5025 operantis
2295 4946 2614 5011 divinitatis,
2647 4953 2704 5001 et
2726 4941 2887 5001 simul
2907 4938 3262 4998 humanitatis
3302 4952 3433 4992 eon-

196 5043 524 5118 ὲνεργούσης
552 5041 824 5114 θεότητος,
866 5041 1079 5112 καὶτῆς
1103 5040 1433 5112 φαινομένης
1465 5039 1530 5113 δή
1555 5041 1766 5114 ἀνθρω-

1859 5041 2060 5111 spieuae
2096 5046 2344 5110 propter
2395 5047 2548 5090 suam
2594 5046 2717 5087 cum
2760 5029 3045 5088 divinitate
3095 5025 3435 5099 conjunctio·

198 5137 430 5209 πότητος
455 5134 545 5190 διὰ
568 5132 665 5208 τὴν
690 5133 827 5208 πρὸς
852 5133 952 5206 τήν
990 5132 1216 5204 θεάτητα
1257 5131 1552 5203 συνάφειάν
1581 5149 1640 5187 τε
1669 5132 1762 5187 καὶ
1859 5145 1982 5189 nem
2015 5140 2180 5202 atque
2216 5126 2620 5186 adunationem.

194 5226 405 5284 ῑνωσιν.

196 5337 280 5393 A'.
333 5335 463 5391 Ὀτι
507 5333 639 5399 mc
686 5333 726 5403 ἡ
765 5331 908 5421 ,ποῦ’
957 5331 1184 5387 δούλου
1232 5327 1436 5417 μορφὴ
1485 5327 1583 5386 διὰ
1644 5329 1760 5400 τὴν

373 5404 708 5475 συνάφειαν
746 5417 1029 5470 ωσαυτως
1061 5415 1580 5471 προσαγορευεται.

266 5516 453 5582 Οῦτως
484 5518 514 5571 ό
563 5518 695 5585 Θεὸς
735 5517 905 5588 Λόγος
949 5514 1241 5572 οἰκειοῦται
1290 5514 1391 5586 τῆς
1427 5513 1522 5570 τοῦ
1571 5512 1756 5570 δούλου

1870 5330 2040 5391 XXX.
2075 5329 2228 5399 Quod
2258 5328 2431 5399 [orma
2453 5324 2587 5382 serui
2624 5322 2686 5380 οὐ
2734 5321 2968 5381 eandem
3010 5320 3426 5392 conjunctionem

2265 5395 2439 5453 Filius
2459 5393 2697 5451 similiter
2719 5391 3026 5462 appelletur.

1932 5510 2007 5568 lta
2064 5510 2203 5569 Deus
2249 5507 2485 5567 Verbum
2539 5505 2816 5579 propriam
2865 5504 2971 5561 sibi
3024 5501 3152 5558 lacit
3214 5500 3427 5559 servilia

265 5698 313 5732 ⁸⁸
336 5697 568 5764 nomm,
591 5697 644 5754 5.
676 5697 722 5731 ⁸⁸
748 5698 768 5753 l
794 5697 1026 5755 Tiinotli.
1058 5710 1139 5763 ιιι,
1170 5693 1254 5754 16.
1287 5693 1331 5726 ⁸⁷
1363 5692 1594 5767 Philipp.
1629 5708 1693 5762 ιι,
1721 5692 1773 5750 9.
1849 5691 1895 5724 ⁸⁸
1924 5689 2117 5762 Epltes.
2149 5704 2220 5754 tv,
2259 5688 2350 5746 ¹⁰.
2385 5685 2607 5744 ⁸³Joan.
2642 5700 2714 5754 vt,
2743 5683 2835 5742 63.
2876 5681 2923 5713 ’⁸
2954 5678 3109 5738 loen.
3144 5691 3202 5746 v,
3223 5671 3421 5731 274&
