<?xml version="1.0" encoding="UTF-8"?>
<!DOCTYPE html PUBLIC "-//W3C//DTD XHTML 1.0 Transitional//EN"
    "http://www.w3.org/TR/xhtml1/DTD/xhtml1-transitional.dtd">
<html xmlns="http://www.w3.org/1999/xhtml" xml:lang="en" lang="en">
 <head>
  <title>
</title>
<meta http-equiv="Content-Type" content="text/html;charset=utf-8" />
  <meta name='ocr-system' content='tesseract 3.04.00' />
  <meta name='ocr-capabilities' content='ocr_page ocr_carea ocr_par ocr_line ocrx_word'/>
</head>
<body>
  <div class='ocr_page' id='page_1' title='image "./patrologicursus109migngoog_0142.png"; bbox 0 0 3809 6125; ppageno 0'>
   <div class='ocr_carea' id='block_1_1' title="bbox 407 375 1302 545">
    <p class='ocr_par' dir='ltr' id='par_1_1' title="bbox 407 375 1302 545">
     <span class='ocr_line' id='line_1_1' title="bbox 407 375 513 432; baseline -0.019 -1"><span class='ocrx_word' id='word_1_1' title='bbox 407 375 513 432; x_wconf 74' lang='lat' dir='ltr'><strong>t55</strong></span> 
     </span>
     <span class='ocr_line' id='line_1_2' title="bbox 1073 487 1302 545; baseline -0.004 -2"><span class='ocrx_word' id='word_1_2' title='bbox 1073 487 1302 545; x_wconf 74' lang='lat' dir='ltr'>Amul).</span> 
     </span>
    </p>
   </div>
   <div class='ocr_carea' id='block_1_2' title="bbox 404 597 1989 1762">
    <p class='ocr_par' dir='ltr' id='par_1_2' title="bbox 404 597 1989 1762">
     <span class='ocr_line' id='line_1_3' title="bbox 486 597 1978 671; baseline -0.004 -14"><span class='ocrx_word' id='word_1_3' title='bbox 486 622 500 657; x_wconf 84' lang='grc' dir='ltr'><strong>ι</strong></span> <span class='ocrx_word' id='word_1_4' title='bbox 526 604 840 668; x_wconf 68' lang='lat' dir='ltr'><strong>Revelantur,</strong></span> <span class='ocrx_word' id='word_1_5' title='bbox 870 602 1065 671; x_wconf 85' lang='lat' dir='ltr'>inquit,</span> <span class='ocrx_word' id='word_1_6' title='bbox 1093 601 1170 655; x_wconf 81' lang='lat' dir='ltr'><strong>ira</strong></span> <span class='ocrx_word' id='word_1_7' title='bbox 1203 600 1294 655; x_wconf 80' lang='lat' dir='ltr'><strong>Dei</strong></span> <span class='ocrx_word' id='word_1_8' title='bbox 1324 616 1353 654; x_wconf 86' lang='lat' dir='ltr'>a</span> <span class='ocrx_word' id='word_1_9' title='bbox 1383 599 1524 654; x_wconf 88' lang='lat' dir='ltr'>coelo</span> <span class='ocrx_word' id='word_1_10' title='bbox 1549 600 1601 652; x_wconf 93' lang='lat' dir='ltr'><strong>in</strong></span> <span class='ocrx_word' id='word_1_11' title='bbox 1631 612 1846 653; x_wconf 89' lang='lat' dir='ltr'>omnem</span> <span class='ocrx_word' id='word_1_12' title='bbox 1879 597 1978 652; x_wconf 89' lang='lat' dir='ltr'><strong>im-</strong></span> 
     </span>
     <span class='ocr_line' id='line_1_4' title="bbox 404 687 1978 764; baseline -0.004 -17"><span class='ocrx_word' id='word_1_13' title='bbox 404 699 654 764; x_wconf 73' lang='lat' dir='ltr'>pietatem</span> <span class='ocrx_word' id='word_1_14' title='bbox 690 711 744 750; x_wconf 84' lang='lat' dir='ltr'>et</span> <span class='ocrx_word' id='word_1_15' title='bbox 778 692 1095 762; x_wconf 82' lang='lat' dir='ltr'>injustitiam</span> <span class='ocrx_word' id='word_1_16' title='bbox 1132 692 1443 755; x_wconf 84' lang='lat' dir='ltr'>bominum,</span> <span class='ocrx_word' id='word_1_17' title='bbox 1480 689 1572 758; x_wconf 87' lang='lat' dir='ltr'><strong>qui</strong></span> <span class='ocrx_word' id='word_1_18' title='bbox 1606 688 1888 744; x_wconf 83' lang='lat' dir='ltr'>veritatem</span> <span class='ocrx_word' id='word_1_19' title='bbox 1926 687 1978 742; x_wconf 92' lang='lat' dir='ltr'><strong>in</strong></span> 
     </span>
     <span class='ocr_line' id='line_1_5' title="bbox 404 780 1983 855; baseline -0.006 -14"><span class='ocrx_word' id='word_1_20' title='bbox 404 788 666 855; x_wconf 81' lang='lat' dir='ltr'>injustitia</span> <span class='ocrx_word' id='word_1_21' title='bbox 708 785 1116 851; x_wconf 84' lang='lat' dir='ltr'>continuerunt,</span> <span class='ocrx_word' id='word_1_22' title='bbox 1155 784 1280 854; x_wconf 83' lang='lat' dir='ltr'>quia</span> <span class='ocrx_word' id='word_1_23' title='bbox 1321 780 1684 853; x_wconf 76' lang='lat' dir='ltr'><strong>cognoscibile</strong></span> <span class='ocrx_word' id='word_1_24' title='bbox 1726 780 1820 836; x_wconf 88' lang='lat' dir='ltr'><strong>Dei</strong></span> <span class='ocrx_word' id='word_1_25' title='bbox 1864 794 1983 834; x_wconf 83' lang='lat' dir='ltr'><strong>ma-</strong></span> 
     </span>
     <span class='ocr_line' id='line_1_6' title="bbox 405 873 1983 946; baseline -0.003 -15"><span class='ocrx_word' id='word_1_26' title='bbox 405 878 660 933; x_wconf 82' lang='lat' dir='ltr'>nifestum</span> <span class='ocrx_word' id='word_1_27' title='bbox 697 886 780 933; x_wconf 87' lang='lat' dir='ltr'><strong>est</strong></span> <span class='ocrx_word' id='word_1_28' title='bbox 815 876 871 930; x_wconf 90' lang='lat' dir='ltr'><strong>in</strong></span> <span class='ocrx_word' id='word_1_29' title='bbox 913 876 1065 946; x_wconf 78' lang='lat' dir='ltr'>ipsiS.</span> <span class='ocrx_word' id='word_1_30' title='bbox 1103 873 1398 929; x_wconf 79' lang='lat' dir='ltr'>Invisibilia</span> <span class='ocrx_word' id='word_1_31' title='bbox 1433 874 1579 929; x_wconf 90' lang='lat' dir='ltr'>enim</span> <span class='ocrx_word' id='word_1_32' title='bbox 1612 873 1728 940; x_wconf 85' lang='lat' dir='ltr'>ejus</span> <span class='ocrx_word' id='word_1_33' title='bbox 1761 885 1792 925; x_wconf 86' lang='lat' dir='ltr'>a</span> <span class='ocrx_word' id='word_1_34' title='bbox 1829 885 1983 926; x_wconf 81' lang='lat' dir='ltr'>crea·</span> 
     </span>
     <span class='ocr_line' id='line_1_7' title="bbox 409 964 1985 1034; baseline -0.004 -11"><span class='ocrx_word' id='word_1_35' title='bbox 409 970 556 1025; x_wconf 90' lang='lat' dir='ltr'>tione</span> <span class='ocrx_word' id='word_1_36' title='bbox 583 969 793 1034; x_wconf 87' lang='lat' dir='ltr'>mundi,</span> <span class='ocrx_word' id='word_1_37' title='bbox 823 983 851 1021; x_wconf 91' lang='lat' dir='ltr'>a</span> <span class='ocrx_word' id='word_1_38' title='bbox 881 966 1145 1023; x_wconf 75' lang='lat' dir='ltr'>creaturis</span> <span class='ocrx_word' id='word_1_39' title='bbox 1171 965 1442 1021; x_wconf 83' lang='lat' dir='ltr'>intellecta</span> <span class='ocrx_word' id='word_1_40' title='bbox 1469 964 1903 1033; x_wconf 83' lang='lat' dir='ltr'>conspiciuntur,</span> <span class='ocrx_word' id='word_1_41' title='bbox 1930 970 1985 1017; x_wconf 86' lang='lat' dir='ltr'>et</span> 
     </span>
     <span class='ocr_line' id='line_1_8' title="bbox 405 1053 1984 1129; baseline -0.005 -15"><span class='ocrx_word' id='word_1_42' title='bbox 405 1069 605 1114; x_wconf 78' lang='lat' dir='ltr'>aeterna</span> <span class='ocrx_word' id='word_1_43' title='bbox 633 1060 800 1129; x_wconf 84' lang='lat' dir='ltr'>ipsius</span> <span class='ocrx_word' id='word_1_44' title='bbox 822 1059 994 1113; x_wconf 84' lang='lat' dir='ltr'>virtus</span> <span class='ocrx_word' id='word_1_45' title='bbox 1018 1067 1073 1112; x_wconf 81' lang='lat' dir='ltr'><strong>ot</strong></span> <span class='ocrx_word' id='word_1_46' title='bbox 1099 1056 1353 1112; x_wconf 81' lang='lat' dir='ltr'>divinitas</span> <span class='ocrx_word' id='word_1_47' title='bbox 1374 1055 1441 1110; x_wconf 80' lang='lat'><strong>²⁸.</strong></span> <span class='ocrx_word' id='word_1_48' title='bbox 1473 1073 1492 1106; x_wconf 75' lang='grc' dir='ltr'><strong>ι</strong></span> <span class='ocrx_word' id='word_1_49' title='bbox 1521 1053 1577 1109; x_wconf 89' lang='lat' dir='ltr'><strong>Si</strong></span> <span class='ocrx_word' id='word_1_50' title='bbox 1606 1068 1736 1123; x_wconf 79' lang='lat' dir='ltr'>ergo</span> <span class='ocrx_word' id='word_1_51' title='bbox 1759 1068 1827 1109; x_wconf 87' lang='lat' dir='ltr'>ex</span> <span class='ocrx_word' id='word_1_52' title='bbox 1853 1068 1984 1122; x_wconf 84' lang='lat' dir='ltr'>ope-</span> 
     </span>
     <span class='ocr_line' id='line_1_9' title="bbox 408 1144 1985 1219; baseline -0.007 -11"><span class='ocrx_word' id='word_1_53' title='bbox 408 1152 485 1208; x_wconf 86' lang='lat' dir='ltr'><strong>ris</strong></span> <span class='ocrx_word' id='word_1_54' title='bbox 527 1149 865 1206; x_wconf 80' lang='lat' dir='ltr'>admirabilis</span> <span class='ocrx_word' id='word_1_55' title='bbox 910 1147 1306 1219; x_wconf 70' lang='lat' dir='ltr'>magnificentia</span> <span class='ocrx_word' id='word_1_56' title='bbox 1363 1147 1591 1202; x_wconf 79' lang='lat' dir='ltr'>Creator</span> <span class='ocrx_word' id='word_1_57' title='bbox 1636 1144 1985 1215; x_wconf 75' lang='lat' dir='ltr'>proportione</span> 
     </span>
     <span class='ocr_line' id='line_1_10' title="bbox 408 1234 1985 1312; baseline -0.006 -14"><span class='ocrx_word' id='word_1_58' title='bbox 408 1241 638 1312; x_wconf 86' lang='lat' dir='ltr'>quadam</span> <span class='ocrx_word' id='word_1_59' title='bbox 689 1239 1052 1311; x_wconf 78' lang='lat' dir='ltr'>cognoscitur,</span> <span class='ocrx_word' id='word_1_60' title='bbox 1101 1246 1249 1292; x_wconf 88' lang='lat' dir='ltr'>certe</span> <span class='ocrx_word' id='word_1_61' title='bbox 1296 1234 1462 1291; x_wconf 83' lang='lat' dir='ltr'>Filius</span> <span class='ocrx_word' id='word_1_62' title='bbox 1512 1234 1655 1289; x_wconf 90' lang='lat' dir='ltr'>inter</span> <span class='ocrx_word' id='word_1_63' title='bbox 1701 1241 1985 1289; x_wconf 78' lang='lat' dir='ltr'>creaturas</span> 
     </span>
     <span class='ocr_line' id='line_1_11' title="bbox 410 1325 1983 1401; baseline -0.007 -12"><span class='ocrx_word' id='word_1_64' title='bbox 410 1350 515 1390; x_wconf 87' lang='lat' dir='ltr'><strong>non</strong></span> <span class='ocrx_word' id='word_1_65' title='bbox 544 1332 918 1389; x_wconf 81' lang='lat' dir='ltr'>collocabitur.</span> <span class='ocrx_word' id='word_1_66' title='bbox 944 1329 1078 1385; x_wconf 89' lang='lat' dir='ltr'>Cum</span> <span class='ocrx_word' id='word_1_67' title='bbox 1104 1344 1233 1401; x_wconf 74' lang='lat' dir='ltr'>vero</span> <span class='ocrx_word' id='word_1_68' title='bbox 1261 1342 1475 1382; x_wconf 90' lang='lat' dir='ltr'>rursum</span> <span class='ocrx_word' id='word_1_69' title='bbox 1504 1326 1617 1396; x_wconf 87' lang='lat' dir='ltr'>ipse</span> <span class='ocrx_word' id='word_1_70' title='bbox 1643 1326 1714 1380; x_wconf 85' lang='lat' dir='ltr'><strong>sit</strong></span> <span class='ocrx_word' id='word_1_71' title='bbox 1738 1325 1983 1381; x_wconf 88' lang='lat' dir='ltr'>omnium</span> 
     </span>
     <span class='ocr_line' id='line_1_12' title="bbox 406 1414 1989 1490; baseline -0.006 -11"><span class='ocrx_word' id='word_1_72' title='bbox 406 1432 645 1490; x_wconf 84' lang='lat' dir='ltr'>creator,</span> <span class='ocrx_word' id='word_1_73' title='bbox 671 1422 927 1477; x_wconf 85' lang='lat' dir='ltr'>divinitas</span> <span class='ocrx_word' id='word_1_74' title='bbox 953 1420 1122 1490; x_wconf 81' lang='lat' dir='ltr'>ipsius</span> <span class='ocrx_word' id='word_1_75' title='bbox 1146 1434 1213 1475; x_wconf 82' lang='lat' dir='ltr'>ex</span> <span class='ocrx_word' id='word_1_76' title='bbox 1237 1418 1494 1487; x_wconf 84' lang='lat' dir='ltr'>operibus</span> <span class='ocrx_word' id='word_1_77' title='bbox 1519 1414 1789 1470; x_wconf 80' lang='lat' dir='ltr'>elucescat</span> <span class='ocrx_word' id='word_1_78' title='bbox 1814 1432 1829 1469; x_wconf 91' lang='lat'><strong>:</strong></span> <span class='ocrx_word' id='word_1_79' title='bbox 1855 1429 1989 1483; x_wconf 77' lang='lat' dir='ltr'>uuo-</span> 
     </span>
     <span class='ocr_line' id='line_1_13' title="bbox 407 1508 1986 1585; baseline -0.009 -12"><span class='ocrx_word' id='word_1_80' title='bbox 407 1514 568 1573; x_wconf 83' lang='lat' dir='ltr'>modo</span> <span class='ocrx_word' id='word_1_81' title='bbox 602 1512 775 1585; x_wconf 83' lang='lat' dir='ltr'>possit</span> <span class='ocrx_word' id='word_1_82' title='bbox 808 1527 929 1568; x_wconf 87' lang='lat' dir='ltr'>esse</span> <span class='ocrx_word' id='word_1_83' title='bbox 957 1525 1091 1579; x_wconf 85' lang='lat' dir='ltr'>opus</span> <span class='ocrx_word' id='word_1_84' title='bbox 1119 1508 1202 1565; x_wconf 86' lang='lat' dir='ltr'>vel</span> <span class='ocrx_word' id='word_1_85' title='bbox 1235 1519 1478 1563; x_wconf 81' lang='lat' dir='ltr'>creatura</span> <span class='ocrx_word' id='word_1_86' title='bbox 1513 1512 1556 1564; x_wconf 89' lang='lat' dir='ltr'><strong>is</strong></span> <span class='ocrx_word' id='word_1_87' title='bbox 1584 1522 1744 1577; x_wconf 78' lang='lat' dir='ltr'>quem</span> <span class='ocrx_word' id='word_1_88' title='bbox 1775 1517 1986 1561; x_wconf 74' lang='lat' dir='ltr'>creatu-</span> 
     </span>
     <span class='ocr_line' id='line_1_14' title="bbox 411 1597 1988 1676; baseline -0.006 -16"><span class='ocrx_word' id='word_1_89' title='bbox 411 1621 592 1662; x_wconf 85' lang='lat' dir='ltr'>rarum</span> <span class='ocrx_word' id='word_1_90' title='bbox 641 1602 805 1676; x_wconf 67' lang='lat' dir='ltr'><strong>2oe</strong></span> <span class='ocrx_word' id='word_1_91' title='bbox 852 1611 1042 1658; x_wconf 85' lang='lat' dir='ltr'>natura</span> <span class='ocrx_word' id='word_1_92' title='bbox 1093 1616 1188 1670; x_wconf 81' lang='lat' dir='ltr'>per</span> <span class='ocrx_word' id='word_1_93' title='bbox 1236 1599 1336 1653; x_wconf 86' lang='lat' dir='ltr'><strong>boc</strong></span> <span class='ocrx_word' id='word_1_94' title='bbox 1381 1599 1555 1668; x_wconf 87' lang='lat' dir='ltr'>ipsum</span> <span class='ocrx_word' id='word_1_95' title='bbox 1601 1597 1744 1667; x_wconf 88' lang='lat' dir='ltr'>quod</span> <span class='ocrx_word' id='word_1_96' title='bbox 1791 1605 1988 1651; x_wconf 77' lang='lat' dir='ltr'>creatae</span> 
     </span>
     <span class='ocr_line' id='line_1_15' title="bbox 412 1689 1602 1762; baseline -0.008 -10"><span class='ocrx_word' id='word_1_97' title='bbox 412 1705 560 1762; x_wconf 79' lang='lat' dir='ltr'>sunt,</span> <span class='ocrx_word' id='word_1_98' title='bbox 591 1696 757 1752; x_wconf 88' lang='lat' dir='ltr'>Deum</span> <span class='ocrx_word' id='word_1_99' title='bbox 788 1692 1107 1749; x_wconf 81' lang='lat' dir='ltr'>naturaliter</span> <span class='ocrx_word' id='word_1_100' title='bbox 1132 1705 1251 1746; x_wconf 83' lang='lat' dir='ltr'>esse</span> <span class='ocrx_word' id='word_1_101' title='bbox 1280 1689 1602 1745; x_wconf 78' lang='lat' dir='ltr'>declarant?</span> 
     </span>
    </p>
   </div>
   <div class='ocr_carea' id='block_1_3' title="bbox 1077 1888 1308 1944">
    <p class='ocr_par' dir='ltr' id='par_1_3' title="bbox 1077 1888 1308 1944">
     <span class='ocr_line' id='line_1_16' title="bbox 1077 1888 1308 1944; baseline 0.009 -2"><span class='ocrx_word' id='word_1_102' title='bbox 1077 1888 1235 1943; x_wconf 68' lang='lat' dir='ltr'><strong>nub·</strong></span> <span class='ocrx_word' id='word_1_103' title='bbox 1248 1888 1308 1944; x_wconf 88' lang='lat' dir='ltr'><strong>D.</strong></span> 
     </span>
    </p>
   </div>
   <div class='ocr_carea' id='block_1_4' title="bbox 409 1999 1992 3160">
    <p class='ocr_par' dir='ltr' id='par_1_4' title="bbox 409 1999 1992 3160">
     <span class='ocr_line' id='line_1_17' title="bbox 487 1999 1985 2074; baseline -0.007 -13"><span class='ocrx_word' id='word_1_104' title='bbox 487 2005 595 2061; x_wconf 79' lang='lat' dir='ltr'>Eos</span> <span class='ocrx_word' id='word_1_105' title='bbox 622 2004 714 2074; x_wconf 84' lang='lat' dir='ltr'><strong>qui</strong></span> <span class='ocrx_word' id='word_1_106' title='bbox 748 2017 815 2058; x_wconf 85' lang='lat' dir='ltr'>ex</span> <span class='ocrx_word' id='word_1_107' title='bbox 865 2002 1132 2058; x_wconf 79' lang='lat' dir='ltr'>creaturis</span> <span class='ocrx_word' id='word_1_108' title='bbox 1177 2002 1513 2056; x_wconf 85' lang='lat' dir='ltr'>divinitatem</span> <span class='ocrx_word' id='word_1_109' title='bbox 1546 1999 1823 2057; x_wconf 81' lang='lat' dir='ltr'>creatoris</span> <span class='ocrx_word' id='word_1_110' title='bbox 1853 2013 1985 2068; x_wconf 78' lang='lat' dir='ltr'>pro-</span> 
     </span>
     <span class='ocr_line' id='line_1_18' title="bbox 414 2087 1987 2167; baseline -0.006 -16"><span class='ocrx_word' id='word_1_111' title='bbox 414 2096 664 2167; x_wconf 79' lang='lat' dir='ltr'>portione</span> <span class='ocrx_word' id='word_1_112' title='bbox 688 2092 919 2163; x_wconf 79' lang='lat' dir='ltr'>quadam</span> <span class='ocrx_word' id='word_1_113' title='bbox 947 2105 1277 2163; x_wconf 72' lang='lat' dir='ltr'>cognoscere</span> <span class='ocrx_word' id='word_1_114' title='bbox 1303 2100 1557 2159; x_wconf 86' lang='lat' dir='ltr'>possunt,</span> <span class='ocrx_word' id='word_1_115' title='bbox 1588 2087 1987 2145; x_wconf 74' lang='lat' dir='ltr'>inexcusabiles</span> 
     </span>
     <span class='ocr_line' id='line_1_19' title="bbox 409 2181 1984 2253; baseline -0.004 -13"><span class='ocrx_word' id='word_1_116' title='bbox 409 2187 622 2240; x_wconf 80' lang='lat' dir='ltr'>futuros</span> <span class='ocrx_word' id='word_1_117' title='bbox 654 2183 733 2237; x_wconf 83' lang='lat' dir='ltr'><strong>ait</strong></span> <span class='ocrx_word' id='word_1_118' title='bbox 763 2182 988 2246; x_wconf 73' lang='lat' dir='ltr'>Paulus,</span> <span class='ocrx_word' id='word_1_119' title='bbox 1023 2181 1188 2252; x_wconf 87' lang='lat' dir='ltr'>quod,</span> <span class='ocrx_word' id='word_1_120' title='bbox 1216 2198 1336 2236; x_wconf 91' lang='lat' dir='ltr'>cum</span> <span class='ocrx_word' id='word_1_121' title='bbox 1373 2184 1755 2253; x_wconf 77' lang='lat' dir='ltr'>cognovissent</span> <span class='ocrx_word' id='word_1_122' title='bbox 1786 2182 1984 2244; x_wconf 79' lang='lat' dir='ltr'>Deum,</span> 
     </span>
     <span class='ocr_line' id='line_1_20' title="bbox 410 2270 1985 2343; baseline -0.003 -15"><span class='ocrx_word' id='word_1_123' title='bbox 410 2290 519 2329; x_wconf 87' lang='lat' dir='ltr'><strong>non</strong></span> <span class='ocrx_word' id='word_1_124' title='bbox 549 2282 607 2327; x_wconf 91' lang='lat' dir='ltr'>ut</span> <span class='ocrx_word' id='word_1_125' title='bbox 636 2274 800 2328; x_wconf 86' lang='lat' dir='ltr'>Deum</span> <span class='ocrx_word' id='word_1_126' title='bbox 829 2270 1299 2341; x_wconf 78' lang='lat' dir='ltr'>glorificaverunt,</span> <span class='ocrx_word' id='word_1_127' title='bbox 1328 2271 1411 2327; x_wconf 84' lang='lat' dir='ltr'>vel</span> <span class='ocrx_word' id='word_1_128' title='bbox 1438 2274 1643 2343; x_wconf 69' lang='lat' dir='ltr'>gratias</span> <span class='ocrx_word' id='word_1_129' title='bbox 1669 2281 1893 2343; x_wconf 80' lang='lat' dir='ltr'>egerunt</span> <span class='ocrx_word' id='word_1_130' title='bbox 1918 2272 1985 2324; x_wconf 71' lang='lat'><strong>³⁹.</strong></span> 
     </span>
     <span class='ocr_line' id='line_1_21' title="bbox 410 2362 1989 2434; baseline 0 -18"><span class='ocrx_word' id='word_1_131' title='bbox 410 2366 699 2434; x_wconf 76' lang='lat' dir='ltr'>Quocirca,</span> <span class='ocrx_word' id='word_1_132' title='bbox 731 2364 774 2417; x_wconf 91' lang='lat' dir='ltr'><strong>si</strong></span> <span class='ocrx_word' id='word_1_133' title='bbox 805 2363 972 2417; x_wconf 87' lang='lat' dir='ltr'>Deum</span> <span class='ocrx_word' id='word_1_134' title='bbox 1001 2373 1335 2433; x_wconf 78' lang='lat' dir='ltr'>cognoscunt</span> <span class='ocrx_word' id='word_1_135' title='bbox 1358 2365 1446 2432; x_wconf 84' lang='lat' dir='ltr'><strong>qui</strong></span> <span class='ocrx_word' id='word_1_136' title='bbox 1474 2373 1845 2418; x_wconf 78' lang='lat' dir='ltr'>creaturarum</span> <span class='ocrx_word' id='word_1_137' title='bbox 1871 2362 1989 2432; x_wconf 90' lang='lat' dir='ltr'>opi-</span> 
     </span>
     <span class='ocr_line' id='line_1_22' title="bbox 412 2449 1986 2521; baseline -0.003 -13"><span class='ocrx_word' id='word_1_138' title='bbox 412 2455 567 2509; x_wconf 84' lang='lat' dir='ltr'>licem</span> <span class='ocrx_word' id='word_1_139' title='bbox 601 2452 1054 2521; x_wconf 76' lang='lat' dir='ltr'>contemplantur,</span> <span class='ocrx_word' id='word_1_140' title='bbox 1085 2449 1265 2507; x_wconf 82' lang='lat' dir='ltr'>Verbo</span> <span class='ocrx_word' id='word_1_141' title='bbox 1296 2460 1472 2507; x_wconf 83' lang='lat' dir='ltr'>autem</span> <span class='ocrx_word' id='word_1_142' title='bbox 1491 2451 1600 2507; x_wconf 77' lang='lat' dir='ltr'><strong>Dei</strong></span> <span class='ocrx_word' id='word_1_143' title='bbox 1629 2452 1749 2507; x_wconf 87' lang='lat' dir='ltr'>coeli</span> <span class='ocrx_word' id='word_1_144' title='bbox 1788 2450 1986 2505; x_wconf 81' lang='lat' dir='ltr'>firmati</span> 
     </span>
     <span class='ocr_line' id='line_1_23' title="bbox 410 2540 1987 2612; baseline 0 -14"><span class='ocrx_word' id='word_1_145' title='bbox 410 2552 538 2599; x_wconf 88' lang='lat' dir='ltr'>sunt</span> <span class='ocrx_word' id='word_1_146' title='bbox 555 2541 636 2610; x_wconf 75' lang='lat'><strong>⁸⁸,</strong></span> <span class='ocrx_word' id='word_1_147' title='bbox 678 2540 822 2598; x_wconf 87' lang='lat' dir='ltr'>Deus</span> <span class='ocrx_word' id='word_1_148' title='bbox 865 2542 1065 2610; x_wconf 86' lang='lat' dir='ltr'>itaque,</span> <span class='ocrx_word' id='word_1_149' title='bbox 1110 2557 1216 2598; x_wconf 89' lang='lat' dir='ltr'><strong>uon</strong></span> <span class='ocrx_word' id='word_1_150' title='bbox 1255 2553 1502 2598; x_wconf 69' lang='lat' dir='ltr'>creatura</span> <span class='ocrx_word' id='word_1_151' title='bbox 1545 2552 1628 2599; x_wconf 82' lang='lat' dir='ltr'><strong>est</strong></span> <span class='ocrx_word' id='word_1_152' title='bbox 1667 2542 1855 2609; x_wconf 87' lang='lat' dir='ltr'>Filius,</span> <span class='ocrx_word' id='word_1_153' title='bbox 1895 2543 1987 2612; x_wconf 81' lang='lat' dir='ltr'><strong>qui</strong></span> 
     </span>
     <span class='ocr_line' id='line_1_24' title="bbox 411 2633 1990 2704; baseline 0 -15"><span class='ocrx_word' id='word_1_154' title='bbox 411 2634 662 2689; x_wconf 85' lang='lat' dir='ltr'>omnibus</span> <span class='ocrx_word' id='word_1_155' title='bbox 692 2646 848 2688; x_wconf 91' lang='lat' dir='ltr'>suum</span> <span class='ocrx_word' id='word_1_156' title='bbox 878 2648 998 2688; x_wconf 83' lang='lat' dir='ltr'>esse</span> <span class='ocrx_word' id='word_1_157' title='bbox 1026 2633 1173 2688; x_wconf 83' lang='lat' dir='ltr'>dedit</span> <span class='ocrx_word' id='word_1_158' title='bbox 1203 2652 1216 2689; x_wconf 91' lang='lat'><strong>:</strong></span> <span class='ocrx_word' id='word_1_159' title='bbox 1249 2648 1406 2703; x_wconf 85' lang='lat' dir='ltr'>quem</span> <span class='ocrx_word' id='word_1_160' title='bbox 1441 2634 1533 2704; x_wconf 88' lang='lat' dir='ltr'><strong>qui</strong></span> <span class='ocrx_word' id='word_1_161' title='bbox 1563 2633 1866 2703; x_wconf 74' lang='lat' dir='ltr'>glorificare</span> <span class='ocrx_word' id='word_1_162' title='bbox 1896 2634 1990 2689; x_wconf 88' lang='lat' dir='ltr'>de-</span> 
     </span>
     <span class='ocr_line' id='line_1_25' title="bbox 415 2724 1989 2795; baseline 0.001 -16"><span class='ocrx_word' id='word_1_163' title='bbox 415 2732 668 2788; x_wconf 76' lang='lat' dir='ltr'>trectant,</span> <span class='ocrx_word' id='word_1_164' title='bbox 699 2734 921 2778; x_wconf 80' lang='lat' dir='ltr'>manent</span> <span class='ocrx_word' id='word_1_165' title='bbox 953 2724 1369 2790; x_wconf 78' lang='lat' dir='ltr'>inexcusabiles,</span> <span class='ocrx_word' id='word_1_166' title='bbox 1399 2725 1465 2780; x_wconf 86' lang='lat' dir='ltr'>de</span> <span class='ocrx_word' id='word_1_167' title='bbox 1493 2725 1689 2795; x_wconf 81' lang='lat' dir='ltr'>quibus</span> <span class='ocrx_word' id='word_1_168' title='bbox 1719 2724 1873 2781; x_wconf 84' lang='lat' dir='ltr'>nobis</span> <span class='ocrx_word' id='word_1_169' title='bbox 1901 2734 1989 2781; x_wconf 80' lang='lat' dir='ltr'>est</span> 
     </span>
     <span class='ocr_line' id='line_1_26' title="bbox 413 2813 1992 2885; baseline 0.001 -16"><span class='ocrx_word' id='word_1_170' title='bbox 413 2829 615 2871; x_wconf 87' lang='lat' dir='ltr'>sermo.</span> <span class='ocrx_word' id='word_1_171' title='bbox 659 2813 928 2870; x_wconf 69' lang='lat' dir='ltr'>Praeterea</span> <span class='ocrx_word' id='word_1_172' title='bbox 975 2814 1297 2885; x_wconf 76' lang='lat' dir='ltr'>glorificatio</span> <span class='ocrx_word' id='word_1_173' title='bbox 1341 2815 1440 2871; x_wconf 90' lang='lat' dir='ltr'>soli</span> <span class='ocrx_word' id='word_1_174' title='bbox 1490 2815 1600 2871; x_wconf 84' lang='lat' dir='ltr'>Deo</span> <span class='ocrx_word' id='word_1_175' title='bbox 1659 2816 1885 2871; x_wconf 91' lang='lat' dir='ltr'>debetur</span> <span class='ocrx_word' id='word_1_176' title='bbox 1934 2825 1992 2873; x_wconf 91' lang='lat' dir='ltr'>et</span> 
     </span>
     <span class='ocr_line' id='line_1_27' title="bbox 413 2906 1989 2978; baseline 0 -15"><span class='ocrx_word' id='word_1_177' title='bbox 413 2906 687 2973; x_wconf 73' lang='lat' dir='ltr'>convenit,</span> <span class='ocrx_word' id='word_1_178' title='bbox 723 2920 754 2960; x_wconf 90' lang='lat' dir='ltr'>a</span> <span class='ocrx_word' id='word_1_179' title='bbox 792 2917 974 2961; x_wconf 74' lang='lat' dir='ltr'>creata</span> <span class='ocrx_word' id='word_1_180' title='bbox 1012 2917 1191 2962; x_wconf 79' lang='lat' dir='ltr'>autem</span> <span class='ocrx_word' id='word_1_181' title='bbox 1233 2918 1422 2961; x_wconf 84' lang='lat' dir='ltr'>natura</span> <span class='ocrx_word' id='word_1_182' title='bbox 1464 2917 1549 2963; x_wconf 88' lang='lat' dir='ltr'><strong>est</strong></span> <span class='ocrx_word' id='word_1_183' title='bbox 1584 2908 1758 2963; x_wconf 80' lang='lat' dir='ltr'>aliena</span> <span class='ocrx_word' id='word_1_184' title='bbox 1795 2925 1809 2961; x_wconf 90' lang='lat'>:</span> <span class='ocrx_word' id='word_1_185' title='bbox 1846 2908 1989 2978; x_wconf 88' lang='lat' dir='ltr'>quod</span> 
     </span>
     <span class='ocr_line' id='line_1_28' title="bbox 410 2995 1991 3068; baseline 0.001 -18"><span class='ocrx_word' id='word_1_186' title='bbox 410 2997 585 3068; x_wconf 87' lang='lat' dir='ltr'>ipsum</span> <span class='ocrx_word' id='word_1_187' title='bbox 623 2995 882 3052; x_wconf 82' lang='lat' dir='ltr'>servator</span> <span class='ocrx_word' id='word_1_188' title='bbox 914 3011 1013 3051; x_wconf 90' lang='lat' dir='ltr'><strong>nos</strong></span> <span class='ocrx_word' id='word_1_189' title='bbox 1053 2997 1275 3063; x_wconf 81' lang='lat' dir='ltr'>docens,</span> <span class='ocrx_word' id='word_1_190' title='bbox 1307 2996 1377 3053; x_wconf 82' lang='lat' dir='ltr'><strong>ad</strong></span> <span class='ocrx_word' id='word_1_191' title='bbox 1415 2997 1707 3068; x_wconf 82' lang='lat' dir='ltr'>discipulos</span> <span class='ocrx_word' id='word_1_192' title='bbox 1743 3012 1872 3054; x_wconf 85' lang='lat' dir='ltr'>suos</span> <span class='ocrx_word' id='word_1_193' title='bbox 1907 2998 1991 3052; x_wconf 87' lang='lat' dir='ltr'><strong>in·</strong></span> 
     </span>
     <span class='ocr_line' id='line_1_29' title="bbox 411 3087 1991 3160; baseline 0.001 -18"><span class='ocrx_word' id='word_1_194' title='bbox 411 3088 527 3160; x_wconf 89' lang='lat' dir='ltr'>quit</span> <span class='ocrx_word' id='word_1_195' title='bbox 557 3107 573 3145; x_wconf 87' lang='lat'>:</span> <span class='ocrx_word' id='word_1_196' title='bbox 612 3104 632 3140; x_wconf 78' lang='grc' dir='ltr'><strong>ι</strong></span> <span class='ocrx_word' id='word_1_197' title='bbox 672 3087 878 3142; x_wconf 77' lang='lat' dir='ltr'>Luceat</span> <span class='ocrx_word' id='word_1_198' title='bbox 909 3087 1001 3142; x_wconf 79' lang='lat' dir='ltr'>lux</span> <span class='ocrx_word' id='word_1_199' title='bbox 1032 3096 1211 3144; x_wconf 84' lang='lat' dir='ltr'>vestra</span> <span class='ocrx_word' id='word_1_200' title='bbox 1242 3103 1424 3144; x_wconf 87' lang='lat' dir='ltr'>coram</span> <span class='ocrx_word' id='word_1_201' title='bbox 1459 3089 1790 3156; x_wconf 82' lang='lat' dir='ltr'>bominibus,</span> <span class='ocrx_word' id='word_1_202' title='bbox 1822 3099 1878 3145; x_wconf 91' lang='lat' dir='ltr'>ut</span> <span class='ocrx_word' id='word_1_203' title='bbox 1909 3089 1991 3144; x_wconf 82' lang='lat' dir='ltr'><strong>vi-</strong></span> 
     </span>
    </p>
   </div>
   <div class='ocr_carea' id='block_1_5' title="bbox 1399 366 2640 426">
    <p class='ocr_par' dir='ltr' id='par_1_5' title="bbox 1399 366 2640 426">
     <span class='ocr_line' id='line_1_30' title="bbox 1399 366 2640 426; baseline -0.001 -4"><span class='ocrx_word' id='word_1_204' title='bbox 1399 370 1459 426; x_wconf 88' lang='lat' dir='ltr'><strong>S.</strong></span> <span class='ocrx_word' id='word_1_205' title='bbox 1498 367 1775 423; x_wconf 61' lang='lat' dir='ltr'>evium</span> <span class='ocrx_word' id='word_1_206' title='bbox 1811 366 2284 421; x_wconf 67' lang='lat' dir='ltr'>ALEXANDmNJ</span> <span class='ocrx_word' id='word_1_207' title='bbox 2323 366 2640 421; x_wconf 74' lang='lat' dir='ltr'>AliCllll&#39;J&#39;.</span> 
     </span>
    </p>
   </div>
   <div class='ocr_carea' id='block_1_6' title="bbox 2762 363 3673 535">
    <p class='ocr_par' dir='ltr' id='par_1_6' title="bbox 2762 363 3673 535">
     <span class='ocr_line' id='line_1_31' title="bbox 3565 363 3673 420; baseline 0.019 -2"><span class='ocrx_word' id='word_1_208' title='bbox 3565 363 3673 420; x_wconf 64' lang='lat' dir='ltr'><strong>ssb</strong></span> 
     </span>
     <span class='ocr_line' id='line_1_32' title="bbox 2762 483 2965 535; baseline -0.01 -2"><span class='ocrx_word' id='word_1_209' title='bbox 2762 483 2965 535; x_wconf 36' lang='lat' dir='ltr'>Ait-Au.</span> 
     </span>
    </p>
   </div>
   <div class='ocr_carea' id='block_1_7' title="bbox 2073 566 3746 1842">
    <p class='ocr_par' dir='ltr' id='par_1_7' title="bbox 2073 566 3746 1842">
     <span class='ocr_line' id='line_1_33' title="bbox 2073 566 3675 666; baseline -0.001 -17"><span class='ocrx_word' id='word_1_210' title='bbox 2073 566 2080 581; x_wconf 45' lang='lat'>&#39;</span> <span class='ocrx_word' id='word_1_211' title='bbox 2158 597 2667 650; x_wconf 78' lang='grc' dir='ltr'><strong>«Ἀποκαλύπτεται</strong></span> <span class='ocrx_word' id='word_1_212' title='bbox 2738 597 2888 666; x_wconf 82' lang='grc' dir='ltr'><strong>γάρ,</strong></span> <span class='ocrx_word' id='word_1_213' title='bbox 2938 592 3141 663; x_wconf 75' lang='grc' dir='ltr'><strong>φησὶν,</strong></span> <span class='ocrx_word' id='word_1_214' title='bbox 3189 591 3328 663; x_wconf 78' lang='grc' dir='ltr'><strong>όργὴ</strong></span> <span class='ocrx_word' id='word_1_215' title='bbox 3375 591 3517 647; x_wconf 82' lang='grc' dir='ltr'><strong>Θεοῦ</strong></span> <span class='ocrx_word' id='word_1_216' title='bbox 3566 594 3675 647; x_wconf 89' lang='grc' dir='ltr'><strong>ἀπὸ</strong></span> 
     </span>
     <span class='ocr_line' id='line_1_34' title="bbox 2078 684 3673 759; baseline 0 -20"><span class='ocrx_word' id='word_1_217' title='bbox 2078 688 2308 759; x_wconf 85' lang='grc' dir='ltr'><strong>ούρανοῦ</strong></span> <span class='ocrx_word' id='word_1_218' title='bbox 2336 690 2427 741; x_wconf 79' lang='grc' dir='ltr'><strong>ἐπὶ</strong></span> <span class='ocrx_word' id='word_1_219' title='bbox 2467 688 2649 742; x_wconf 74' lang='grc' dir='ltr'><strong>πᾶσαν</strong></span> <span class='ocrx_word' id='word_1_220' title='bbox 2679 686 2934 740; x_wconf 78' lang='grc' dir='ltr'><strong>ἀσέδειαν</strong></span> <span class='ocrx_word' id='word_1_221' title='bbox 2966 687 3058 738; x_wconf 79' lang='grc' dir='ltr'><strong>καὶ</strong></span> <span class='ocrx_word' id='word_1_222' title='bbox 3095 684 3309 738; x_wconf 81' lang='grc' dir='ltr'><strong>ἀδικίαν</strong></span> <span class='ocrx_word' id='word_1_223' title='bbox 3358 685 3673 755; x_wconf 78' lang='grc' dir='ltr'><strong>ἀνθρώπων</strong></span> 
     </span>
     <span class='ocr_line' id='line_1_35' title="bbox 2081 772 3677 847; baseline -0.002 -18"><span class='ocrx_word' id='word_1_224' title='bbox 2081 775 2187 829; x_wconf 84' lang='grc' dir='ltr'><strong>τῶν</strong></span> <span class='ocrx_word' id='word_1_225' title='bbox 2218 776 2318 847; x_wconf 81' lang='grc' dir='ltr'><strong>τὴν</strong></span> <span class='ocrx_word' id='word_1_226' title='bbox 2368 776 2629 845; x_wconf 83' lang='grc' dir='ltr'><strong>ἀλήθειαν</strong></span> <span class='ocrx_word' id='word_1_227' title='bbox 2678 777 2740 829; x_wconf 94' lang='grc' dir='ltr'><strong>ἐν</strong></span> <span class='ocrx_word' id='word_1_228' title='bbox 2786 772 2972 844; x_wconf 79' lang='grc' dir='ltr'>ἀδικίᾳ</span> <span class='ocrx_word' id='word_1_229' title='bbox 3020 773 3380 843; x_wconf 82' lang='grc' dir='ltr'><strong>κατεχόντων,</strong></span> <span class='ocrx_word' id='word_1_230' title='bbox 3427 772 3567 827; x_wconf 86' lang='grc' dir='ltr'><strong>διότι</strong></span> <span class='ocrx_word' id='word_1_231' title='bbox 3615 775 3677 826; x_wconf 87' lang='grc' dir='ltr'><strong>τὸ</strong></span> 
     </span>
     <span class='ocr_line' id='line_1_36' title="bbox 2083 862 3676 937; baseline 0 -18"><span class='ocrx_word' id='word_1_232' title='bbox 2083 867 2323 934; x_wconf 86' lang='grc' dir='ltr'><strong>γνωστὸν</strong></span> <span class='ocrx_word' id='word_1_233' title='bbox 2351 865 2444 918; x_wconf 75' lang='grc' dir='ltr'><strong>τοῦ</strong></span> <span class='ocrx_word' id='word_1_234' title='bbox 2479 865 2613 917; x_wconf 84' lang='grc' dir='ltr'><strong>Θεοῦ</strong></span> <span class='ocrx_word' id='word_1_235' title='bbox 2636 907 2651 931; x_wconf 96' lang='grc'><strong>,</strong></span> <span class='ocrx_word' id='word_1_236' title='bbox 2696 867 2929 934; x_wconf 84' lang='grc' dir='ltr'><strong>φανερόν</strong></span> <span class='ocrx_word' id='word_1_237' title='bbox 2958 866 3106 917; x_wconf 87' lang='grc' dir='ltr'><strong>ἐστιν</strong></span> <span class='ocrx_word' id='word_1_238' title='bbox 3135 865 3192 918; x_wconf 85' lang='grc' dir='ltr'><strong>ἐν</strong></span> <span class='ocrx_word' id='word_1_239' title='bbox 3219 862 3424 928; x_wconf 79' lang='grc' dir='ltr'><strong>αὐτοῖς.</strong></span> <span class='ocrx_word' id='word_1_240' title='bbox 3454 864 3540 919; x_wconf 70' lang='lat' dir='ltr'><strong>T&amp;</strong></span> <span class='ocrx_word' id='word_1_241' title='bbox 3570 868 3676 937; x_wconf 76' lang='grc' dir='ltr'><strong>γὰρ</strong></span> 
     </span>
     <span class='ocr_line' id='line_1_37' title="bbox 2083 953 3675 1028; baseline -0.001 -18"><span class='ocrx_word' id='word_1_242' title='bbox 2083 956 2290 1028; x_wconf 80' lang='grc' dir='ltr'><strong>ἀόρατα</strong></span> <span class='ocrx_word' id='word_1_243' title='bbox 2334 954 2502 1009; x_wconf 90' lang='grc' dir='ltr'><strong>αύτοῦ</strong></span> <span class='ocrx_word' id='word_1_244' title='bbox 2553 955 2665 1009; x_wconf 79' lang='grc' dir='ltr'><strong>ἀπὸ</strong></span> <span class='ocrx_word' id='word_1_245' title='bbox 2712 954 2944 1017; x_wconf 76' lang='grc' dir='ltr'><strong>κτίσεως</strong></span> <span class='ocrx_word' id='word_1_246' title='bbox 2974 953 3202 1025; x_wconf 87' lang='grc' dir='ltr'><strong>κόσμου,</strong></span> <span class='ocrx_word' id='word_1_247' title='bbox 3251 957 3365 1018; x_wconf 83' lang='grc' dir='ltr'><strong>τοῖς</strong></span> <span class='ocrx_word' id='word_1_248' title='bbox 3399 957 3675 1026; x_wconf 78' lang='grc' dir='ltr'><strong>ποιήμασι</strong></span> 
     </span>
     <span class='ocr_line' id='line_1_38' title="bbox 2082 1045 3746 1119; baseline 0.001 -19"><span class='ocrx_word' id='word_1_249' title='bbox 2082 1047 2350 1118; x_wconf 79' lang='grc' dir='ltr'><strong>νοούμενα</strong></span> <span class='ocrx_word' id='word_1_250' title='bbox 2386 1046 2713 1118; x_wconf 77' lang='grc' dir='ltr'><strong>καθορᾶται,</strong></span> <span class='ocrx_word' id='word_1_251' title='bbox 2748 1047 2782 1116; x_wconf 77' lang='grc' dir='ltr'>ἢ</span> <span class='ocrx_word' id='word_1_252' title='bbox 2817 1063 2877 1099; x_wconf 82' lang='grc' dir='ltr'><strong>τε</strong></span> <span class='ocrx_word' id='word_1_253' title='bbox 2906 1046 3077 1109; x_wconf 70' lang='grc' dir='ltr'><strong>ἀΐδιος</strong></span> <span class='ocrx_word' id='word_1_254' title='bbox 3108 1045 3274 1099; x_wconf 80' lang='grc' dir='ltr'><strong>αὐτοῦ</strong></span> <span class='ocrx_word' id='word_1_255' title='bbox 3302 1046 3542 1119; x_wconf 85' lang='grc' dir='ltr'><strong>δύναμις</strong></span> <span class='ocrx_word' id='word_1_256' title='bbox 3580 1052 3673 1102; x_wconf 75' lang='grc' dir='ltr'><strong>καὶ</strong></span> <span class='ocrx_word' id='word_1_257' title='bbox 3739 1103 3746 1108; x_wconf 82' lang='grc'><strong>,</strong></span> 
     </span>
     <span class='ocr_line' id='line_1_39' title="bbox 2084 1136 3671 1210; baseline 0.002 -18"><span class='ocrx_word' id='word_1_258' title='bbox 2084 1138 2317 1208; x_wconf 81' lang='grc' dir='ltr'><strong>θειότης.</strong></span> <span class='ocrx_word' id='word_1_259' title='bbox 2350 1157 2370 1191; x_wconf 73' lang='grc' dir='ltr'><strong>ο</strong></span> <span class='ocrx_word' id='word_1_260' title='bbox 2401 1138 2464 1191; x_wconf 83' lang='lat' dir='ltr'><strong>Ei</strong></span> <span class='ocrx_word' id='word_1_261' title='bbox 2489 1137 2667 1191; x_wconf 82' lang='grc' dir='ltr'><strong>τοίνυν</strong></span> <span class='ocrx_word' id='word_1_262' title='bbox 2697 1136 2806 1191; x_wconf 86' lang='grc' dir='ltr'><strong>ἀπὸ</strong></span> <span class='ocrx_word' id='word_1_263' title='bbox 2831 1137 2934 1207; x_wconf 80' lang='grc' dir='ltr'><strong>τῆς</strong></span> <span class='ocrx_word' id='word_1_264' title='bbox 2970 1137 3029 1189; x_wconf 88' lang='grc' dir='ltr'><strong>ἐν</strong></span> <span class='ocrx_word' id='word_1_265' title='bbox 3057 1139 3172 1200; x_wconf 86' lang='grc' dir='ltr'><strong>τοῖς</strong></span> <span class='ocrx_word' id='word_1_266' title='bbox 3197 1139 3470 1209; x_wconf 74' lang='grc' dir='ltr'><strong>ποιήμασι</strong></span> <span class='ocrx_word' id='word_1_267' title='bbox 3503 1157 3671 1210; x_wconf 84' lang='grc' dir='ltr'><strong>μεγα·</strong></span> 
     </span>
     <span class='ocr_line' id='line_1_40' title="bbox 2083 1229 3667 1304; baseline 0.003 -21"><span class='ocrx_word' id='word_1_268' title='bbox 2083 1230 2340 1302; x_wconf 87' lang='grc' dir='ltr'><strong>λουργίας</strong></span> <span class='ocrx_word' id='word_1_269' title='bbox 2372 1229 2650 1298; x_wconf 76' lang='grc' dir='ltr'><strong>ἀναλόγως</strong></span> <span class='ocrx_word' id='word_1_270' title='bbox 2682 1232 2716 1301; x_wconf 78' lang='grc' dir='ltr'><strong>ἡ</strong></span> <span class='ocrx_word' id='word_1_271' title='bbox 2765 1229 2860 1282; x_wconf 86' lang='grc' dir='ltr'><strong>τοῦ</strong></span> <span class='ocrx_word' id='word_1_272' title='bbox 2896 1230 3450 1301; x_wconf 84' lang='grc' dir='ltr'><strong>μεγαλουργήσαντος</strong></span> <span class='ocrx_word' id='word_1_273' title='bbox 3474 1233 3667 1304; x_wconf 78' lang='grc' dir='ltr'><strong>δρᾶται</strong></span> 
     </span>
     <span class='ocr_line' id='line_1_41' title="bbox 2085 1316 3670 1390; baseline 0.001 -16"><span class='ocrx_word' id='word_1_274' title='bbox 2085 1320 2319 1390; x_wconf 72' lang='grc' dir='ltr'><strong>θειότης,</strong></span> <span class='ocrx_word' id='word_1_275' title='bbox 2352 1318 2459 1383; x_wconf 73' lang='grc' dir='ltr'><strong>ἔξω</strong></span> <span class='ocrx_word' id='word_1_276' title='bbox 2492 1318 2589 1388; x_wconf 85' lang='grc' dir='ltr'><strong>μὲν</strong></span> <span class='ocrx_word' id='word_1_277' title='bbox 2620 1318 2838 1372; x_wconf 86' lang='grc' dir='ltr'><strong>πάντων</strong></span> <span class='ocrx_word' id='word_1_278' title='bbox 2862 1317 2971 1370; x_wconf 85' lang='grc' dir='ltr'><strong>τῶν</strong></span> <span class='ocrx_word' id='word_1_279' title='bbox 3001 1316 3245 1387; x_wconf 84' lang='grc' dir='ltr'><strong>γενητῶν</strong></span> <span class='ocrx_word' id='word_1_280' title='bbox 3275 1317 3304 1370; x_wconf 86' lang='grc' dir='ltr'><strong>ό</strong></span> <span class='ocrx_word' id='word_1_281' title='bbox 3335 1317 3469 1382; x_wconf 83' lang='grc' dir='ltr'><strong>Υίὸς</strong></span> <span class='ocrx_word' id='word_1_282' title='bbox 3494 1320 3670 1375; x_wconf 84' lang='grc' dir='ltr'><strong>κείσε-</strong></span> 
     </span>
     <span class='ocr_line' id='line_1_42' title="bbox 2084 1406 3666 1481; baseline -0.001 -17"><span class='ocrx_word' id='word_1_283' title='bbox 2084 1427 2194 1464; x_wconf 91' lang='grc' dir='ltr'><strong>ται.</strong></span> <span class='ocrx_word' id='word_1_284' title='bbox 2225 1409 2445 1480; x_wconf 81' lang='grc' dir='ltr'><strong>Ἐπειδὴ</strong></span> <span class='ocrx_word' id='word_1_285' title='bbox 2467 1408 2524 1462; x_wconf 82' lang='grc' dir='ltr'><strong>δὲ</strong></span> <span class='ocrx_word' id='word_1_286' title='bbox 2551 1408 2714 1462; x_wconf 84' lang='grc' dir='ltr'><strong>πάλιν</strong></span> <span class='ocrx_word' id='word_1_287' title='bbox 2746 1408 2908 1471; x_wconf 83' lang='grc' dir='ltr'><strong>αὐτός</strong></span> <span class='ocrx_word' id='word_1_288' title='bbox 2931 1408 3080 1461; x_wconf 84' lang='grc' dir='ltr'><strong>ἐστιν</strong></span> <span class='ocrx_word' id='word_1_289' title='bbox 3111 1408 3139 1460; x_wconf 84' lang='grc' dir='ltr'>ὁ</span> <span class='ocrx_word' id='word_1_290' title='bbox 3166 1406 3389 1461; x_wconf 83' lang='grc' dir='ltr'><strong>πάντων</strong></span> <span class='ocrx_word' id='word_1_291' title='bbox 3419 1410 3666 1481; x_wconf 70' lang='grc' dir='ltr'><strong>ποιητὴς,</strong></span> 
     </span>
     <span class='ocr_line' id='line_1_43' title="bbox 2086 1496 3667 1571; baseline 0.001 -17"><span class='ocrx_word' id='word_1_292' title='bbox 2086 1499 2251 1555; x_wconf 73' lang='grc' dir='ltr'><strong>αὐτοῦ</strong></span> <span class='ocrx_word' id='word_1_293' title='bbox 2293 1499 2533 1571; x_wconf 88' lang='grc' dir='ltr'><strong>δηλονότι</strong></span> <span class='ocrx_word' id='word_1_294' title='bbox 2579 1499 2674 1553; x_wconf 75' lang='grc' dir='ltr'><strong>καὶ</strong></span> <span class='ocrx_word' id='word_1_295' title='bbox 2713 1499 2747 1570; x_wconf 76' lang='grc' dir='ltr'>ἡ</span> <span class='ocrx_word' id='word_1_296' title='bbox 2786 1499 2998 1569; x_wconf 82' lang='grc' dir='ltr'><strong>θειότης</strong></span> <span class='ocrx_word' id='word_1_297' title='bbox 3026 1496 3113 1552; x_wconf 90' lang='grc' dir='ltr'><strong>διά</strong></span> <span class='ocrx_word' id='word_1_298' title='bbox 3143 1498 3253 1552; x_wconf 85' lang='grc' dir='ltr'><strong>τῶν</strong></span> <span class='ocrx_word' id='word_1_299' title='bbox 3284 1500 3667 1571; x_wconf 78' lang='grc' dir='ltr'><strong>πεποιημένων</strong></span> 
     </span>
     <span class='ocr_line' id='line_1_44' title="bbox 2086 1587 3664 1663; baseline 0 -17"><span class='ocrx_word' id='word_1_300' title='bbox 2086 1594 2308 1662; x_wconf 81' lang='grc' dir='ltr'><strong>δρᾶται·</strong></span> <span class='ocrx_word' id='word_1_301' title='bbox 2343 1592 2464 1655; x_wconf 85' lang='grc' dir='ltr'><strong>πῶς</strong></span> <span class='ocrx_word' id='word_1_302' title='bbox 2508 1587 2602 1645; x_wconf 82' lang='grc' dir='ltr'><strong>οῦν</strong></span> <span class='ocrx_word' id='word_1_303' title='bbox 2633 1590 2848 1661; x_wconf 83' lang='grc' dir='ltr'><strong>ποίημα</strong></span> <span class='ocrx_word' id='word_1_304' title='bbox 2881 1589 2915 1661; x_wconf 81' lang='grc' dir='ltr'><strong>ἢ</strong></span> <span class='ocrx_word' id='word_1_305' title='bbox 2948 1589 3154 1661; x_wconf 88' lang='grc' dir='ltr'><strong>κτίσμα</strong></span> <span class='ocrx_word' id='word_1_306' title='bbox 3185 1588 3245 1643; x_wconf 80' lang='grc' dir='ltr'><strong>ὃν</strong></span> <span class='ocrx_word' id='word_1_307' title='bbox 3283 1592 3318 1661; x_wconf 79' lang='grc' dir='ltr'>ὴ</span> <span class='ocrx_word' id='word_1_308' title='bbox 3366 1590 3480 1645; x_wconf 83' lang='grc' dir='ltr'><strong>τῶν</strong></span> <span class='ocrx_word' id='word_1_309' title='bbox 3511 1609 3664 1663; x_wconf 82' lang='grc' dir='ltr'><strong>γενη·</strong></span> 
     </span>
     <span class='ocr_line' id='line_1_45' title="bbox 2088 1680 3657 1753; baseline 0 -18"><span class='ocrx_word' id='word_1_310' title='bbox 2088 1681 2194 1735; x_wconf 85' lang='grc' dir='ltr'><strong>τῶν</strong></span> <span class='ocrx_word' id='word_1_311' title='bbox 2236 1682 2397 1750; x_wconf 85' lang='grc' dir='ltr'><strong>φύσις</strong></span> <span class='ocrx_word' id='word_1_312' title='bbox 2430 1681 2497 1734; x_wconf 84' lang='grc' dir='ltr'><strong>δι’</strong></span> <span class='ocrx_word' id='word_1_313' title='bbox 2539 1681 2703 1734; x_wconf 77' lang='grc' dir='ltr'><strong>αὑτοῦ</strong></span> <span class='ocrx_word' id='word_1_314' title='bbox 2745 1680 2840 1734; x_wconf 89' lang='grc' dir='ltr'><strong>τοῦ</strong></span> <span class='ocrx_word' id='word_1_315' title='bbox 2877 1680 3207 1753; x_wconf 82' lang='grc' dir='ltr'><strong>πεποιῆσθαι</strong></span> <span class='ocrx_word' id='word_1_316' title='bbox 3251 1680 3493 1735; x_wconf 82' lang='grc' dir='ltr'><strong>δεικνύει</strong></span> <span class='ocrx_word' id='word_1_317' title='bbox 3542 1682 3657 1737; x_wconf 73' lang='grc' dir='ltr'><strong>Θεοῦ</strong></span> 
     </span>
     <span class='ocr_line' id='line_1_46' title="bbox 2090 1772 2611 1842; baseline -0.004 -16"><span class='ocrx_word' id='word_1_318' title='bbox 2090 1772 2218 1828; x_wconf 85' lang='grc' dir='ltr'><strong>δντα</strong></span> <span class='ocrx_word' id='word_1_319' title='bbox 2249 1772 2389 1827; x_wconf 76' lang='grc' dir='ltr'><strong>κατὰ</strong></span> <span class='ocrx_word' id='word_1_320' title='bbox 2417 1773 2611 1842; x_wconf 80' lang='grc' dir='ltr'><strong>φύσιν;</strong></span> 
     </span>
    </p>
   </div>
   <div class='ocr_carea' id='block_1_8' title="bbox 2723 1886 2927 1939">
    <p class='ocr_par' dir='ltr' id='par_1_8' title="bbox 2723 1886 2927 1939">
     <span class='ocr_line' id='line_1_47' title="bbox 2723 1886 2927 1939; baseline 0 -1"><span class='ocrx_word' id='word_1_321' title='bbox 2723 1886 2927 1939; x_wconf 80' lang='grc' dir='ltr'><strong>ΔΛΛΟ.</strong></span> 
     </span>
    </p>
   </div>
   <div class='ocr_carea' id='block_1_9' title="bbox 2086 1993 3679 3165">
    <p class='ocr_par' dir='ltr' id='par_1_9' title="bbox 2086 1993 3679 3165">
     <span class='ocr_line' id='line_1_48' title="bbox 2157 1993 3673 2068; baseline 0.003 -21"><span class='ocrx_word' id='word_1_322' title='bbox 2157 1996 2296 2058; x_wconf 77' lang='grc' dir='ltr'><strong>Τοὺς</strong></span> <span class='ocrx_word' id='word_1_323' title='bbox 2340 1998 2404 2048; x_wconf 81' lang='grc' dir='ltr'><strong>ἐκ</strong></span> <span class='ocrx_word' id='word_1_324' title='bbox 2430 1993 2537 2047; x_wconf 84' lang='grc' dir='ltr'><strong>τῶν</strong></span> <span class='ocrx_word' id='word_1_325' title='bbox 2571 1994 2892 2065; x_wconf 79' lang='grc' dir='ltr'><strong>ποιημάτων</strong></span> <span class='ocrx_word' id='word_1_326' title='bbox 2926 1994 3206 2063; x_wconf 84' lang='grc' dir='ltr'><strong>ἀναλόγως</strong></span> <span class='ocrx_word' id='word_1_327' title='bbox 3261 1995 3356 2050; x_wconf 85' lang='grc' dir='ltr'><strong>τοῦ</strong></span> <span class='ocrx_word' id='word_1_328' title='bbox 3403 1996 3673 2068; x_wconf 85' lang='grc' dir='ltr'><strong>δημιουρ-</strong></span> 
     </span>
     <span class='ocr_line' id='line_1_49' title="bbox 2087 2084 3672 2158; baseline 0.001 -20"><span class='ocrx_word' id='word_1_329' title='bbox 2087 2085 2185 2154; x_wconf 84' lang='grc' dir='ltr'><strong>γοῦ</strong></span> <span class='ocrx_word' id='word_1_330' title='bbox 2217 2085 2318 2157; x_wconf 82' lang='grc' dir='ltr'><strong>τὴν</strong></span> <span class='ocrx_word' id='word_1_331' title='bbox 2342 2084 2596 2156; x_wconf 85' lang='grc' dir='ltr'><strong>θειότητα</strong></span> <span class='ocrx_word' id='word_1_332' title='bbox 2646 2084 2981 2156; x_wconf 79' lang='grc' dir='ltr'><strong>δυναμένους</strong></span> <span class='ocrx_word' id='word_1_333' title='bbox 3010 2086 3164 2158; x_wconf 80' lang='grc' dir='ltr'><strong>δρᾷν,</strong></span> <span class='ocrx_word' id='word_1_334' title='bbox 3224 2085 3672 2158; x_wconf 72' lang='grc' dir='ltr'><strong>ἀναπολογήτους</strong></span> 
     </span>
     <span class='ocr_line' id='line_1_50' title="bbox 2088 2176 3669 2256; baseline 0.001 -27"><span class='ocrx_word' id='word_1_335' title='bbox 2088 2176 2306 2231; x_wconf 74' lang='grc' dir='ltr'><strong>ἔσεσθαί</strong></span> <span class='ocrx_word' id='word_1_336' title='bbox 2329 2194 2494 2248; x_wconf 82' lang='grc' dir='ltr'><strong>φησιν</strong></span> <span class='ocrx_word' id='word_1_337' title='bbox 2525 2179 2554 2231; x_wconf 82' lang='grc' dir='ltr'><strong>ὁ</strong></span> <span class='ocrx_word' id='word_1_338' title='bbox 2590 2177 2861 2248; x_wconf 81' lang='grc' dir='ltr'><strong>μακάριος</strong></span> <span class='ocrx_word' id='word_1_339' title='bbox 2887 2177 3144 2256; x_wconf 40' lang='grc' dir='ltr'><strong>Παῦλος,κ</strong></span> <span class='ocrx_word' id='word_1_340' title='bbox 3168 2178 3297 2233; x_wconf 74' lang='grc' dir='ltr'><strong>διότι</strong></span> <span class='ocrx_word' id='word_1_341' title='bbox 3322 2178 3545 2247; x_wconf 81' lang='grc' dir='ltr'><strong>γνόντες</strong></span> <span class='ocrx_word' id='word_1_342' title='bbox 3573 2179 3669 2234; x_wconf 86' lang='grc' dir='ltr'><strong>τὸν</strong></span> 
     </span>
     <span class='ocr_line' id='line_1_51' title="bbox 2088 2267 3675 2342; baseline 0.002 -21"><span class='ocrx_word' id='word_1_343' title='bbox 2088 2267 2242 2334; x_wconf 90' lang='grc' dir='ltr'><strong>Θεὸν,</strong></span> <span class='ocrx_word' id='word_1_344' title='bbox 2272 2269 2370 2341; x_wconf 75' lang='grc' dir='ltr'><strong>οὐχ</strong></span> <span class='ocrx_word' id='word_1_345' title='bbox 2389 2270 2464 2333; x_wconf 82' lang='grc' dir='ltr'><strong>ὡς</strong></span> <span class='ocrx_word' id='word_1_346' title='bbox 2502 2269 2636 2323; x_wconf 83' lang='grc' dir='ltr'><strong>Θεὸν</strong></span> <span class='ocrx_word' id='word_1_347' title='bbox 2673 2269 2931 2335; x_wconf 74' lang='grc' dir='ltr'><strong>ἐδόξασαν</strong></span> <span class='ocrx_word' id='word_1_348' title='bbox 2952 2270 2986 2340; x_wconf 73' lang='grc' dir='ltr'><strong>ἢ</strong></span> <span class='ocrx_word' id='word_1_349' title='bbox 3006 2271 3429 2342; x_wconf 79' lang='grc' dir='ltr'><strong>ηὐχαρίστησαν.</strong></span> <span class='ocrx_word' id='word_1_350' title='bbox 3455 2270 3675 2325; x_wconf 73' lang='grc' dir='ltr'><strong>Οὐκοῦν</strong></span> 
     </span>
     <span class='ocr_line' id='line_1_52' title="bbox 2089 2359 3676 2439; baseline 0.003 -27"><span class='ocrx_word' id='word_1_351' title='bbox 2089 2362 2137 2413; x_wconf 82' lang='grc' dir='ltr'><strong>εί</strong></span> <span class='ocrx_word' id='word_1_352' title='bbox 2170 2359 2302 2414; x_wconf 84' lang='grc' dir='ltr'><strong>Θεὸν</strong></span> <span class='ocrx_word' id='word_1_353' title='bbox 2333 2360 2786 2429; x_wconf 72' lang='grc' dir='ltr'><strong>ἐπιγινώσκουσιν</strong></span> <span class='ocrx_word' id='word_1_354' title='bbox 2829 2363 2878 2415; x_wconf 86' lang='grc' dir='ltr'><strong>οἱ</strong></span> <span class='ocrx_word' id='word_1_355' title='bbox 2920 2362 3013 2439; x_wconf 71' lang='grc' dir='ltr'><strong>τὸν</strong></span> <span class='ocrx_word' id='word_1_356' title='bbox 3045 2362 3144 2433; x_wconf 84' lang='grc' dir='ltr'><strong>τῆς</strong></span> <span class='ocrx_word' id='word_1_357' title='bbox 3180 2363 3409 2427; x_wconf 84' lang='grc' dir='ltr'><strong>κτίσεως</strong></span> <span class='ocrx_word' id='word_1_358' title='bbox 3435 2363 3676 2434; x_wconf 83' lang='grc' dir='ltr'><strong>δρῶντες</strong></span> 
     </span>
     <span class='ocr_line' id='line_1_53' title="bbox 2087 2451 3679 2526; baseline 0.001 -21"><span class='ocrx_word' id='word_1_359' title='bbox 2087 2452 2436 2523; x_wconf 79' lang='grc' dir='ltr'><strong>δημιουργὸν,</strong></span> <span class='ocrx_word' id='word_1_360' title='bbox 2458 2451 2536 2522; x_wconf 85' lang='grc' dir='ltr'><strong>τῷ</strong></span> <span class='ocrx_word' id='word_1_361' title='bbox 2553 2451 2608 2504; x_wconf 85' lang='grc' dir='ltr'><strong>δὲ</strong></span> <span class='ocrx_word' id='word_1_362' title='bbox 2631 2453 2791 2523; x_wconf 82' lang='grc' dir='ltr'><strong>Λόγῳ</strong></span> <span class='ocrx_word' id='word_1_363' title='bbox 2805 2454 3013 2526; x_wconf 80' lang='grc' dir='ltr'><strong>Κυρίου</strong></span> <span class='ocrx_word' id='word_1_364' title='bbox 3034 2454 3084 2507; x_wconf 88' lang='grc' dir='ltr'><strong>οί</strong></span> <span class='ocrx_word' id='word_1_365' title='bbox 3104 2454 3322 2524; x_wconf 75' lang='grc' dir='ltr'><strong>οὐρανοὶ</strong></span> <span class='ocrx_word' id='word_1_366' title='bbox 3336 2454 3679 2525; x_wconf 76' lang='grc' dir='ltr'><strong>ἐστερεώθη-</strong></span> 
     </span>
     <span class='ocr_line' id='line_1_54' title="bbox 2090 2540 3676 2618; baseline 0.003 -25"><span class='ocrx_word' id='word_1_367' title='bbox 2090 2557 2211 2606; x_wconf 85' lang='grc' dir='ltr'><strong>σαν,</strong></span> <span class='ocrx_word' id='word_1_368' title='bbox 2251 2540 2382 2604; x_wconf 83' lang='grc' dir='ltr'><strong>Θεὸς</strong></span> <span class='ocrx_word' id='word_1_369' title='bbox 2414 2544 2540 2613; x_wconf 74' lang='grc' dir='ltr'><strong>ἅρα,</strong></span> <span class='ocrx_word' id='word_1_370' title='bbox 2567 2544 2661 2595; x_wconf 72' lang='grc' dir='ltr'><strong>καὶ</strong></span> <span class='ocrx_word' id='word_1_371' title='bbox 2690 2545 2751 2597; x_wconf 83' lang='grc' dir='ltr'><strong>ού</strong></span> <span class='ocrx_word' id='word_1_372' title='bbox 2782 2544 2994 2616; x_wconf 84' lang='grc' dir='ltr'><strong>ποίημα</strong></span> <span class='ocrx_word' id='word_1_373' title='bbox 3018 2544 3048 2596; x_wconf 85' lang='grc' dir='ltr'><strong>δ</strong></span> <span class='ocrx_word' id='word_1_374' title='bbox 3073 2544 3220 2610; x_wconf 84' lang='grc' dir='ltr'><strong>Υἱὸς,</strong></span> <span class='ocrx_word' id='word_1_375' title='bbox 3255 2544 3286 2598; x_wconf 82' lang='grc' dir='ltr'><strong>ὁ</strong></span> <span class='ocrx_word' id='word_1_376' title='bbox 3334 2544 3517 2600; x_wconf 87' lang='grc' dir='ltr'><strong>πάντα</strong></span> <span class='ocrx_word' id='word_1_377' title='bbox 3543 2545 3676 2618; x_wconf 86' lang='grc' dir='ltr'><strong>πρὸς</strong></span> 
     </span>
     <span class='ocr_line' id='line_1_55' title="bbox 2087 2624 3677 2707; baseline 0.003 -24"><span class='ocrx_word' id='word_1_378' title='bbox 2087 2630 2151 2683; x_wconf 87' lang='grc' dir='ltr'><strong>τὸ</strong></span> <span class='ocrx_word' id='word_1_379' title='bbox 2174 2624 2318 2685; x_wconf 79' lang='grc' dir='ltr'><strong>εῖναι</strong></span> <span class='ocrx_word' id='word_1_380' title='bbox 2367 2632 2625 2696; x_wconf 75' lang='grc' dir='ltr'><strong>καλέσας·</strong></span> <span class='ocrx_word' id='word_1_381' title='bbox 2664 2633 2722 2685; x_wconf 83' lang='grc' dir='ltr'><strong>ὃν</strong></span> <span class='ocrx_word' id='word_1_382' title='bbox 2771 2633 2866 2686; x_wconf 75' lang='grc' dir='ltr'><strong>καὶ</strong></span> <span class='ocrx_word' id='word_1_383' title='bbox 2911 2634 3132 2699; x_wconf 80' lang='grc' dir='ltr'><strong>δοξάσαι</strong></span> <span class='ocrx_word' id='word_1_384' title='bbox 3196 2635 3677 2707; x_wconf 75' lang='grc' dir='ltr'><strong>παραιτησάμενοι</strong></span> 
     </span>
     <span class='ocr_line' id='line_1_56' title="bbox 2094 2720 3676 2799; baseline 0.004 -25"><span class='ocrx_word' id='word_1_385' title='bbox 2094 2722 2349 2792; x_wconf 83' lang='grc' dir='ltr'><strong>μένουσιν</strong></span> <span class='ocrx_word' id='word_1_386' title='bbox 2373 2724 2793 2795; x_wconf 75' lang='grc' dir='ltr'><strong>ἀναπολόγητοι,</strong></span> <span class='ocrx_word' id='word_1_387' title='bbox 2833 2727 2961 2798; x_wconf 78' lang='grc' dir='ltr'><strong>περὶ</strong></span> <span class='ocrx_word' id='word_1_388' title='bbox 2990 2720 3064 2780; x_wconf 81' lang='grc' dir='ltr'><strong>ὧν</strong></span> <span class='ocrx_word' id='word_1_389' title='bbox 3096 2728 3225 2799; x_wconf 75' lang='grc' dir='ltr'><strong>ἡμῖν</strong></span> <span class='ocrx_word' id='word_1_390' title='bbox 3246 2728 3276 2780; x_wconf 84' lang='grc' dir='ltr'><strong>δ</strong></span> <span class='ocrx_word' id='word_1_391' title='bbox 3294 2726 3478 2797; x_wconf 88' lang='grc' dir='ltr'><strong>λόγος.</strong></span> <span class='ocrx_word' id='word_1_392' title='bbox 3513 2726 3676 2793; x_wconf 83' lang='grc' dir='ltr'><strong>Δοξο·</strong></span> 
     </span>
     <span class='ocr_line' id='line_1_57' title="bbox 2088 2812 3675 2890; baseline 0.004 -24"><span class='ocrx_word' id='word_1_393' title='bbox 2088 2812 2245 2883; x_wconf 89' lang='grc' dir='ltr'><strong>λογία</strong></span> <span class='ocrx_word' id='word_1_394' title='bbox 2276 2814 2332 2868; x_wconf 74' lang='grc' dir='ltr'><strong>δέ</strong></span> <span class='ocrx_word' id='word_1_395' title='bbox 2369 2815 2530 2868; x_wconf 83' lang='grc' dir='ltr'><strong>πάλιν</strong></span> <span class='ocrx_word' id='word_1_396' title='bbox 2554 2820 2907 2888; x_wconf 85' lang='grc' dir='ltr'><strong>χρεωστεῖται</strong></span> <span class='ocrx_word' id='word_1_397' title='bbox 2958 2819 3053 2871; x_wconf 75' lang='grc' dir='ltr'><strong>καὶ</strong></span> <span class='ocrx_word' id='word_1_398' title='bbox 3103 2817 3306 2890; x_wconf 76' lang='grc' dir='ltr'><strong>πρέπει</strong></span> <span class='ocrx_word' id='word_1_399' title='bbox 3342 2818 3495 2890; x_wconf 84' lang='grc' dir='ltr'><strong>μόνῳ</strong></span> <span class='ocrx_word' id='word_1_400' title='bbox 3519 2817 3675 2890; x_wconf 80' lang='grc' dir='ltr'><strong>Θεῷ,</strong></span> 
     </span>
     <span class='ocr_line' id='line_1_58' title="bbox 2087 2906 3678 2983; baseline 0.003 -24"><span class='ocrx_word' id='word_1_401' title='bbox 2087 2906 2322 2977; x_wconf 76' lang='grc' dir='ltr'><strong>γενητῆς</strong></span> <span class='ocrx_word' id='word_1_402' title='bbox 2348 2906 2404 2960; x_wconf 82' lang='grc' dir='ltr'><strong>δέ</strong></span> <span class='ocrx_word' id='word_1_403' title='bbox 2431 2906 2644 2975; x_wconf 86' lang='grc' dir='ltr'><strong>φύσεως</strong></span> <span class='ocrx_word' id='word_1_404' title='bbox 2674 2907 2973 2980; x_wconf 89' lang='grc' dir='ltr'><strong>ἀλλότριον·</strong></span> <span class='ocrx_word' id='word_1_405' title='bbox 3005 2909 3035 2963; x_wconf 79' lang='grc' dir='ltr'><strong>ὃ</strong></span> <span class='ocrx_word' id='word_1_406' title='bbox 3057 2910 3151 2963; x_wconf 75' lang='grc' dir='ltr'><strong>καὶ</strong></span> <span class='ocrx_word' id='word_1_407' title='bbox 3181 2908 3456 2966; x_wconf 76' lang='grc' dir='ltr'><strong>διδάσκων</strong></span> <span class='ocrx_word' id='word_1_408' title='bbox 3481 2911 3629 2983; x_wconf 70' lang='grc' dir='ltr'><strong>ἡμᾶς</strong></span> <span class='ocrx_word' id='word_1_409' title='bbox 3648 2912 3678 2964; x_wconf 85' lang='grc' dir='ltr'><strong>ό</strong></span> 
     </span>
     <span class='ocr_line' id='line_1_59' title="bbox 2088 2998 3678 3076; baseline 0.004 -25"><span class='ocrx_word' id='word_1_410' title='bbox 2088 2998 2300 3070; x_wconf 77' lang='grc' dir='ltr'><strong>Σωτὴρ,</strong></span> <span class='ocrx_word' id='word_1_411' title='bbox 2331 2998 2467 3069; x_wconf 88' lang='grc' dir='ltr'><strong>πρὸς</strong></span> <span class='ocrx_word' id='word_1_412' title='bbox 2487 3000 2615 3064; x_wconf 81' lang='grc' dir='ltr'><strong>τοὺς</strong></span> <span class='ocrx_word' id='word_1_413' title='bbox 2642 3000 2873 3066; x_wconf 82' lang='grc' dir='ltr'><strong>οἰκείους</strong></span> <span class='ocrx_word' id='word_1_414' title='bbox 2899 3002 3032 3073; x_wconf 77' lang='grc' dir='ltr'><strong>φησὶ</strong></span> <span class='ocrx_word' id='word_1_415' title='bbox 3058 3000 3326 3074; x_wconf 87' lang='grc' dir='ltr'><strong>μαθητάς·</strong></span> <span class='ocrx_word' id='word_1_416' title='bbox 3350 3021 3369 3055; x_wconf 78' lang='grc' dir='ltr'><strong>ι</strong></span> <span class='ocrx_word' id='word_1_417' title='bbox 3392 3001 3678 3076; x_wconf 66' lang='grc' dir='ltr'><strong>Δαμψάτω</strong></span> 
     </span>
     <span class='ocr_line' id='line_1_60' title="bbox 2086 3087 3671 3165; baseline 0.005 -24"><span class='ocrx_word' id='word_1_418' title='bbox 2086 3087 2149 3142; x_wconf 88' lang='grc' dir='ltr'><strong>τὸ</strong></span> <span class='ocrx_word' id='word_1_419' title='bbox 2177 3089 2293 3158; x_wconf 83' lang='grc' dir='ltr'><strong>φῶς</strong></span> <span class='ocrx_word' id='word_1_420' title='bbox 2324 3089 2479 3160; x_wconf 84' lang='grc' dir='ltr'><strong>ὑμῶν</strong></span> <span class='ocrx_word' id='word_1_421' title='bbox 2502 3091 2810 3163; x_wconf 81' lang='grc' dir='ltr'><strong>ἔμπροσθεν</strong></span> <span class='ocrx_word' id='word_1_422' title='bbox 2842 3092 2953 3146; x_wconf 82' lang='grc' dir='ltr'><strong>τῶν</strong></span> <span class='ocrx_word' id='word_1_423' title='bbox 2985 3092 3310 3165; x_wconf 85' lang='grc' dir='ltr'><strong>ἀνθρώπων,</strong></span> <span class='ocrx_word' id='word_1_424' title='bbox 3342 3093 3500 3159; x_wconf 75' lang='grc' dir='ltr'><strong>ὅπως</strong></span> <span class='ocrx_word' id='word_1_425' title='bbox 3526 3094 3671 3149; x_wconf 73' lang='grc' dir='ltr'><strong>ἴδωσι</strong></span> 
     </span>
    </p>
   </div>
   <div class='ocr_carea' id='block_1_10' title="bbox 411 3178 3667 3258">
    <p class='ocr_par' dir='ltr' id='par_1_10' title="bbox 411 3178 3667 3258">
     <span class='ocr_line' id='line_1_61' title="bbox 411 3178 3667 3258; baseline 0.002 -23"><span class='ocrx_word' id='word_1_426' title='bbox 411 3180 600 3235; x_wconf 86' lang='lat' dir='ltr'>dentes</span> <span class='ocrx_word' id='word_1_427' title='bbox 640 3179 776 3235; x_wconf 83' lang='lat' dir='ltr'>bona</span> <span class='ocrx_word' id='word_1_428' title='bbox 818 3193 980 3248; x_wconf 85' lang='lat' dir='ltr'>opera</span> <span class='ocrx_word' id='word_1_429' title='bbox 1022 3189 1226 3246; x_wconf 82' lang='lat' dir='ltr'>vestra,</span> <span class='ocrx_word' id='word_1_430' title='bbox 1275 3178 1577 3250; x_wconf 81' lang='lat' dir='ltr'>glorillcent</span> <span class='ocrx_word' id='word_1_431' title='bbox 1625 3179 1840 3236; x_wconf 83' lang='lat' dir='ltr'>Patrem</span> <span class='ocrx_word' id='word_1_432' title='bbox 1887 3195 1981 3237; x_wconf 79' lang='lat' dir='ltr'><strong>ve·</strong></span> <span class='ocrx_word' id='word_1_433' title='bbox 2007 3183 2051 3242; x_wconf 85' lang='lat' dir='ltr'><strong>c</strong></span> <span class='ocrx_word' id='word_1_434' title='bbox 2083 3179 2152 3233; x_wconf 80' lang='grc' dir='ltr'><strong>τὰ</strong></span> <span class='ocrx_word' id='word_1_435' title='bbox 2179 3178 2321 3233; x_wconf 81' lang='grc' dir='ltr'><strong>καλὰ</strong></span> <span class='ocrx_word' id='word_1_436' title='bbox 2343 3180 2479 3252; x_wconf 73' lang='grc' dir='ltr'><strong>ἔργα</strong></span> <span class='ocrx_word' id='word_1_437' title='bbox 2501 3181 2677 3251; x_wconf 78' lang='grc' dir='ltr'><strong>ὑμῶν,</strong></span> <span class='ocrx_word' id='word_1_438' title='bbox 2711 3183 2807 3237; x_wconf 80' lang='grc' dir='ltr'><strong>καὶ</strong></span> <span class='ocrx_word' id='word_1_439' title='bbox 2838 3182 3101 3249; x_wconf 74' lang='grc' dir='ltr'><strong>δοξάσωσι</strong></span> <span class='ocrx_word' id='word_1_440' title='bbox 3131 3184 3221 3238; x_wconf 81' lang='grc' dir='ltr'><strong>τὸν</strong></span> <span class='ocrx_word' id='word_1_441' title='bbox 3268 3185 3496 3258; x_wconf 80' lang='grc' dir='ltr'><strong>Πατέρα</strong></span> <span class='ocrx_word' id='word_1_442' title='bbox 3524 3184 3667 3258; x_wconf 60' lang='lat' dir='ltr'>dmin</span> 
     </span>
    </p>
   </div>
   <div class='ocr_carea' id='block_1_11' title="bbox 410 3270 1985 3796">
    <p class='ocr_par' dir='ltr' id='par_1_11' title="bbox 410 3270 1985 3796">
     <span class='ocr_line' id='line_1_62' title="bbox 410 3270 1983 3343; baseline 0.003 -18"><span class='ocrx_word' id='word_1_443' title='bbox 410 3280 584 3325; x_wconf 79' lang='lat' dir='ltr'>strum</span> <span class='ocrx_word' id='word_1_444' title='bbox 621 3272 711 3340; x_wconf 88' lang='lat' dir='ltr'><strong>qui</strong></span> <span class='ocrx_word' id='word_1_445' title='bbox 751 3271 803 3324; x_wconf 88' lang='lat' dir='ltr'><strong>in</strong></span> <span class='ocrx_word' id='word_1_446' title='bbox 838 3270 993 3325; x_wconf 87' lang='lat' dir='ltr'>coelis</span> <span class='ocrx_word' id='word_1_447' title='bbox 1027 3283 1111 3326; x_wconf 82' lang='lat' dir='ltr'><strong>est</strong></span> <span class='ocrx_word' id='word_1_448' title='bbox 1134 3270 1202 3325; x_wconf 86' lang='lat'><strong>⁸¹.</strong></span> <span class='ocrx_word' id='word_1_449' title='bbox 1246 3290 1266 3324; x_wconf 71' lang='grc' dir='ltr'><strong>ι</strong></span> <span class='ocrx_word' id='word_1_450' title='bbox 1307 3271 1492 3341; x_wconf 87' lang='lat' dir='ltr'>Neque</span> <span class='ocrx_word' id='word_1_451' title='bbox 1524 3272 1667 3328; x_wconf 86' lang='lat' dir='ltr'>enim</span> <span class='ocrx_word' id='word_1_452' title='bbox 1703 3272 1983 3343; x_wconf 84' lang='lat' dir='ltr'>discipulis</span> 
     </span>
     <span class='ocr_line' id='line_1_63' title="bbox 411 3359 1983 3432; baseline 0.003 -16"><span class='ocrx_word' id='word_1_453' title='bbox 411 3371 557 3416; x_wconf 89' lang='lat' dir='ltr'>rectc</span> <span class='ocrx_word' id='word_1_454' title='bbox 592 3359 859 3416; x_wconf 74' lang='lat' dir='ltr'>tactorum</span> <span class='ocrx_word' id='word_1_455' title='bbox 894 3375 1114 3416; x_wconf 88' lang='lat' dir='ltr'>suorum</span> <span class='ocrx_word' id='word_1_456' title='bbox 1147 3362 1372 3432; x_wconf 74' lang='lat' dir='ltr'>gloriani</span> <span class='ocrx_word' id='word_1_457' title='bbox 1406 3363 1604 3418; x_wconf 81' lang='lat' dir='ltr'>ascribi</span> <span class='ocrx_word' id='word_1_458' title='bbox 1638 3363 1837 3420; x_wconf 85' lang='lat' dir='ltr'>debere</span> <span class='ocrx_word' id='word_1_459' title='bbox 1867 3373 1983 3420; x_wconf 79' lang='lat' dir='ltr'>sta-</span> 
     </span>
     <span class='ocr_line' id='line_1_64' title="bbox 412 3451 1983 3524; baseline 0.003 -18"><span class='ocrx_word' id='word_1_460' title='bbox 412 3453 544 3520; x_wconf 84' lang='lat' dir='ltr'>tuit,</span> <span class='ocrx_word' id='word_1_461' title='bbox 582 3453 676 3509; x_wconf 85' lang='lat' dir='ltr'><strong>sed</strong></span> <span class='ocrx_word' id='word_1_462' title='bbox 717 3454 895 3523; x_wconf 88' lang='lat' dir='ltr'>potius</span> <span class='ocrx_word' id='word_1_463' title='bbox 935 3451 1076 3518; x_wconf 87' lang='lat' dir='ltr'>Deo,</span> <span class='ocrx_word' id='word_1_464' title='bbox 1114 3464 1173 3508; x_wconf 91' lang='lat' dir='ltr'>ut</span> <span class='ocrx_word' id='word_1_465' title='bbox 1210 3454 1453 3511; x_wconf 87' lang='lat' dir='ltr'>videlicet</span> <span class='ocrx_word' id='word_1_466' title='bbox 1491 3454 1592 3524; x_wconf 81' lang='lat' dir='ltr'>ipsi</span> <span class='ocrx_word' id='word_1_467' title='bbox 1633 3455 1886 3513; x_wconf 82' lang='lat' dir='ltr'>debitam.</span> <span class='ocrx_word' id='word_1_468' title='bbox 1925 3456 1983 3511; x_wconf 89' lang='lat' dir='ltr'><strong>Si</strong></span> 
     </span>
     <span class='ocr_line' id='line_1_65' title="bbox 413 3544 1984 3614; baseline 0.002 -15"><span class='ocrx_word' id='word_1_469' title='bbox 413 3558 542 3599; x_wconf 79' lang='lat' dir='ltr'>vero</span> <span class='ocrx_word' id='word_1_470' title='bbox 574 3545 688 3611; x_wconf 87' lang='lat' dir='ltr'>ipse</span> <span class='ocrx_word' id='word_1_471' title='bbox 723 3544 967 3598; x_wconf 76' lang='lat' dir='ltr'>veritatis</span> <span class='ocrx_word' id='word_1_472' title='bbox 1003 3547 1186 3611; x_wconf 86' lang='lat' dir='ltr'>testis,</span> <span class='ocrx_word' id='word_1_473' title='bbox 1225 3555 1282 3598; x_wconf 94' lang='lat' dir='ltr'>ut</span> <span class='ocrx_word' id='word_1_474' title='bbox 1314 3556 1588 3601; x_wconf 84' lang='lat' dir='ltr'>ostensum</span> <span class='ocrx_word' id='word_1_475' title='bbox 1627 3556 1739 3613; x_wconf 89' lang='lat' dir='ltr'>cst,</span> <span class='ocrx_word' id='word_1_476' title='bbox 1776 3545 1984 3614; x_wconf 78' lang='lat' dir='ltr'>glor-lll-</span> 
     </span>
     <span class='ocr_line' id='line_1_66' title="bbox 415 3632 1985 3704; baseline 0.003 -15"><span class='ocrx_word' id='word_1_477' title='bbox 415 3633 528 3689; x_wconf 85' lang='lat' dir='ltr'>carl</span> <span class='ocrx_word' id='word_1_478' title='bbox 555 3634 751 3688; x_wconf 87' lang='lat' dir='ltr'>debere</span> <span class='ocrx_word' id='word_1_479' title='bbox 775 3632 1054 3688; x_wconf 81' lang='lat' dir='ltr'>Christum</span> <span class='ocrx_word' id='word_1_480' title='bbox 1077 3635 1230 3701; x_wconf 86' lang='lat' dir='ltr'>dicit,</span> <span class='ocrx_word' id='word_1_481' title='bbox 1254 3635 1526 3704; x_wconf 83' lang='lat' dir='ltr'>quomodo</span> <span class='ocrx_word' id='word_1_482' title='bbox 1552 3651 1658 3689; x_wconf 87' lang='lat' dir='ltr'><strong>non</strong></span> <span class='ocrx_word' id='word_1_483' title='bbox 1682 3636 1752 3691; x_wconf 88' lang='lat' dir='ltr'><strong>sit</strong></span> <span class='ocrx_word' id='word_1_484' title='bbox 1777 3635 1917 3693; x_wconf 83' lang='lat' dir='ltr'>Deus</span> <span class='ocrx_word' id='word_1_485' title='bbox 1940 3638 1985 3693; x_wconf 82' lang='lat' dir='ltr'><strong>is</strong></span> 
     </span>
     <span class='ocr_line' id='line_1_67' title="bbox 412 3723 1655 3796; baseline -0.001 -16"><span class='ocrx_word' id='word_1_486' title='bbox 412 3725 497 3780; x_wconf 87' lang='lat' dir='ltr'><strong>cui</strong></span> <span class='ocrx_word' id='word_1_487' title='bbox 544 3723 771 3796; x_wconf 72' lang='lat' dir='ltr'>gloriam</span> <span class='ocrx_word' id='word_1_488' title='bbox 805 3724 915 3780; x_wconf 89' lang='lat' dir='ltr'>Deo</span> <span class='ocrx_word' id='word_1_489' title='bbox 947 3726 1360 3781; x_wconf 80' lang='lat' dir='ltr'>convenientem</span> <span class='ocrx_word' id='word_1_490' title='bbox 1394 3725 1655 3782; x_wconf 79' lang='lat' dir='ltr'>ascribit?</span> 
     </span>
    </p>
   </div>
   <div class='ocr_carea' id='block_1_12' title="bbox 409 3831 1985 5177">
    <p class='ocr_par' dir='ltr' id='par_1_12' title="bbox 1084 3831 1308 3890">
     <span class='ocr_line' id='line_1_68' title="bbox 1084 3831 1308 3890; baseline 0.018 -4"><span class='ocrx_word' id='word_1_491' title='bbox 1084 3831 1308 3890; x_wconf 81' lang='lat' dir='ltr'>ALlUD.</span> 
     </span>
    </p>

    <p class='ocr_par' dir='ltr' id='par_1_13' title="bbox 409 3921 1985 5177">
     <span class='ocr_line' id='line_1_69' title="bbox 481 3921 1985 3986; baseline 0.006 -9"><span class='ocrx_word' id='word_1_492' title='bbox 481 3921 679 3978; x_wconf 84' lang='lat' dir='ltr'>Paulus</span> <span class='ocrx_word' id='word_1_493' title='bbox 723 3932 953 3978; x_wconf 86' lang='lat' dir='ltr'>testatur</span> <span class='ocrx_word' id='word_1_494' title='bbox 994 3925 1220 3980; x_wconf 78' lang='lat' dir='ltr'>traditos</span> <span class='ocrx_word' id='word_1_495' title='bbox 1259 3939 1380 3981; x_wconf 85' lang='lat' dir='ltr'>esse</span> <span class='ocrx_word' id='word_1_496' title='bbox 1423 3926 1477 3981; x_wconf 92' lang='lat' dir='ltr'><strong>in</strong></span> <span class='ocrx_word' id='word_1_497' title='bbox 1523 3928 1851 3986; x_wconf 84' lang='lat' dir='ltr'>intellectum</span> <span class='ocrx_word' id='word_1_498' title='bbox 1894 3947 1985 3986; x_wconf 70' lang='lat' dir='ltr'><strong>re·</strong></span> 
     </span>
     <span class='ocr_line' id='line_1_70' title="bbox 412 4013 1981 4093; baseline 0.006 -25"><span class='ocrx_word' id='word_1_499' title='bbox 412 4013 660 4082; x_wconf 85' lang='lat' dir='ltr'>probum,</span> <span class='ocrx_word' id='word_1_500' title='bbox 702 4023 758 4069; x_wconf 90' lang='lat' dir='ltr'>et</span> <span class='ocrx_word' id='word_1_501' title='bbox 797 4015 850 4070; x_wconf 92' lang='lat' dir='ltr'><strong>in</strong></span> <span class='ocrx_word' id='word_1_502' title='bbox 893 4016 1176 4085; x_wconf 80' lang='lat' dir='ltr'>passiones</span> <span class='ocrx_word' id='word_1_503' title='bbox 1221 4016 1547 4086; x_wconf 79' lang='lat' dir='ltr'>ignominiae,</span> <span class='ocrx_word' id='word_1_504' title='bbox 1599 4037 1618 4072; x_wconf 77' lang='grc' dir='ltr'><strong>ι</strong></span> <span class='ocrx_word' id='word_1_505' title='bbox 1663 4036 1851 4077; x_wconf 87' lang='lat' dir='ltr'>omues</span> <span class='ocrx_word' id='word_1_506' title='bbox 1889 4023 1981 4093; x_wconf 87' lang='lat' dir='ltr'><strong>qui</strong></span> 
     </span>
     <span class='ocr_line' id='line_1_71' title="bbox 413 4104 1983 4180; baseline 0.006 -22"><span class='ocrx_word' id='word_1_507' title='bbox 413 4104 505 4158; x_wconf 86' lang='lat' dir='ltr'><strong>Dei</strong></span> <span class='ocrx_word' id='word_1_508' title='bbox 541 4105 823 4160; x_wconf 83' lang='lat' dir='ltr'>veritatem</span> <span class='ocrx_word' id='word_1_509' title='bbox 845 4104 913 4159; x_wconf 87' lang='lat' dir='ltr'><strong>in</strong></span> <span class='ocrx_word' id='word_1_510' title='bbox 952 4106 1288 4161; x_wconf 90' lang='lat' dir='ltr'>mendacium</span> <span class='ocrx_word' id='word_1_511' title='bbox 1327 4118 1640 4176; x_wconf 80' lang='lat' dir='ltr'>mutarum3</span> <span class='ocrx_word' id='word_1_512' title='bbox 1676 4111 1766 4180; x_wconf 85' lang='lat' dir='ltr'><strong>qui</strong></span> <span class='ocrx_word' id='word_1_513' title='bbox 1803 4122 1858 4166; x_wconf 89' lang='lat' dir='ltr'>et</span> <span class='ocrx_word' id='word_1_514' title='bbox 1889 4128 1983 4168; x_wconf 89' lang='lat' dir='ltr'><strong>co·</strong></span> 
     </span>
     <span class='ocr_line' id='line_1_72' title="bbox 410 4192 1983 4270; baseline 0.008 -24"><span class='ocrx_word' id='word_1_515' title='bbox 410 4192 630 4248; x_wconf 84' lang='lat' dir='ltr'>luerunt</span> <span class='ocrx_word' id='word_1_516' title='bbox 667 4203 721 4248; x_wconf 90' lang='lat' dir='ltr'>et</span> <span class='ocrx_word' id='word_1_517' title='bbox 760 4195 1066 4249; x_wconf 85' lang='lat' dir='ltr'>servierunt</span> <span class='ocrx_word' id='word_1_518' title='bbox 1106 4205 1370 4251; x_wconf 81' lang='lat' dir='ltr'>creaturae</span> <span class='ocrx_word' id='word_1_519' title='bbox 1409 4199 1586 4266; x_wconf 80' lang='lat' dir='ltr'>potius</span> <span class='ocrx_word' id='word_1_520' title='bbox 1623 4216 1784 4270; x_wconf 70' lang='lat' dir='ltr'>quiam</span> <span class='ocrx_word' id='word_1_521' title='bbox 1823 4202 1983 4258; x_wconf 84' lang='lat' dir='ltr'>Crea-</span> 
     </span>
     <span class='ocr_line' id='line_1_73' title="bbox 413 4279 1980 4348; baseline 0.008 -15"><span class='ocrx_word' id='word_1_522' title='bbox 413 4279 548 4345; x_wconf 88' lang='lat' dir='ltr'>tori,</span> <span class='ocrx_word' id='word_1_523' title='bbox 601 4279 694 4348; x_wconf 84' lang='lat' dir='ltr'><strong>qui</strong></span> <span class='ocrx_word' id='word_1_524' title='bbox 744 4287 827 4333; x_wconf 87' lang='lat' dir='ltr'><strong>est</strong></span> <span class='ocrx_word' id='word_1_525' title='bbox 859 4279 1174 4336; x_wconf 82' lang='lat' dir='ltr'>benedictus</span> <span class='ocrx_word' id='word_1_526' title='bbox 1201 4284 1256 4336; x_wconf 93' lang='lat' dir='ltr'><strong>in</strong></span> <span class='ocrx_word' id='word_1_527' title='bbox 1306 4287 1520 4340; x_wconf 69' lang='lat' dir='ltr'>saecula.</span> <span class='ocrx_word' id='word_1_528' title='bbox 1560 4288 1731 4342; x_wconf 79' lang='lat' dir='ltr'>Amen</span> <span class='ocrx_word' id='word_1_529' title='bbox 1758 4289 1823 4342; x_wconf 78' lang='lat'><strong>⁸⁸.</strong></span> <span class='ocrx_word' id='word_1_530' title='bbox 1864 4310 1883 4343; x_wconf 75' lang='grc' dir='ltr'><strong>ι</strong></span> <span class='ocrx_word' id='word_1_531' title='bbox 1924 4289 1980 4347; x_wconf 88' lang='lat' dir='ltr'><strong>Si</strong></span> 
     </span>
     <span class='ocr_line' id='line_1_74' title="bbox 410 4365 1980 4446; baseline 0.008 -23"><span class='ocrx_word' id='word_1_532' title='bbox 410 4380 543 4437; x_wconf 71' lang='lat' dir='ltr'>ergo</span> <span class='ocrx_word' id='word_1_533' title='bbox 569 4365 818 4421; x_wconf 88' lang='lat' dir='ltr'>immutat</span> <span class='ocrx_word' id='word_1_534' title='bbox 847 4368 1128 4424; x_wconf 80' lang='lat' dir='ltr'>veritatem</span> <span class='ocrx_word' id='word_1_535' title='bbox 1170 4372 1224 4424; x_wconf 91' lang='lat' dir='ltr'><strong>iu</strong></span> <span class='ocrx_word' id='word_1_536' title='bbox 1253 4373 1590 4429; x_wconf 81' lang='lat' dir='ltr'>mendacium</span> <span class='ocrx_word' id='word_1_537' title='bbox 1632 4376 1724 4446; x_wconf 86' lang='lat' dir='ltr'><strong>qui</strong></span> <span class='ocrx_word' id='word_1_538' title='bbox 1763 4390 1980 4435; x_wconf 87' lang='lat' dir='ltr'>creatu-</span> 
     </span>
     <span class='ocr_line' id='line_1_75' title="bbox 411 4457 1979 4530; baseline 0.01 -18"><span class='ocrx_word' id='word_1_539' title='bbox 411 4472 530 4513; x_wconf 81' lang='lat' dir='ltr'><strong>ram</strong></span> <span class='ocrx_word' id='word_1_540' title='bbox 561 4457 688 4514; x_wconf 87' lang='lat' dir='ltr'>colit</span> <span class='ocrx_word' id='word_1_541' title='bbox 716 4459 894 4529; x_wconf 85' lang='lat' dir='ltr'>potius</span> <span class='ocrx_word' id='word_1_542' title='bbox 919 4474 1083 4530; x_wconf 82' lang='lat' dir='ltr'>quam</span> <span class='ocrx_word' id='word_1_543' title='bbox 1114 4460 1316 4529; x_wconf 82' lang='lat' dir='ltr'>Deum,</span> <span class='ocrx_word' id='word_1_544' title='bbox 1348 4475 1499 4521; x_wconf 86' lang='lat' dir='ltr'>certe</span> <span class='ocrx_word' id='word_1_545' title='bbox 1529 4467 1809 4524; x_wconf 70' lang='lat' dir='ltr'>veritatem</span> <span class='ocrx_word' id='word_1_546' title='bbox 1839 4472 1979 4527; x_wconf 80' lang='lat' dir='ltr'>lute-</span> 
     </span>
     <span class='ocr_line' id='line_1_76' title="bbox 411 4551 1976 4627; baseline 0.008 -25"><span class='ocrx_word' id='word_1_547' title='bbox 411 4563 563 4619; x_wconf 65' lang='grc' dir='ltr'><strong>μοι.</strong></span> <span class='ocrx_word' id='word_1_548' title='bbox 605 4559 892 4605; x_wconf 74' lang='lat' dir='ltr'>conservat</span> <span class='ocrx_word' id='word_1_549' title='bbox 931 4552 1023 4621; x_wconf 87' lang='lat' dir='ltr'><strong>qui</strong></span> <span class='ocrx_word' id='word_1_550' title='bbox 1056 4551 1109 4606; x_wconf 89' lang='lat' dir='ltr'><strong>id</strong></span> <span class='ocrx_word' id='word_1_551' title='bbox 1139 4566 1246 4608; x_wconf 89' lang='lat' dir='ltr'><strong>nou</strong></span> <span class='ocrx_word' id='word_1_552' title='bbox 1276 4551 1436 4621; x_wconf 74' lang='lat' dir='ltr'>facit,</span> <span class='ocrx_word' id='word_1_553' title='bbox 1479 4556 1575 4611; x_wconf 86' lang='lat' dir='ltr'><strong>sed</strong></span> <span class='ocrx_word' id='word_1_554' title='bbox 1607 4558 1815 4627; x_wconf 87' lang='lat' dir='ltr'>potius,</span> <span class='ocrx_word' id='word_1_555' title='bbox 1845 4575 1976 4615; x_wconf 88' lang='lat' dir='ltr'>con-</span> 
     </span>
     <span class='ocr_line' id='line_1_77' title="bbox 412 4639 1973 4709; baseline 0.008 -15"><span class='ocrx_word' id='word_1_556' title='bbox 412 4648 497 4695; x_wconf 86' lang='lat' dir='ltr'><strong>tra</strong></span> <span class='ocrx_word' id='word_1_557' title='bbox 527 4655 688 4709; x_wconf 85' lang='lat' dir='ltr'>quam</span> <span class='ocrx_word' id='word_1_558' title='bbox 719 4639 799 4697; x_wconf 88' lang='lat' dir='ltr'>illi</span> <span class='ocrx_word' id='word_1_559' title='bbox 824 4652 1095 4707; x_wconf 85' lang='lat' dir='ltr'>errantes,</span> <span class='ocrx_word' id='word_1_560' title='bbox 1126 4655 1425 4700; x_wconf 78' lang='lat' dir='ltr'>creatorem</span> <span class='ocrx_word' id='word_1_561' title='bbox 1453 4654 1510 4702; x_wconf 85' lang='lat' dir='ltr'>et</span> <span class='ocrx_word' id='word_1_562' title='bbox 1536 4646 1794 4706; x_wconf 73' lang='lat' dir='ltr'>factorem</span> <span class='ocrx_word' id='word_1_563' title='bbox 1823 4653 1973 4707; x_wconf 85' lang='lat' dir='ltr'>colit.</span> 
     </span>
     <span class='ocr_line' id='line_1_78' title="bbox 409 4728 1975 4810; baseline 0.008 -25"><span class='ocrx_word' id='word_1_564' title='bbox 409 4728 637 4786; x_wconf 87' lang='lat' dir='ltr'>Creator</span> <span class='ocrx_word' id='word_1_565' title='bbox 665 4739 847 4787; x_wconf 83' lang='lat' dir='ltr'>autem</span> <span class='ocrx_word' id='word_1_566' title='bbox 879 4740 937 4787; x_wconf 91' lang='lat' dir='ltr'>et</span> <span class='ocrx_word' id='word_1_567' title='bbox 969 4730 1144 4788; x_wconf 76' lang='lat' dir='ltr'>factor</span> <span class='ocrx_word' id='word_1_568' title='bbox 1174 4746 1259 4788; x_wconf 83' lang='lat' dir='ltr'><strong>est</strong></span> <span class='ocrx_word' id='word_1_569' title='bbox 1291 4734 1490 4806; x_wconf 78' lang='lat' dir='ltr'>Filius,</span> <span class='ocrx_word' id='word_1_570' title='bbox 1526 4740 1805 4810; x_wconf 85' lang='lat' dir='ltr'>ipsumque</span> <span class='ocrx_word' id='word_1_571' title='bbox 1839 4744 1975 4798; x_wconf 85' lang='lat' dir='ltr'>coli-</span> 
     </span>
     <span class='ocr_line' id='line_1_79' title="bbox 410 4821 1976 4898; baseline 0.01 -25"><span class='ocrx_word' id='word_1_572' title='bbox 410 4835 531 4874; x_wconf 81' lang='lat' dir='ltr'><strong>mus</strong></span> <span class='ocrx_word' id='word_1_573' title='bbox 568 4830 822 4892; x_wconf 86' lang='lat' dir='ltr'>tanquam</span> <span class='ocrx_word' id='word_1_574' title='bbox 857 4824 1097 4878; x_wconf 88' lang='lat' dir='ltr'>omnium</span> <span class='ocrx_word' id='word_1_575' title='bbox 1136 4821 1436 4881; x_wconf 81' lang='lat' dir='ltr'>Dominum.</span> <span class='ocrx_word' id='word_1_576' title='bbox 1470 4826 1655 4898; x_wconf 81' lang='lat' dir='ltr'>Neque</span> <span class='ocrx_word' id='word_1_577' title='bbox 1683 4834 1826 4888; x_wconf 85' lang='lat' dir='ltr'>euim</span> <span class='ocrx_word' id='word_1_578' title='bbox 1859 4850 1976 4890; x_wconf 85' lang='lat' dir='ltr'><strong>am-</strong></span> 
     </span>
     <span class='ocr_line' id='line_1_80' title="bbox 412 4911 1974 4982; baseline 0.012 -18"><span class='ocrx_word' id='word_1_579' title='bbox 412 4911 550 4981; x_wconf 83' lang='lat' dir='ltr'>plius</span> <span class='ocrx_word' id='word_1_580' title='bbox 593 4925 873 4980; x_wconf 79' lang='lat' dir='ltr'>erramus.</span> <span class='ocrx_word' id='word_1_581' title='bbox 915 4916 1196 4972; x_wconf 73' lang='lat' dir='ltr'>veritatem</span> <span class='ocrx_word' id='word_1_582' title='bbox 1242 4934 1297 4973; x_wconf 84' lang='lat' dir='ltr'>tn</span> <span class='ocrx_word' id='word_1_583' title='bbox 1347 4921 1685 4979; x_wconf 86' lang='lat' dir='ltr'>mendacium</span> <span class='ocrx_word' id='word_1_584' title='bbox 1726 4941 1974 4982; x_wconf 86' lang='lat' dir='ltr'>commu-</span> 
     </span>
     <span class='ocr_line' id='line_1_81' title="bbox 413 5000 1973 5090; baseline 0.01 -33"><span class='ocrx_word' id='word_1_585' title='bbox 413 5013 610 5059; x_wconf 74' lang='lat' dir='ltr'>tantes.</span> <span class='ocrx_word' id='word_1_586' title='bbox 647 5000 767 5058; x_wconf 78' lang='lat' dir='ltr'>Non</span> <span class='ocrx_word' id='word_1_587' title='bbox 808 5013 895 5060; x_wconf 81' lang='lat' dir='ltr'><strong>est</strong></span> <span class='ocrx_word' id='word_1_588' title='bbox 934 5006 1098 5077; x_wconf 76' lang='lat' dir='ltr'>igitur</span> <span class='ocrx_word' id='word_1_589' title='bbox 1130 5019 1411 5078; x_wconf 67' lang='lat' dir='ltr'>creatum,</span> <span class='ocrx_word' id='word_1_590' title='bbox 1447 5015 1539 5083; x_wconf 90' lang='lat' dir='ltr'><strong>qui</strong></span> <span class='ocrx_word' id='word_1_591' title='bbox 1581 5026 1768 5074; x_wconf 84' lang='lat' dir='ltr'>contra</span> <span class='ocrx_word' id='word_1_592' title='bbox 1811 5035 1973 5090; x_wconf 77' lang='lat' dir='ltr'>quam</span> 
     </span>
     <span class='ocr_line' id='line_1_82' title="bbox 410 5095 1976 5177; baseline 0.013 -28"><span class='ocrx_word' id='word_1_593' title='bbox 410 5104 676 5150; x_wconf 67' lang='lat' dir='ltr'>creatura</span> <span class='ocrx_word' id='word_1_594' title='bbox 708 5095 930 5165; x_wconf 78' lang='lat' dir='ltr'>perinde</span> <span class='ocrx_word' id='word_1_595' title='bbox 957 5110 1212 5155; x_wconf 78' lang='lat' dir='ltr'>censetur</span> <span class='ocrx_word' id='word_1_596' title='bbox 1244 5113 1461 5160; x_wconf 84' lang='lat' dir='ltr'>creator</span> <span class='ocrx_word' id='word_1_597' title='bbox 1493 5121 1558 5162; x_wconf 74' lang='lat' dir='ltr'><strong>ac</strong></span> <span class='ocrx_word' id='word_1_598' title='bbox 1591 5107 1770 5177; x_wconf 81' lang='lat' dir='ltr'>Pater,</span> <span class='ocrx_word' id='word_1_599' title='bbox 1803 5121 1858 5167; x_wconf 88' lang='lat' dir='ltr'>et</span> <span class='ocrx_word' id='word_1_600' title='bbox 1891 5123 1976 5169; x_wconf 85' lang='lat' dir='ltr'><strong>est</strong></span> 
     </span>
    </p>
   </div>
   <div class='ocr_carea' id='block_1_13' title="bbox 406 5182 1298 5353">
    <p class='ocr_par' dir='ltr' id='par_1_14' title="bbox 406 5182 1298 5353">
     <span class='ocr_line' id='line_1_83' title="bbox 406 5182 1265 5247; baseline 0.007 -8"><span class='ocrx_word' id='word_1_601' title='bbox 406 5182 719 5239; x_wconf 82' lang='lat' dir='ltr'>benedictus</span> <span class='ocrx_word' id='word_1_602' title='bbox 747 5186 801 5240; x_wconf 89' lang='lat' dir='ltr'><strong>in</strong></span> <span class='ocrx_word' id='word_1_603' title='bbox 830 5186 1046 5242; x_wconf 74' lang='lat' dir='ltr'>saecuIa.</span> <span class='ocrx_word' id='word_1_604' title='bbox 1073 5191 1265 5247; x_wconf 71' lang='lat' dir='ltr'>Amen.</span> 
     </span>
     <span class='ocr_line' id='line_1_84' title="bbox 1072 5296 1298 5353; baseline 0.022 -4"><span class='ocrx_word' id='word_1_605' title='bbox 1072 5296 1298 5353; x_wconf 74' lang='lat' dir='ltr'>ALlUD.</span> 
     </span>
    </p>
   </div>
   <div class='ocr_carea' id='block_1_14' title="bbox 397 5401 1963 5662">
    <p class='ocr_par' dir='ltr' id='par_1_15' title="bbox 397 5401 1963 5662">
     <span class='ocr_line' id='line_1_85' title="bbox 472 5401 1963 5484; baseline 0.015 -28"><span class='ocrx_word' id='word_1_606' title='bbox 472 5401 550 5457; x_wconf 80' lang='lat' dir='ltr'><strong>Do</strong></span> <span class='ocrx_word' id='word_1_607' title='bbox 585 5403 654 5458; x_wconf 81' lang='lat' dir='ltr'><strong>iis</strong></span> <span class='ocrx_word' id='word_1_608' title='bbox 688 5405 780 5474; x_wconf 85' lang='lat' dir='ltr'><strong>qui</strong></span> <span class='ocrx_word' id='word_1_609' title='bbox 821 5406 1020 5461; x_wconf 71' lang='lat' dir='ltr'>nullam</span> <span class='ocrx_word' id='word_1_610' title='bbox 1058 5409 1124 5465; x_wconf 89' lang='lat' dir='ltr'>de</span> <span class='ocrx_word' id='word_1_611' title='bbox 1167 5413 1401 5479; x_wconf 84' lang='lat' dir='ltr'>peccatis</span> <span class='ocrx_word' id='word_1_612' title='bbox 1439 5428 1553 5472; x_wconf 76' lang='lat' dir='ltr'>suis</span> <span class='ocrx_word' id='word_1_613' title='bbox 1590 5422 1963 5484; x_wconf 79' lang='lat' dir='ltr'>poeuitentiam</span> 
     </span>
     <span class='ocr_line' id='line_1_86' title="bbox 397 5495 1962 5572; baseline 0.015 -24"><span class='ocrx_word' id='word_1_614' title='bbox 397 5500 585 5563; x_wconf 67' lang='lat' dir='ltr'>agunt,</span> <span class='ocrx_word' id='word_1_615' title='bbox 619 5495 715 5550; x_wconf 74' lang='lat' dir='ltr'>sed</span> <span class='ocrx_word' id='word_1_616' title='bbox 757 5496 1110 5554; x_wconf 71' lang='lat' dir='ltr'>indissolubili</span> <span class='ocrx_word' id='word_1_617' title='bbox 1157 5503 1386 5569; x_wconf 83' lang='lat' dir='ltr'>quodam</span> <span class='ocrx_word' id='word_1_618' title='bbox 1423 5508 1636 5564; x_wconf 81' lang='lat' dir='ltr'>viuculo</span> <span class='ocrx_word' id='word_1_619' title='bbox 1669 5513 1812 5568; x_wconf 78' lang='lat' dir='ltr'>vitiis</span> <span class='ocrx_word' id='word_1_620' title='bbox 1850 5516 1962 5572; x_wconf 80' lang='lat' dir='ltr'>suis</span> 
     </span>
     <span class='ocr_line' id='line_1_87' title="bbox 398 5583 1957 5662; baseline 0.013 -23"><span class='ocrx_word' id='word_1_621' title='bbox 398 5583 595 5641; x_wconf 72' lang='lat' dir='ltr'>nuexi</span> <span class='ocrx_word' id='word_1_622' title='bbox 622 5592 780 5652; x_wconf 74' lang='lat' dir='ltr'>suut,</span> <span class='ocrx_word' id='word_1_623' title='bbox 809 5586 1007 5645; x_wconf 78' lang='lat' dir='ltr'>Paulus</span> <span class='ocrx_word' id='word_1_624' title='bbox 1034 5589 1109 5644; x_wconf 87' lang='lat' dir='ltr'><strong>ita</strong></span> <span class='ocrx_word' id='word_1_625' title='bbox 1141 5590 1378 5662; x_wconf 88' lang='lat' dir='ltr'>loquitur</span> <span class='ocrx_word' id='word_1_626' title='bbox 1407 5613 1421 5649; x_wconf 73' lang='grc' dir='ltr'><strong><em>ε</em></strong></span> <span class='ocrx_word' id='word_1_627' title='bbox 1459 5615 1478 5647; x_wconf 79' lang='grc' dir='ltr'><strong>ι</strong></span> <span class='ocrx_word' id='word_1_628' title='bbox 1517 5598 1825 5657; x_wconf 84' lang='lat' dir='ltr'>Secundum</span> <span class='ocrx_word' id='word_1_629' title='bbox 1856 5622 1957 5660; x_wconf 81' lang='lat' dir='ltr'>nu·-</span> 
     </span>
    </p>
   </div>
   <div class='ocr_carea' id='block_1_15' title="bbox 2082 3270 3680 3893">
    <p class='ocr_par' dir='ltr' id='par_1_16' title="bbox 2082 3270 3680 3799">
     <span class='ocr_line' id='line_1_88' title="bbox 2083 3270 3672 3355; baseline 0.004 -30"><span class='ocrx_word' id='word_1_630' title='bbox 2083 3270 2174 3326; x_wconf 83' lang='grc' dir='ltr'><strong>τὸν</strong></span> <span class='ocrx_word' id='word_1_631' title='bbox 2195 3273 2253 3355; x_wconf 71' lang='grc' dir='ltr'><strong>ἐν</strong></span> <span class='ocrx_word' id='word_1_632' title='bbox 2275 3275 2386 3337; x_wconf 83' lang='grc' dir='ltr'><strong>τοῖς</strong></span> <span class='ocrx_word' id='word_1_633' title='bbox 2412 3270 2685 3344; x_wconf 78' lang='grc' dir='ltr'><strong>οὐρανοῖς.</strong></span> <span class='ocrx_word' id='word_1_634' title='bbox 2721 3295 2739 3328; x_wconf 71' lang='grc' dir='ltr'><strong>ι</strong></span> <span class='ocrx_word' id='word_1_635' title='bbox 2785 3276 2860 3328; x_wconf 84' lang='grc' dir='ltr'><strong>Ού</strong></span> <span class='ocrx_word' id='word_1_636' title='bbox 2892 3276 2999 3345; x_wconf 64' lang='grc' dir='ltr'><strong>γὰρ</strong></span> <span class='ocrx_word' id='word_1_637' title='bbox 3018 3279 3132 3339; x_wconf 85' lang='grc' dir='ltr'><strong>τοῖς</strong></span> <span class='ocrx_word' id='word_1_638' title='bbox 3164 3277 3440 3347; x_wconf 80' lang='grc' dir='ltr'><strong>μαθηταῖς</strong></span> <span class='ocrx_word' id='word_1_639' title='bbox 3470 3277 3572 3349; x_wconf 73' lang='grc' dir='ltr'><strong>τὴν</strong></span> <span class='ocrx_word' id='word_1_640' title='bbox 3591 3276 3672 3348; x_wconf 72' lang='grc' dir='ltr'><strong>ἐφ’</strong></span> 
     </span>
     <span class='ocr_line' id='line_1_89' title="bbox 2084 3357 3674 3440; baseline 0.004 -23"><span class='ocrx_word' id='word_1_641' title='bbox 2084 3357 2166 3426; x_wconf 76' lang='grc' dir='ltr'><strong>οἷς</strong></span> <span class='ocrx_word' id='word_1_642' title='bbox 2198 3363 2541 3435; x_wconf 79' lang='grc' dir='ltr'><strong>εὐδοκιμοῦσι</strong></span> <span class='ocrx_word' id='word_1_643' title='bbox 2589 3364 2772 3430; x_wconf 82' lang='grc' dir='ltr'><strong>δόξαν,</strong></span> <span class='ocrx_word' id='word_1_644' title='bbox 2827 3367 3146 3420; x_wconf 88' lang='grc' dir='ltr'><strong>ἀνακεῖσθαι</strong></span> <span class='ocrx_word' id='word_1_645' title='bbox 3188 3369 3298 3422; x_wconf 83' lang='grc' dir='ltr'><strong>δεῖν</strong></span> <span class='ocrx_word' id='word_1_646' title='bbox 3347 3367 3674 3440; x_wconf 72' lang='grc' dir='ltr'><strong>ἐδοκίμασε·</strong></span> 
     </span>
     <span class='ocr_line' id='line_1_90' title="bbox 2084 3447 3679 3530; baseline 0.008 -29"><span class='ocrx_word' id='word_1_647' title='bbox 2084 3447 2205 3520; x_wconf 83' lang='grc' dir='ltr'><strong>Θεῷ</strong></span> <span class='ocrx_word' id='word_1_648' title='bbox 2234 3448 2292 3502; x_wconf 85' lang='grc' dir='ltr'><strong>δέ</strong></span> <span class='ocrx_word' id='word_1_649' title='bbox 2324 3450 2523 3519; x_wconf 79' lang='grc' dir='ltr'><strong>μᾶλλον</strong></span> <span class='ocrx_word' id='word_1_650' title='bbox 2552 3452 2628 3513; x_wconf 81' lang='grc' dir='ltr'><strong>ὡς</strong></span> <span class='ocrx_word' id='word_1_651' title='bbox 2672 3452 2821 3522; x_wconf 79' lang='grc' dir='ltr'><strong>αὐτῷ</strong></span> <span class='ocrx_word' id='word_1_652' title='bbox 2854 3455 3332 3528; x_wconf 83' lang='grc' dir='ltr'><strong>χρεωστουμένην.</strong></span> <span class='ocrx_word' id='word_1_653' title='bbox 3364 3457 3431 3512; x_wconf 77' lang='lat' dir='ltr'><strong>Et</strong></span> <span class='ocrx_word' id='word_1_654' title='bbox 3456 3458 3516 3512; x_wconf 71' lang='grc' dir='ltr'><strong>δὲ</strong></span> <span class='ocrx_word' id='word_1_655' title='bbox 3541 3456 3679 3530; x_wconf 73' lang='grc' dir='ltr'><strong>χρῆ·</strong></span> 
     </span>
     <span class='ocr_line' id='line_1_91' title="bbox 2083 3535 3680 3614; baseline 0.007 -22"><span class='ocrx_word' id='word_1_656' title='bbox 2083 3554 2173 3592; x_wconf 86' lang='grc' dir='ltr'><strong>ναι</strong></span> <span class='ocrx_word' id='word_1_657' title='bbox 2203 3535 2520 3602; x_wconf 80' lang='grc' dir='ltr'><strong>δοξάζεσθαι</strong></span> <span class='ocrx_word' id='word_1_658' title='bbox 2559 3541 2646 3592; x_wconf 84' lang='grc' dir='ltr'><strong>τὸν</strong></span> <span class='ocrx_word' id='word_1_659' title='bbox 2674 3542 2927 3611; x_wconf 85' lang='grc' dir='ltr'><strong>Χριστὸν,</strong></span> <span class='ocrx_word' id='word_1_660' title='bbox 2960 3543 3035 3606; x_wconf 81' lang='grc' dir='ltr'><strong>ὡς</strong></span> <span class='ocrx_word' id='word_1_661' title='bbox 3074 3544 3475 3614; x_wconf 82' lang='grc' dir='ltr'><strong>ἀποδέδεικται,</strong></span> <span class='ocrx_word' id='word_1_662' title='bbox 3501 3549 3603 3601; x_wconf 70' lang='grc' dir='ltr'><strong>καὶ</strong></span> <span class='ocrx_word' id='word_1_663' title='bbox 3647 3551 3680 3604; x_wconf 85' lang='grc' dir='ltr'><strong>ὁ</strong></span> 
     </span>
     <span class='ocr_line' id='line_1_92' title="bbox 2082 3629 3680 3705; baseline 0.009 -24"><span class='ocrx_word' id='word_1_664' title='bbox 2082 3630 2183 3700; x_wconf 77' lang='grc' dir='ltr'><strong>τῆς</strong></span> <span class='ocrx_word' id='word_1_665' title='bbox 2214 3629 2474 3700; x_wconf 73' lang='grc' dir='ltr'><strong>ἀληθείας</strong></span> <span class='ocrx_word' id='word_1_666' title='bbox 2524 3634 2731 3703; x_wconf 80' lang='grc' dir='ltr'><strong>μάρτυς</strong></span> <span class='ocrx_word' id='word_1_667' title='bbox 2792 3635 2948 3703; x_wconf 74' lang='grc' dir='ltr'><strong>φησὶ,</strong></span> <span class='ocrx_word' id='word_1_668' title='bbox 3005 3636 3120 3699; x_wconf 83' lang='grc' dir='ltr'><strong>πῶς</strong></span> <span class='ocrx_word' id='word_1_669' title='bbox 3157 3637 3255 3690; x_wconf 78' lang='grc' dir='ltr'><strong>οὐκ</strong></span> <span class='ocrx_word' id='word_1_670' title='bbox 3312 3638 3428 3692; x_wconf 79' lang='grc' dir='ltr'><strong>ἔστι</strong></span> <span class='ocrx_word' id='word_1_671' title='bbox 3469 3639 3608 3705; x_wconf 77' lang='grc' dir='ltr'><strong>Θεὸς</strong></span> <span class='ocrx_word' id='word_1_672' title='bbox 3650 3645 3680 3697; x_wconf 87' lang='grc' dir='ltr'><strong>ό</strong></span> 
     </span>
     <span class='ocr_line' id='line_1_93' title="bbox 2083 3721 3293 3799; baseline 0.009 -27"><span class='ocrx_word' id='word_1_673' title='bbox 2083 3722 2183 3791; x_wconf 75' lang='grc' dir='ltr'><strong>τὴν</strong></span> <span class='ocrx_word' id='word_1_674' title='bbox 2209 3721 2328 3792; x_wconf 81' lang='grc' dir='ltr'><strong>Θεῷ</strong></span> <span class='ocrx_word' id='word_1_675' title='bbox 2360 3724 2671 3794; x_wconf 82' lang='grc' dir='ltr'><strong>πρέπουσαν</strong></span> <span class='ocrx_word' id='word_1_676' title='bbox 2704 3726 2859 3792; x_wconf 81' lang='grc' dir='ltr'><strong>δόξαν</strong></span> <span class='ocrx_word' id='word_1_677' title='bbox 2886 3729 3293 3799; x_wconf 82' lang='grc' dir='ltr'><strong>περικείμενος;</strong></span> 
     </span>
    </p>

    <p class='ocr_par' dir='ltr' id='par_1_17' title="bbox 2766 3838 2970 3893">
     <span class='ocr_line' id='line_1_94' title="bbox 2766 3838 2970 3893; baseline 0.02 -4"><span class='ocrx_word' id='word_1_678' title='bbox 2766 3838 2970 3893; x_wconf 67' lang='grc' dir='ltr'><strong>ΑΛΛΟ.</strong></span> 
     </span>
    </p>
   </div>
   <div class='ocr_carea' id='block_1_16' title="bbox 2080 3940 3673 4484">
    <p class='ocr_par' dir='ltr' id='par_1_18' title="bbox 2080 3940 3673 4484">
     <span class='ocr_line' id='line_1_95' title="bbox 2156 3940 3673 4023; baseline 0.014 -32"><span class='ocrx_word' id='word_1_679' title='bbox 2156 3940 2564 4010; x_wconf 84' lang='grc' dir='ltr'><strong>Παραδεδόσθαι</strong></span> <span class='ocrx_word' id='word_1_680' title='bbox 2589 3949 2753 4015; x_wconf 80' lang='grc' dir='ltr'><strong>φησὶν</strong></span> <span class='ocrx_word' id='word_1_681' title='bbox 2778 3949 2807 4001; x_wconf 84' lang='grc' dir='ltr'><strong>ὀ</strong></span> <span class='ocrx_word' id='word_1_682' title='bbox 2836 3951 3105 4023; x_wconf 85' lang='grc' dir='ltr'><strong>μακάριος</strong></span> <span class='ocrx_word' id='word_1_683' title='bbox 3141 3954 3350 4018; x_wconf 84' lang='grc' dir='ltr'><strong>Παῦλος</strong></span> <span class='ocrx_word' id='word_1_684' title='bbox 3379 3956 3461 4020; x_wconf 87' lang='grc' dir='ltr'><strong>είς</strong></span> <span class='ocrx_word' id='word_1_685' title='bbox 3482 3956 3673 4012; x_wconf 81' lang='grc' dir='ltr'><strong>ἀδόκι-</strong></span> 
     </span>
     <span class='ocr_line' id='line_1_96' title="bbox 2086 4034 3668 4116; baseline 0.013 -32"><span class='ocrx_word' id='word_1_686' title='bbox 2086 4048 2187 4102; x_wconf 93' lang='grc' dir='ltr'><strong>μον</strong></span> <span class='ocrx_word' id='word_1_687' title='bbox 2238 4034 2383 4099; x_wconf 85' lang='grc' dir='ltr'><strong>νοῦν,</strong></span> <span class='ocrx_word' id='word_1_688' title='bbox 2440 4038 2535 4089; x_wconf 77' lang='grc' dir='ltr'><strong>καὶ</strong></span> <span class='ocrx_word' id='word_1_689' title='bbox 2590 4040 2669 4101; x_wconf 87' lang='grc' dir='ltr'><strong>είς</strong></span> <span class='ocrx_word' id='word_1_690' title='bbox 2703 4041 2850 4112; x_wconf 83' lang='grc' dir='ltr'><strong>πάθη</strong></span> <span class='ocrx_word' id='word_1_691' title='bbox 2902 4045 3124 4114; x_wconf 85' lang='grc' dir='ltr'><strong>ἀτιμίας</strong></span> <span class='ocrx_word' id='word_1_692' title='bbox 3180 4046 3303 4109; x_wconf 77' lang='grc' dir='ltr'><strong>τοὺς</strong></span> <span class='ocrx_word' id='word_1_693' title='bbox 3331 4046 3668 4116; x_wconf 80' lang='grc' dir='ltr'><strong>ἀλλάξαντας</strong></span> 
     </span>
     <span class='ocr_line' id='line_1_97' title="bbox 2082 4125 3668 4206; baseline 0.012 -28"><span class='ocrx_word' id='word_1_694' title='bbox 2082 4125 2180 4197; x_wconf 82' lang='grc' dir='ltr'><strong>τὴν</strong></span> <span class='ocrx_word' id='word_1_695' title='bbox 2216 4126 2478 4198; x_wconf 81' lang='grc' dir='ltr'><strong>ἀλήθειαν</strong></span> <span class='ocrx_word' id='word_1_696' title='bbox 2506 4131 2601 4184; x_wconf 87' lang='grc' dir='ltr'><strong>τοῦ</strong></span> <span class='ocrx_word' id='word_1_697' title='bbox 2654 4132 2790 4186; x_wconf 90' lang='grc' dir='ltr'><strong>Θεοῦ</strong></span> <span class='ocrx_word' id='word_1_698' title='bbox 2822 4137 2878 4189; x_wconf 89' lang='grc' dir='ltr'><strong>ἐν</strong></span> <span class='ocrx_word' id='word_1_699' title='bbox 2907 4135 2987 4206; x_wconf 81' lang='grc' dir='ltr'><strong>τῷ</strong></span> <span class='ocrx_word' id='word_1_700' title='bbox 3041 4138 3245 4206; x_wconf 74' lang='grc' dir='ltr'><strong>ψεύδει·</strong></span> <span class='ocrx_word' id='word_1_701' title='bbox 3279 4138 3329 4191; x_wconf 86' lang='grc' dir='ltr'><strong>οἳ</strong></span> <span class='ocrx_word' id='word_1_702' title='bbox 3352 4141 3448 4194; x_wconf 73' lang='grc' dir='ltr'><strong>καὶ</strong></span> <span class='ocrx_word' id='word_1_703' title='bbox 3476 4142 3668 4197; x_wconf 61' lang='lat' dir='ltr'>seeo&amp;-</span> 
     </span>
     <span class='ocr_line' id='line_1_98' title="bbox 2085 4215 3660 4299; baseline 0.011 -30"><span class='ocrx_word' id='word_1_704' title='bbox 2085 4215 2292 4287; x_wconf 89' lang='grc' dir='ltr'><strong>σθησαν</strong></span> <span class='ocrx_word' id='word_1_705' title='bbox 2320 4219 2414 4272; x_wconf 73' lang='grc' dir='ltr'><strong>καὶ</strong></span> <span class='ocrx_word' id='word_1_706' title='bbox 2431 4220 2760 4292; x_wconf 81' lang='grc' dir='ltr'><strong>ἐλάτρευσαν</strong></span> <span class='ocrx_word' id='word_1_707' title='bbox 2788 4227 2850 4296; x_wconf 75' lang='grc' dir='ltr'><strong>τῇ</strong></span> <span class='ocrx_word' id='word_1_708' title='bbox 2875 4229 3048 4280; x_wconf 81' lang='grc' dir='ltr'><strong>κτίσει</strong></span> <span class='ocrx_word' id='word_1_709' title='bbox 3084 4230 3234 4299; x_wconf 72' lang='grc' dir='ltr'><strong>παρὰ</strong></span> <span class='ocrx_word' id='word_1_710' title='bbox 3262 4230 3352 4284; x_wconf 80' lang='grc' dir='ltr'><strong>τὸν</strong></span> <span class='ocrx_word' id='word_1_711' title='bbox 3378 4231 3660 4286; x_wconf 79' lang='grc' dir='ltr'><strong>κτίσαντα·</strong></span> 
     </span>
     <span class='ocr_line' id='line_1_99' title="bbox 2080 4305 3666 4392; baseline 0.013 -34"><span class='ocrx_word' id='word_1_712' title='bbox 2080 4305 2139 4370; x_wconf 80' lang='grc' dir='ltr'><strong>ὃς</strong></span> <span class='ocrx_word' id='word_1_713' title='bbox 2194 4307 2487 4380; x_wconf 77' lang='grc' dir='ltr'><strong>εὐλογητὸς</strong></span> <span class='ocrx_word' id='word_1_714' title='bbox 2538 4315 2619 4375; x_wconf 85' lang='grc' dir='ltr'><strong>είς</strong></span> <span class='ocrx_word' id='word_1_715' title='bbox 2664 4314 2793 4377; x_wconf 78' lang='grc' dir='ltr'><strong>τοὺς</strong></span> <span class='ocrx_word' id='word_1_716' title='bbox 2839 4318 3060 4381; x_wconf 79' lang='grc' dir='ltr'><strong>αἰῶνας.</strong></span> <span class='ocrx_word' id='word_1_717' title='bbox 3128 4321 3318 4392; x_wconf 72' lang='grc' dir='ltr'><strong>Ἀμήν.</strong></span> <span class='ocrx_word' id='word_1_718' title='bbox 3364 4321 3425 4375; x_wconf 74' lang='lat' dir='ltr'><strong>Et</strong></span> <span class='ocrx_word' id='word_1_719' title='bbox 3482 4325 3666 4378; x_wconf 84' lang='grc' dir='ltr'><strong>τοίνυν</strong></span> 
     </span>
     <span class='ocr_line' id='line_1_100' title="bbox 2081 4396 3667 4484; baseline 0.014 -34"><span class='ocrx_word' id='word_1_720' title='bbox 2081 4396 2328 4452; x_wconf 84' lang='grc' dir='ltr'><strong>ἀλλάττει</strong></span> <span class='ocrx_word' id='word_1_721' title='bbox 2355 4401 2455 4478; x_wconf 84' lang='grc' dir='ltr'><strong>τὴν</strong></span> <span class='ocrx_word' id='word_1_722' title='bbox 2489 4401 2748 4474; x_wconf 79' lang='grc' dir='ltr'><strong>ἀλήθειαν</strong></span> <span class='ocrx_word' id='word_1_723' title='bbox 2790 4410 2848 4459; x_wconf 88' lang='grc' dir='ltr'><strong>ἐν</strong></span> <span class='ocrx_word' id='word_1_724' title='bbox 2875 4409 2952 4478; x_wconf 81' lang='grc' dir='ltr'><strong>τῷ</strong></span> <span class='ocrx_word' id='word_1_725' title='bbox 2984 4409 3167 4478; x_wconf 76' lang='grc' dir='ltr'><strong>ψεύδει</strong></span> <span class='ocrx_word' id='word_1_726' title='bbox 3192 4414 3220 4464; x_wconf 88' lang='grc' dir='ltr'><strong>ό</strong></span> <span class='ocrx_word' id='word_1_727' title='bbox 3255 4416 3322 4484; x_wconf 77' lang='grc' dir='ltr'><strong>τῇ</strong></span> <span class='ocrx_word' id='word_1_728' title='bbox 3348 4415 3526 4469; x_wconf 86' lang='grc' dir='ltr'><strong>κτίσει</strong></span> <span class='ocrx_word' id='word_1_729' title='bbox 3568 4417 3667 4471; x_wconf 80' lang='grc' dir='ltr'><strong>λα-</strong></span> 
     </span>
    </p>
   </div>
   <div class='ocr_carea' id='block_1_17' title="bbox 2009 4486 3665 4582">
    <p class='ocr_par' dir='ltr' id='par_1_19' title="bbox 2009 4486 3665 4582">
     <span class='ocr_line' id='line_1_101' title="bbox 2009 4486 3665 4582; baseline 0.015 -44"><span class='ocrx_word' id='word_1_730' title='bbox 2009 4515 2054 4571; x_wconf 68' lang='lat' dir='ltr'>n</span> <span class='ocrx_word' id='word_1_731' title='bbox 2082 4486 2291 4558; x_wconf 89' lang='grc' dir='ltr'><strong>τρεύων</strong></span> <span class='ocrx_word' id='word_1_732' title='bbox 2337 4493 2489 4562; x_wconf 75' lang='grc' dir='ltr'><strong>παρὰ</strong></span> <span class='ocrx_word' id='word_1_733' title='bbox 2520 4494 2610 4550; x_wconf 83' lang='grc' dir='ltr'><strong>τὸν</strong></span> <span class='ocrx_word' id='word_1_734' title='bbox 2659 4497 2945 4566; x_wconf 85' lang='grc' dir='ltr'><strong>κτίσαντα,</strong></span> <span class='ocrx_word' id='word_1_735' title='bbox 3013 4503 3267 4570; x_wconf 79' lang='grc' dir='ltr'><strong>φυλάττει</strong></span> <span class='ocrx_word' id='word_1_736' title='bbox 3321 4504 3525 4580; x_wconf 79' lang='grc' dir='ltr'><strong>δηλαδὴ</strong></span> <span class='ocrx_word' id='word_1_737' title='bbox 3560 4510 3665 4582; x_wconf 77' lang='grc' dir='ltr'><strong>τὴν</strong></span> 
     </span>
    </p>
   </div>
   <div class='ocr_carea' id='block_1_18' title="bbox 2078 4574 3665 5206">
    <p class='ocr_par' dir='ltr' id='par_1_20' title="bbox 2078 4574 3665 5206">
     <span class='ocr_line' id='line_1_102' title="bbox 2081 4574 3665 4667; baseline 0.014 -38"><span class='ocrx_word' id='word_1_738' title='bbox 2081 4574 2339 4647; x_wconf 74' lang='grc' dir='ltr'><strong>ἀλήθειαν</strong></span> <span class='ocrx_word' id='word_1_739' title='bbox 2369 4581 2397 4632; x_wconf 87' lang='grc' dir='ltr'>ὁ</span> <span class='ocrx_word' id='word_1_740' title='bbox 2422 4583 2496 4654; x_wconf 79' lang='grc' dir='ltr'><strong>μὴ</strong></span> <span class='ocrx_word' id='word_1_741' title='bbox 2522 4583 2682 4638; x_wconf 86' lang='grc' dir='ltr'><strong>τοῦτο</strong></span> <span class='ocrx_word' id='word_1_742' title='bbox 2708 4588 2895 4652; x_wconf 89' lang='grc' dir='ltr'><strong>ποιῶν,</strong></span> <span class='ocrx_word' id='word_1_743' title='bbox 2923 4589 3035 4641; x_wconf 76' lang='grc' dir='ltr'><strong>ἀλλ’</strong></span> <span class='ocrx_word' id='word_1_744' title='bbox 3074 4592 3133 4658; x_wconf 80' lang='grc' dir='ltr'><strong>ἐξ</strong></span> <span class='ocrx_word' id='word_1_745' title='bbox 3161 4594 3517 4667; x_wconf 80' lang='grc' dir='ltr'><strong>ἀντιστρόφου</strong></span> <span class='ocrx_word' id='word_1_746' title='bbox 3549 4600 3665 4665; x_wconf 79' lang='grc' dir='ltr'><strong>τοῖς</strong></span> 
     </span>
     <span class='ocr_line' id='line_1_103' title="bbox 2080 4667 3665 4760; baseline 0.015 -41"><span class='ocrx_word' id='word_1_747' title='bbox 2080 4667 2454 4740; x_wconf 79' lang='grc' dir='ltr'><strong>πλανωμένοις</strong></span> <span class='ocrx_word' id='word_1_748' title='bbox 2468 4674 2544 4744; x_wconf 85' lang='grc' dir='ltr'><strong>τῷ</strong></span> <span class='ocrx_word' id='word_1_749' title='bbox 2560 4675 2749 4748; x_wconf 79' lang='grc' dir='ltr'><strong>κτίστῃ</strong></span> <span class='ocrx_word' id='word_1_750' title='bbox 2768 4677 3041 4748; x_wconf 87' lang='grc' dir='ltr'><strong>λατρεύων</strong></span> <span class='ocrx_word' id='word_1_751' title='bbox 3061 4682 3155 4734; x_wconf 75' lang='grc' dir='ltr'><strong>καὶ</strong></span> <span class='ocrx_word' id='word_1_752' title='bbox 3178 4688 3395 4757; x_wconf 76' lang='grc' dir='ltr'><strong>ποιητῇ.</strong></span> <span class='ocrx_word' id='word_1_753' title='bbox 3418 4688 3665 4760; x_wconf 78' lang='grc' dir='ltr'><strong>Κτίστης</strong></span> 
     </span>
     <span class='ocr_line' id='line_1_104' title="bbox 2078 4761 3661 4851; baseline 0.013 -38"><span class='ocrx_word' id='word_1_754' title='bbox 2078 4761 2136 4814; x_wconf 78' lang='grc' dir='ltr'><strong>δὲ</strong></span> <span class='ocrx_word' id='word_1_755' title='bbox 2160 4762 2253 4813; x_wconf 75' lang='grc' dir='ltr'><strong>καὶ</strong></span> <span class='ocrx_word' id='word_1_756' title='bbox 2287 4766 2515 4834; x_wconf 79' lang='grc' dir='ltr'><strong>ποιητὴς</strong></span> <span class='ocrx_word' id='word_1_757' title='bbox 2535 4766 2563 4817; x_wconf 87' lang='grc' dir='ltr'>ὁ</span> <span class='ocrx_word' id='word_1_758' title='bbox 2591 4764 2738 4831; x_wconf 78' lang='grc' dir='ltr'><strong>Υίὸς,</strong></span> <span class='ocrx_word' id='word_1_759' title='bbox 2769 4770 2863 4821; x_wconf 77' lang='grc' dir='ltr'><strong>καὶ</strong></span> <span class='ocrx_word' id='word_1_760' title='bbox 2885 4772 3034 4840; x_wconf 82' lang='grc' dir='ltr'><strong>αύτῷ</strong></span> <span class='ocrx_word' id='word_1_761' title='bbox 3063 4772 3397 4844; x_wconf 87' lang='grc' dir='ltr'><strong>λατρεύομεν</strong></span> <span class='ocrx_word' id='word_1_762' title='bbox 3432 4777 3513 4842; x_wconf 81' lang='grc' dir='ltr'><strong>ὡς</strong></span> <span class='ocrx_word' id='word_1_763' title='bbox 3536 4778 3661 4851; x_wconf 77' lang='grc' dir='ltr'><strong>Θεῷ</strong></span> 
     </span>
     <span class='ocr_line' id='line_1_105' title="bbox 2080 4847 3663 4935; baseline 0.014 -36"><span class='ocrx_word' id='word_1_764' title='bbox 2080 4847 2315 4902; x_wconf 84' lang='grc' dir='ltr'><strong>πάντων.</strong></span> <span class='ocrx_word' id='word_1_765' title='bbox 2344 4851 2418 4902; x_wconf 80' lang='grc' dir='ltr'><strong>Οὐ</strong></span> <span class='ocrx_word' id='word_1_766' title='bbox 2474 4851 2582 4924; x_wconf 71' lang='grc' dir='ltr'><strong>γὰρ</strong></span> <span class='ocrx_word' id='word_1_767' title='bbox 2619 4848 2714 4906; x_wconf 63' lang='grc' dir='ltr'><strong>’ἔτι</strong></span> <span class='ocrx_word' id='word_1_768' title='bbox 2765 4856 3097 4930; x_wconf 83' lang='grc' dir='ltr'><strong>πλανώμεθα</strong></span> <span class='ocrx_word' id='word_1_769' title='bbox 3132 4862 3231 4934; x_wconf 68' lang='grc' dir='ltr'><strong>τὴν</strong></span> <span class='ocrx_word' id='word_1_770' title='bbox 3263 4863 3524 4935; x_wconf 75' lang='grc' dir='ltr'><strong>ἀλήθειαν</strong></span> <span class='ocrx_word' id='word_1_771' title='bbox 3556 4868 3663 4922; x_wconf 79' lang='grc' dir='ltr'><strong>οὐκ</strong></span> 
     </span>
     <span class='ocr_line' id='line_1_106' title="bbox 2078 4938 3659 5026; baseline 0.013 -34"><span class='ocrx_word' id='word_1_772' title='bbox 2078 4938 2425 5006; x_wconf 79' lang='grc' dir='ltr'><strong>ἀλλάξαντες.</strong></span> <span class='ocrx_word' id='word_1_773' title='bbox 2454 4942 2663 4998; x_wconf 79' lang='grc' dir='ltr'><strong>Οὐκοῦν</strong></span> <span class='ocrx_word' id='word_1_774' title='bbox 2685 4947 2746 4999; x_wconf 88' lang='grc' dir='ltr'><strong>ού</strong></span> <span class='ocrx_word' id='word_1_775' title='bbox 2775 4949 2985 5019; x_wconf 79' lang='grc' dir='ltr'><strong>ποίημα</strong></span> <span class='ocrx_word' id='word_1_776' title='bbox 3007 4953 3035 5003; x_wconf 87' lang='grc' dir='ltr'><strong>ό</strong></span> <span class='ocrx_word' id='word_1_777' title='bbox 3066 4953 3125 5019; x_wconf 80' lang='grc' dir='ltr'><strong>ἐξ</strong></span> <span class='ocrx_word' id='word_1_778' title='bbox 3157 4955 3517 5026; x_wconf 69' lang='grc' dir='ltr'><strong>ἀντιστρόφου</strong></span> <span class='ocrx_word' id='word_1_779' title='bbox 3542 4960 3659 5024; x_wconf 78' lang='grc' dir='ltr'><strong>τοῖς</strong></span> 
     </span>
     <span class='ocr_line' id='line_1_107' title="bbox 2079 5031 3658 5118; baseline 0.016 -38"><span class='ocrx_word' id='word_1_780' title='bbox 2079 5031 2396 5102; x_wconf 81' lang='grc' dir='ltr'><strong>ποιήμασιν,</strong></span> <span class='ocrx_word' id='word_1_781' title='bbox 2420 5032 2496 5097; x_wconf 85' lang='grc' dir='ltr'><strong>ὡς</strong></span> <span class='ocrx_word' id='word_1_782' title='bbox 2523 5037 2747 5108; x_wconf 85' lang='grc' dir='ltr'><strong>κτίστης</strong></span> <span class='ocrx_word' id='word_1_783' title='bbox 2778 5042 2918 5111; x_wconf 76' lang='grc' dir='ltr'><strong>μετὰ</strong></span> <span class='ocrx_word' id='word_1_784' title='bbox 2949 5046 3160 5116; x_wconf 86' lang='grc' dir='ltr'><strong>Πατρὸς</strong></span> <span class='ocrx_word' id='word_1_785' title='bbox 3204 5047 3514 5118; x_wconf 79' lang='grc' dir='ltr'><strong>νοούμενος,</strong></span> <span class='ocrx_word' id='word_1_786' title='bbox 3560 5053 3658 5104; x_wconf 70' lang='grc' dir='ltr'><strong>καὶ</strong></span> 
     </span>
     <span class='ocr_line' id='line_1_108' title="bbox 2079 5117 3376 5206; baseline 0.015 -38"><span class='ocrx_word' id='word_1_787' title='bbox 2079 5117 2340 5189; x_wconf 83' lang='grc' dir='ltr'><strong>ύπάρχων</strong></span> <span class='ocrx_word' id='word_1_788' title='bbox 2359 5122 2646 5193; x_wconf 84' lang='grc' dir='ltr'><strong>εὐλογητὸς</strong></span> <span class='ocrx_word' id='word_1_789' title='bbox 2674 5127 2754 5189; x_wconf 90' lang='grc' dir='ltr'><strong>είς</strong></span> <span class='ocrx_word' id='word_1_790' title='bbox 2774 5128 2897 5192; x_wconf 78' lang='grc' dir='ltr'><strong>τοὺς</strong></span> <span class='ocrx_word' id='word_1_791' title='bbox 2925 5132 3143 5195; x_wconf 78' lang='grc' dir='ltr'><strong>αἰῶνας.</strong></span> <span class='ocrx_word' id='word_1_792' title='bbox 3185 5134 3376 5206; x_wconf 73' lang='grc' dir='ltr'><strong>Ἀμήν.</strong></span> 
     </span>
    </p>
   </div>
   <div class='ocr_carea' id='block_1_19' title="bbox 2762 5329 2965 5384">
    <p class='ocr_par' dir='ltr' id='par_1_21' title="bbox 2762 5329 2965 5384">
     <span class='ocr_line' id='line_1_109' title="bbox 2762 5329 2965 5384; baseline 0.015 -3"><span class='ocrx_word' id='word_1_793' title='bbox 2762 5329 2965 5384; x_wconf 81' lang='grc' dir='ltr'><strong>ΔΛΛΟ.</strong></span> 
     </span>
    </p>
   </div>
   <div class='ocr_carea' id='block_1_20' title="bbox 2064 5433 3653 5708">
    <p class='ocr_par' dir='ltr' id='par_1_22' title="bbox 2064 5433 3653 5708">
     <span class='ocr_line' id='line_1_110' title="bbox 2144 5433 3653 5522; baseline 0.019 -37"><span class='ocrx_word' id='word_1_794' title='bbox 2144 5433 2286 5503; x_wconf 69' lang='grc' dir='ltr'><strong>Πρὸς</strong></span> <span class='ocrx_word' id='word_1_795' title='bbox 2305 5435 2432 5499; x_wconf 75' lang='grc' dir='ltr'><strong>τοὺς</strong></span> <span class='ocrx_word' id='word_1_796' title='bbox 2452 5437 2543 5490; x_wconf 71' lang='grc' dir='ltr'><strong>ἐπὶ</strong></span> <span class='ocrx_word' id='word_1_797' title='bbox 2573 5441 2683 5502; x_wconf 86' lang='grc' dir='ltr'><strong>τοῖς</strong></span> <span class='ocrx_word' id='word_1_798' title='bbox 2704 5440 2925 5506; x_wconf 73' lang='grc' dir='ltr'><strong>οἰκείοις</strong></span> <span class='ocrx_word' id='word_1_799' title='bbox 2946 5445 3282 5518; x_wconf 87' lang='grc' dir='ltr'><strong>πταίσμασιν</strong></span> <span class='ocrx_word' id='word_1_800' title='bbox 3310 5452 3412 5508; x_wconf 78' lang='grc' dir='ltr'><strong>οὐκ</strong></span> <span class='ocrx_word' id='word_1_801' title='bbox 3441 5456 3653 5522; x_wconf 78' lang='grc' dir='ltr'><strong>εἰδότας</strong></span> 
     </span>
     <span class='ocr_line' id='line_1_111' title="bbox 2073 5525 3650 5611; baseline 0.019 -38"><span class='ocrx_word' id='word_1_802' title='bbox 2073 5525 2372 5591; x_wconf 85' lang='grc' dir='ltr'><strong>μετανοεῖν,</strong></span> <span class='ocrx_word' id='word_1_803' title='bbox 2412 5526 2686 5597; x_wconf 78' lang='grc' dir='ltr'><strong>άρῤηκτον</strong></span> <span class='ocrx_word' id='word_1_804' title='bbox 2741 5529 2797 5583; x_wconf 69' lang='grc' dir='ltr'><strong>δὲ</strong></span> <span class='ocrx_word' id='word_1_805' title='bbox 2854 5530 3043 5603; x_wconf 80' lang='grc' dir='ltr'><strong>ὥσπερ</strong></span> <span class='ocrx_word' id='word_1_806' title='bbox 3098 5538 3385 5606; x_wconf 81' lang='grc' dir='ltr'><strong>ἐπιθέντας</strong></span> <span class='ocrx_word' id='word_1_807' title='bbox 3431 5547 3650 5611; x_wconf 72' lang='grc' dir='ltr'><strong>ἑαυτοῖς</strong></span> 
     </span>
     <span class='ocr_line' id='line_1_112' title="bbox 2064 5612 3647 5708; baseline 0.016 -44"><span class='ocrx_word' id='word_1_808' title='bbox 2064 5612 2165 5682; x_wconf 85' lang='grc' dir='ltr'><strong>τῆς</strong></span> <span class='ocrx_word' id='word_1_809' title='bbox 2195 5615 2527 5708; x_wconf 77' lang='grc' dir='ltr'><strong>φαυλότητος</strong></span> <span class='ocrx_word' id='word_1_810' title='bbox 2553 5619 2643 5672; x_wconf 85' lang='grc' dir='ltr'><strong>τὸν</strong></span> <span class='ocrx_word' id='word_1_811' title='bbox 2670 5621 2888 5692; x_wconf 86' lang='grc' dir='ltr'><strong>δεσμὸν,</strong></span> <span class='ocrx_word' id='word_1_812' title='bbox 2932 5627 2961 5676; x_wconf 88' lang='grc' dir='ltr'><strong>ό</strong></span> <span class='ocrx_word' id='word_1_813' title='bbox 2993 5627 3199 5692; x_wconf 76' lang='grc' dir='ltr'><strong>Παῦλος</strong></span> <span class='ocrx_word' id='word_1_814' title='bbox 3232 5649 3385 5703; x_wconf 71' lang='grc' dir='ltr'><strong>φησι·</strong></span> <span class='ocrx_word' id='word_1_815' title='bbox 3439 5656 3459 5689; x_wconf 78' lang='grc' dir='ltr'><strong>ι</strong></span> <span class='ocrx_word' id='word_1_816' title='bbox 3489 5636 3647 5692; x_wconf 72' lang='grc' dir='ltr'><strong>Κατὰ</strong></span> 
     </span>
    </p>
   </div>
   <div class='ocr_carea' id='block_1_21' title="bbox 467 5733 3080 5844">
    <p class='ocr_par' dir='ltr' id='par_1_23' title="bbox 467 5733 3080 5844">
     <span class='ocr_line' id='line_1_113' title="bbox 467 5733 3080 5844; baseline 0.019 -54"><span class='ocrx_word' id='word_1_817' title='bbox 467 5735 515 5770; x_wconf 82' lang='lat'><strong>⁸⁸</strong></span> <span class='ocrx_word' id='word_1_818' title='bbox 540 5733 697 5795; x_wconf 74' lang='lat' dir='ltr'>Rom.</span> <span class='ocrx_word' id='word_1_819' title='bbox 726 5751 767 5808; x_wconf 87' lang='grc' dir='ltr'><strong>ι,</strong></span> <span class='ocrx_word' id='word_1_820' title='bbox 796 5737 902 5808; x_wconf 77' lang='lat'><strong>18,</strong></span> <span class='ocrx_word' id='word_1_821' title='bbox 937 5739 1020 5796; x_wconf 67' lang='grc' dir='ltr'><strong>ιθ.</strong></span> <span class='ocrx_word' id='word_1_822' title='bbox 1097 5744 1144 5776; x_wconf 77' lang='lat'><strong>⁸⁰</strong></span> <span class='ocrx_word' id='word_1_823' title='bbox 1169 5743 1299 5802; x_wconf 82' lang='lat' dir='ltr'>ibid.</span> <span class='ocrx_word' id='word_1_824' title='bbox 1334 5746 1425 5804; x_wconf 73' lang='lat'><strong>2¹.</strong></span> <span class='ocrx_word' id='word_1_825' title='bbox 1500 5751 1545 5785; x_wconf 75' lang='lat'><strong>⁸·</strong></span> <span class='ocrx_word' id='word_1_826' title='bbox 1582 5751 1726 5811; x_wconf 76' lang='lat' dir='ltr'>Psal.</span> <span class='ocrx_word' id='word_1_827' title='bbox 1770 5773 1941 5819; x_wconf 76' lang='lat' dir='ltr'>xxxii.</span> <span class='ocrx_word' id='word_1_828' title='bbox 1970 5762 2025 5816; x_wconf 81' lang='grc'><strong>6.</strong></span> <span class='ocrx_word' id='word_1_829' title='bbox 2101 5767 2140 5798; x_wconf 74' lang='lat'><strong>³⁸</strong></span> <span class='ocrx_word' id='word_1_830' title='bbox 2186 5767 2368 5826; x_wconf 70' lang='lat' dir='ltr'>Malui.</span> <span class='ocrx_word' id='word_1_831' title='bbox 2399 5787 2449 5840; x_wconf 80' lang='lat' dir='ltr'><strong>v,</strong></span> <span class='ocrx_word' id='word_1_832' title='bbox 2486 5772 2569 5828; x_wconf 75' lang='lat'><strong>¹6.</strong></span> <span class='ocrx_word' id='word_1_833' title='bbox 2651 5776 2693 5807; x_wconf 81' lang='lat'><strong>³¹</strong></span> <span class='ocrx_word' id='word_1_834' title='bbox 2719 5774 2874 5835; x_wconf 68' lang='lat' dir='ltr'>nou».</span> <span class='ocrx_word' id='word_1_835' title='bbox 2910 5795 2952 5844; x_wconf 83' lang='grc' dir='ltr'><strong>ι,</strong></span> <span class='ocrx_word' id='word_1_836' title='bbox 2988 5781 3080 5840; x_wconf 74' lang='lat'><strong>25.</strong></span> 
     </span>
    </p>
   </div>
  </div>
 </body>
</html>
