3809 6125
409 244 487 317 95
1441 244 1504 301 S.
1542 240 1821 301 cvnmu
1857 234 2329 298 Alassxfflmtml
2363 232 2684 295 ancum).
2784 241 2788 246 '
3604 228 3675 287 OG

410 364 710 429 exstitisse,
743 364 844 420 sed
874 363 1045 424 veluti
1082 378 1151 419 ex
1196 362 1502 421 mutatione
1521 363 1756 434 quadam
1786 375 1852 419 eo
1883 371 1997 418 tra·
2023 365 2069 423 Δ
2095 377 2243 425 τινος
2275 356 2581 429 μεταδολῆς
2614 354 2695 418 είς
2757 348 2917 406 τοῦτο
2977 344 3256 421 παρῆλθεν
3308 344 3679 418 ἀποκυήσασα

412 456 634 512 ductam
663 454 834 511 fuisse
860 463 922 510 ut
955 455 1204 527 gigneret
1228 450 1443 512 Filium.
1480 452 1539 510 Si
1573 467 1702 510 vero
1737 452 1790 510 id
1817 461 1875 511 et
1897 466 1993 509 co-

413 546 590 619 gitatu
615 553 672 612 et
703 544 850 602 dictu
886 545 1112 616 impium
1138 552 1245 613 est,
1275 560 1345 603 ne
1388 544 1545 610 illud,
1584 543 1897 610 Voluntate,
1920 556 1993 598 an

414 652 542 705 non,
567 636 635 694 de
658 635 798 694 Filio
822 636 1107 707 objiciant.
1135 636 1291 693 Sicut
1307 637 1457 694 enim
1490 636 1650 692 Pater
1670 633 1996 695 naturaliter

415 735 500 786 est
535 726 732 798 bouus,
760 728 835 783 ita
858 728 1024 783 etiam
1043 725 1365 784 naturaliter
1385 725 1757 799 generativus.

805 858 1033 930 Auno,
1072 861 1145 917 ad
1181 860 1604 933 explicationem.

487 968 547 1026 Si
577 969 760 1027 omnis
788 969 1038 1027 voluntas
1064 984 1186 1039 quae
1214 969 1268 1027 in
1301 984 1573 1042 quoquam
1604 968 1664 1026 lit
1720 983 1828 1027 non
1875 971 2000 1027 abs-

418 1075 524 1133 que
551 1063 719 1119 verbo
757 1062 819 1119 iit
857 1061 1143 1135 (voluntas
1172 1062 1317 1119 enim
1350 1072 1436 1120 est
1464 1064 1691 1120 verbum
1727 1061 1999 1119 occultum

420 1154 565 1226 quod
598 1154 654 1211 in
689 1155 855 1211 corde
891 1154 1193 1228 agitatur),
1225 1152 1400 1209 Filius
1433 1162 1615 1209 autem
1647 1161 1733 1210 est
1766 1151 2001 1209 Verbum

420 1245 628 1312 Patris,
661 1245 804 1303 idem
834 1245 1000 1317 igitur
1026 1246 1191 1302 etiam
1221 1253 1307 1302 est
1333 1244 1587 1301 voluntas
1615 1244 1805 1314 ipsius.
1834 1242 2002 1313 Atqui

421 1350 530 1407 quo
556 1345 714 1406 pacto
735 1335 988 1391 voluntas
1018 1334 1073 1391 in
1099 1336 1374 1391 voluntate
1401 1334 1504 1390 sst?
1520 1342 1614 1389 aut
1644 1334 1735 1405 qui
1761 1334 2002 1390 Verbum

424 1428 478 1482 in
499 1427 716 1483 Verbo?
741 1424 934 1482 Omnia
965 1425 1135 1497 igitur
1159 1425 1275 1482 hoec
1302 1435 1386 1482 est
1412 1424 1583 1481 Filius
1608 1423 1758 1480 Patri
1789 1441 1807 1479 t
1830 1431 1886 1480 et
1913 1437 2004 1479 vo·

422 1513 603 1571 luntas
630 1524 684 1571 et
709 1514 970 1581 Verbum,
1004 1526 1059 1571 et
1086 1514 1354 1586 sapientia
1388 1530 1406 1571 ι
1437 1513 1683 1584 nihilque
1709 1522 1794 1570 est
1822 1512 1876 1569 in
1901 1511 2006 1567 Pa-

427 1614 510 1661 tre
536 1615 665 1662 ante
691 1606 890 1677 ipsum.

997 1715 1210 1772 Amul)
1245 1714 1439 1772 simile.

498 1825 672 1883 liabet
713 1826 815 1882 sibi
861 1828 1023 1883 homo
1061 1826 1384 1883 naturaliter
1419 1825 1636 1882 insitam
1682 1823 2005 1895 procreandi

428 1918 571 1975 lilios
607 1927 967 1990 potestatem,
1009 1927 1063 1976 et
1102 1933 1209 1974 non
1250 1916 1705 1989 quemadmodum
1745 1919 1907 1973 bomo
1937 1931 2004 1973 ex

427 2009 709 2068 voluntate
741 2020 827 2068 est
859 2010 1034 2067 bonus
1064 2017 1158 2066 aut
1189 2009 1393 2075 malus,
1424 2008 1500 2064 ita
1527 2008 1692 2065 etiam
1725 2021 1794 2063 ex
1822 2005 2009 2063 volun-

429 2109 539 2156 tate
560 2109 645 2157 est
672 2109 843 2171 pater.
873 2100 978 2158 Sed
1006 2102 1111 2157 hoc
1133 2115 1199 2158 ex
1229 2108 1420 2156 natura
1436 2138 1453 2166 ,
1479 2097 1613 2156 illud
1636 2113 1702 2156 ex
1727 2098 2007 2155 voluntate

428 2190 608 2246 babet.
639 2190 706 2246 Et
737 2189 884 2247 illius
915 2189 1132 2261 quidem
1163 2188 1368 2245 domini
1401 2200 1621 2255 sumus;
1654 2186 1711 2242 in
1743 2186 1847 2241 boc
1878 2200 2008 2243 vero

429 2289 687 2351 perpetua
735 2290 900 2352 atque
945 2278 1408 2337 incommutabilis
1459 2285 1668 2334 natura·
1713 2277 1801 2333 lex
1840 2277 2003 2348 viget.

367 2413 370 2417 -
430 2373 582 2429 Sicut
619 2373 783 2445 igitur
817 2387 917 2429 nos
955 2386 1060 2428 non
1093 2386 1160 2428 ex
1195 2369 1505 2436 voluntate‚·
1531 2369 1624 2425 sed
1657 2377 1873 2432 natura,
1911 2368 2008 2422 lm·

429 2465 619 2521 bemus
642 2472 700 2519 ut
724 2464 898 2521 simus
922 2472 1101 2536 patres
1125 2462 1358 2518 liliorum
1377 2470 1715 2525 nostrorum,
1739 2460 1815 2515 ita
1839 2460 2006 2515 etiam

433 2555 572 2611 Deus
600 2569 664 2611 ac
689 2556 852 2613 Pater
876 2570 982 2611 non
1010 2569 1078 2610 ex
1102 2554 1378 2610 voluntate
1406 2552 1565 2608 Pater
1586 2561 1694 2620 est,
1720 2552 1818 2608 sed
1846 2559 2009 2607 natu-

429 2647 638 2704 raliter.
675 2648 742 2703 Et
783 2647 1238 2718 quemadmodum
1279 2644 1371 2716 qui
1410 2658 1478 2701 ex
1520 2645 1674 2700 nobis
1713 2644 2010 2712 gignuntur

429 2740 637 2797 similes
666 2754 890 2811 prorsus
927 2738 1085 2797 nobis
1119 2746 1247 2795 sunt
1279 2739 1575 2794 secundum
1613 2736 2006 2802 substantiam,

431 2832 505 2888 ita
532 2833 694 2887 etiam
726 2831 898 2888 Filius
930 2846 1036 2887 non
1065 2830 1408 2888 extrinsecus
1440 2829 1600 2884 Patri·
1623 2828 1881 2894 accessit,
1912 2828 2009 2883 sed

431 2937 619 2980 revera
645 2938 711 2979 ex
739 2924 975 2979 essentia
1003 2922 1178 2994 ipsius
1202 2924 1502 2994 procedens
1527 2934 1624 2991 per
1648 2920 1828 2977 omnia
1857 2919 2008 2975 simi-

431 3012 497 3070 lis
521 3023 605 3072 est
632 3013 897 3073 Genitori.
923 3014 990 3071 Et
1009 3014 1467 3086 quemadmodum
1496 3012 1660 3071 Pater
1680 3028 1791 3072 non
1820 3028 1887 3071 ex
1916 3029 2009 3072 vo·

432 3103 640 3162 luntate
664 3114 747 3161 est
776 3105 960 3172 Pater,
985 3104 1058 3161 ita
1085 3113 1143 3163 ct
1166 3104 1337 3163 Filius
1366 3119 1472 3162 non
1501 3118 1569 3162 ex
1593 3105 1887 3174 voluntate,
1914 3105 2009 3162 sed

432 3206 498 3248 ex
537 3204 728 3249 natura
765 3203 871 3261 est,
907 3195 1160 3265 splendor
1192 3203 1245 3252 et
1281 3195 1565 3252 character
1593 3194 1864 3268 exsistens
1895 3193 2012 3265 ejus

433 3284 529 3354 qui
561 3282 737 3352 ipsum
769 3284 973 3355 genuit.

1102 3394 1328 3452 Auno.

890 3485 1133 3557 ObJectio
1167 3502 1234 3542 ex
1271 3487 1558 3544 Eunomia.

503 3597 873 3670 interrogandi
909 3608 1070 3665 sunt,
1103 3601 1309 3672 lnquit,
1344 3600 1382 3657 ii
1417 3601 1509 3671 qui
1541 3614 1601 3658 se
1632 3608 1781 3657 recte
1808 3599 2013 3656 sentire

433 3691 768 3755 existimant,
799 3698 978 3746 ulrum
1008 3691 1302 3762 aliqnando
1348 3692 1627 3748 voluntate
1650 3691 1897 3762 genuerit
1924 3690 2013 3745 Fi·

436 3781 564 3835 lium
590 3779 772 3845 Pater,
797 3795 865 3837 an
895 3782 1030 3837 citra
1060 3783 1418 3838 voluntatem.
1461 3781 1519 3837 Si
1544 3781 1690 3839 enim
1717 3781 1929 3837 exstitit
1956 3781 2011 3836 iu

432 3872 668 3928 essentia
696 3871 905 3938 Patris,
937 3873 1078 3930 alius
1106 3874 1175 3930 ab
1206 3874 1322 3944 ipso
1351 3873 1548 3939 Filius,
1581 3889 1688 3930 non
1713 3871 2013 3929 voluntarie

434 3963 638 4034 genuit.
661 3963 894 4021 Necesse
921 3964 1065 4020 enim
1096 3974 1213 4021 erat
1241 3980 1434 4037 parere
1461 3981 1586 4023 eum
1614 3967 1704 4036 qui
1737 3966 1790 4022 in
1821 3973 2011 4020 natura

435 4062 573 4109 erat.
604 4054 661 4110 Si
693 4069 820 4111 vero
847 4071 952 4112 non
981 4064 1101 4112 erat
1131 4056 1185 4113 in
1213 4055 1403 4124 Patre,
1434 4057 1530 4114 sed
1563 4055 1738 4114 factus
1766 4065 1849 4113 est
1880 4054 2014 4110 deli·

436 4147 719 4204 beratione
750 4147 929 4205 Patris
957 4149 1199 4205 adbibita
1217 4189 1233 4215 ,
1271 4163 1493 4205 necesse
1519 4157 1603 4205 est
1629 4148 1850 4205 omnino
1877 4147 2014 4203 deli·

436 4238 772 4296 bet-ationem
811 4240 1174 4310 proecessisse.
1214 4238 1331 4296 Non
1369 4247 1488 4295 erat
1529 4239 1698 4312 igitur
1730 4237 1882 4296 Patri
1914 4250 2014 4297 eo-

437 4341 692 4388 aeternus.

943 4442 1150 4500 Salutio
1187 4442 1508 4516 obJectionis.

508 4582 746 4638 Primum
775 4580 994 4652 quidem
1025 4580 1290 4650 stupenda
1323 4592 1411 4635 res
1438 4587 1525 4634 est
1552 4592 1661 4649 quo
1687 4583 1848 4649 pacto
1877 4576 2010 4637 adeo

436 4673 722 4729 temerarie
759 4682 816 4728 et
857 4680 1166 4742 portentosa
1200 4671 1348 4726 velut
1384 4670 1655 4740 imperitia
1696 4670 1751 4726 in
1791 4682 2011 4727 omnem

437 4764 819 4836 blasphemiam
844 4771 1024 4819 ruant.
1041 4763 1227 4833 Neque
1248 4760 1360 4834 58
1380 4764 1523 4818 enim
1546 4763 1708 4832 pudet
1729 4776 1824 4817 eos
1843 4761 2011 4816 etiam

436 4856 610 4926 ipsum
642 4854 810 4912 Deum
842 4854 1150 4911 necessitati
1183 4853 1486 4925 subjicere,
1518 4854 1757 4910 dicentes
1789 4852 2013 4923 perinde

436 4957 598 5018 atque
624 4947 677 5001 in
707 4945 959 5002 humanis
985 4945 1306 5018 corporibus
1334 4944 1540 5015 aliquid
1568 4942 1746 4999 Patris
1772 4941 2008 4998 essentia

435 5036 839 5110 comprehendi,
880 5052 943 5093 ac
984 5037 1138 5110 quasi
1172 5051 1269 5093 vas
1311 5035 1367 5092 in
1405 5051 1556 5103 vase,
1591 5035 1666 5091 ita
1715 5032 1915 5089 Filium
1956 5031 2012 5087 in

435 5128 597 5185 Patre
639 5130 832 5186 teneri.
873 5126 985 5183 Nos
1026 5142 1176 5193 vero,
1208 5129 1299 5199 qui
1346 5137 1491 5185 recte
1535 5141 1599 5182 ac
1639 5125 1782 5195 iuste
1809 5124 2013 5181 sentire

438 5220 746 5285 studemus,
775 5218 1064 5275 essentiam
1102 5217 1196 5273 Dei
1235 5219 1380 5273 omni
1419 5217 1738 5275 necessitate
1769 5216 2013 5288 superio·

441 5326 553 5365 rem
587 5325 710 5366 esse
743 5310 1004 5379 dicimus;
1034 5322 1090 5367 et
1117 5310 1314 5367 Filium
1344 5329 1466 5370 esse
1498 5316 1550 5369 in
1580 5311 1776 5379 Patre,
1806 5325 1916 5367 non
1954 5318 2013 5366 ut

441 5413 636 5470 corpus
665 5401 719 5455 in
748 5416 999 5471 corpore,
1025 5401 1119 5458 sed
1151 5410 1210 5456 ut
1238 5402 1651 5473 inseparabilem
1682 5404 1753 5459 ab
1781 5401 1898 5472 eius
1926 5417 2013 5458 es-

408 5486 612 5543 ‘scntia
648 5498 703 5545 et
738 5491 807 5547 ab
844 5492 960 5563 ipso
995 5493 1378 5563 procedentem
1413 5494 1750 5550 naturaliter.
1790 5492 1848 5549 Si
1886 5508 2013 5550 vero

442 5581 759 5638 existimant
799 5599 858 5641 se
899 5595 1114 5642 acutum
1153 5585 1354 5656 aliquid
1399 5599 1730 5656 proponere,
1775 5585 2013 5641 dicentes

449 5674 720 5734 voluntale
745 5687 836 5733 aut
861 5678 997 5736 citra
1021 5678 1351 5737 voluntatem
1378 5694 1500 5736 eum
1526 5677 1729 5734 lactum
1755 5691 1894 5738 csse.
1925 5679 2008 5733 vi·

2094 450 2187 507 τὸν
2216 449 2367 504 Υἱόν.
2400 445 2469 503 Et
2493 446 2552 501 δὲ
2597 442 2757 499 τοῦτο
2774 439 2972 505 &ceste
3001 442 3220 513 φρονεῖν
3249 454 3311 492 τε
3343 436 3439 492 καὶ
3470 436 3678 510 λέγειν,

2099 542 2177 616 μὴ
2196 538 2628 614 προτεινέτωσάν
2654 553 2798 601 τινες
2822 535 2909 605 ἔφ’
2942 533 3078 588 mos
3096 531 3180 596 τὸ,
3218 529 3484 603 Βουλήσει
3510 529 3547 604 ἢ
3575 531 3677 605 μή.

2099 633 2317 704 ’Ὥσπερ
2339 631 2447 703 γάρ
2481 628 2684 701 ἀγαθὸς
2710 623 2855 682 κατά
2886 622 3049 697 φύσιν
3072 623 3219 678 ἐστὶν
3243 624 3274 679 ό
3302 621 3518 695 Πατήρ,
3535 620 3683 679 οὕτω

2100 726 2195 780 καὶ
2220 721 2539 795 γεννητικὸς
2564 720 2714 779 κατά
2733 721 2920 792 φύσιν.

2520 854 2706 911 ΛΑΜ)
2726 894 2744 925 ,
2789 852 3246 925 διηγηματικῶς.

2176 971 2241 1024 Εί
2278 970 2432 1024 πᾶσα
2477 951 2734 1044 βούλησις
2761 970 2795 1041 ή
2828 967 2886 1023 ἓν
2911 984 3022 1022 τισι
3048 964 3318 1041 ,γινομένη
3346 964 3409 1020 οὗ
3445 964 3574 1037 δίχα
3601 964 3693 1021 λό-

2103 1080 2201 1135 γου
2223 1062 2433 1133 γίνεται
2450 1057 2642 1135 (λόγος
2662 1058 2775 1131 γάρ
2803 1060 2954 1113 ἐστιν
2973 1055 3197 1127 ἀφανῶς
3225 1058 3284 1111 ὲν
3308 1054 3507 1130 καρδίᾳ
3534 1074 3690 1132 στρε-

2106 1153 2341 1226 φόμενος
2364 1154 2398 1224 ή
2435 1149 2761 1224 βούλησις),
2820 1148 2935 1205 ἐστι
2994 1148 3053 1204 δὲ
3094 1148 3276 1213 δΥίδς
3306 1150 3336 1203 ό
3384 1149 3561 1219 Λόγος
3593 1150 3689 1205 τοῦ

2108 1244 2344 1317 Πατρός,
2397 1227 2569 1321 αύτδς,
2610 1240 2721 1314 ἀρα
2742 1240 2892 1295 ἔστῐν
2946 1239 2983 1311 ἡ
3021 1237 3275 1312 βούλησις
3324 1238 3513 1295 αὐτοῦ.
3551 1236 3691 1297 Εἶτα

2108 1335 2227 1400 πῶς
2264 1338 2298 1408 ἦ
2335 1331 2592 1407 βούλησις
2633 1333 2692 1389 ἐν
2726 1331 2980 1404 βουλήσει
3017 1330 3265 1402 γίνεται;
3300 1331 3338 1404 ή
3377 1330 3495 1396 πῶς
3526 1333 3558 1387 ό
3584 1332 3692 1387 Λᾶ·

2109 1444 2204 1497 γος
2225 1427 2284 1481 ὲν
2310 1423 2503 1499 Δόγῳς
2538 1424 2727 1480 Πάντα
2769 1422 2951 1478 τοίνυν
2976 1423 3126 1477 ἐστὶν
3158 1424 3188 1477 ό
3220 1422 3352 1484 Υἱὸς
3376 1420 3455 1493 τῷ
3476 1422 3653 1495 Πατρῑ
3671 1463 3688 1490 ,

2109 1520 2206 1575 καὶ
2256 1517 2424 1591 βουλὴ
2451 1517 2545 1572 καὶ
2575 1518 2772 1587 Λόγος,
2804 1515 2899 1569 καὶ
2922 1513 3105 1585 σοφία·
3139 1512 3233 1569 καὶ
3255 1512 3408 1568 οὐδέν
3438 1513 3589 1568 ἐστιν
3632 1515 3701 1569 ὲν

2109 1610 2288 1683 Πατρὶ
2312 1608 2419 1681 πρὸ
2456 1607 2646 1664 αὑτοῦ.
3589 1622 3594 1625 ”

2674 1720 2859 1777 ΑΛΛΟ
2892 1720 3120 1791 ὅμοιον.

2184 1838 2341 1909 Ἔχει
2372 1827 2513 1892 κατά
2544 1834 2708 1906 φύσιν
2736 1837 2766 1890 ό
2804 1834 3091 1907 ἄνθρωπος
3116 1831 3179 1886 τδ
3201 1830 3465 1888 δύνασθαι
3483 1832 3698 1888 τέκνων

2108 1926 2271 1981 αὐτόν
2288 1924 2545 1997 γενέσθαι
2574 1924 2809 1997 πατέρα·
2832 1923 2927 1977 καὶ
2953 1922 3050 1994 οὐχ
3076 1923 3264 1993 ὥσπερ
3290 1924 3355 1977 ἐκ
3386 1922 3695 1995 βουλήσεως

2106 2017 2310 2088 ἀγαθός
2335 2019 2488 2084 ἐστιν
2519 2018 2554 2089 ἢ
2593 2016 2851 2089 πονηρὸς,
2874 2014 3021 2070 οὕτω
3054 2016 3150 2071 καὶ
3176 2015 3381 2087 πατήρ.
3435 2016 3604 2071 ’Δλλά
3633 2015 3695 2071 τδ

2110 2108 2211 2182 μὲν
2248 2107 2431 2180 φύσει,
2460 2106 2597 2162 τὸδὲ
2630 2104 2885 2179 βουλήσει
2926 2102 3065 2160 ἐστί.
3118 2104 3229 2160 1ίαῖο
3278 2104 3374 2158 τοῦ
3406 2105 3505 2175 μὲν
3525 2105 3697 2177 ἐσμὲν

2108 2201 2311 2274 κύριοι·
2344 2195 2441 2255 τοῦ
2470 2198 2527 2253 δὲ
2570 2200 2608 2271 ή
2659 2196 2822 2268 φύσις
2856 2191 3213 2268 ἀπαράΰατῶ
3242 2193 3356 2266 ἔχει
3384 2194 3477 2251 τὸν
3503 2196 3691 2268 νόμον.

2109 2276 2322 2366 ’Ὥσπερ
2347 2286 2440 2347 οὖν
2466 2289 2566 2345 οὐκ
2599 2290 2666 2343 ἐκ
2693 2287 2999 2361 βουλήσεως
3033 2285 3230 2359 ἔχομεν
3257 2289 3421 2358 ἡμεῖς
3459 2287 3524 2342 τὸ
3547 2283 3694 2345 εἶναι

2106 2382 2360 2455 πατέρες·
2387 2381 2499 2437 τῶν
2554 2378 2615 2448 ἐξ
2667 2378 2847 2451 ήμῶν,
2893 2376 3030 2433 ἀλλά
3078 2377 3343 2447 φυσικῶς,
3370 2376 3516 2433 οὕτω
3540 2381 3637 2435 καὶ
3666 2383 3697 2437 ό

2108 2470 2242 2537 Θεὸς
2288 2472 2386 2526 καὶ
2430 2470 2623 2543 Πατὴρ
2672 2470 2774 2523 ούκ
2835 2469 2901 2522 ὲκ
2946 2467 3257 2540 βουλήσεως
3294 2471 3485 2543 Πατήρ
3519 2472 3695 2540 ἐστιν,

2107 2562 2246 2617 ἀλλά
2273 2561 2543 2633 φυσικῶς.
2605 2561 2718 2615 Καὶ
2768 2557 2962 2631 ὥσπερ
2991 2559 3042 2614 οί
3090 2559 3149 2627 ἐξ
3196 2558 3355 2632 ήμῶν
3381 2561 3699 2634 τικτόμενοι

2107 2657 2281 2727 ὅμοιοι
2305 2654 2523 2721 πάντως
2539 2657 2672 2727 ἡμῖν
2700 2656 2822 2709 κατ’
2841 2652 3033 2708 οὐσίαν
3048 2652 3208 2719 εἰσὶν,
3232 2651 3377 2707 οὕτω
3409 2654 3505 2709 καὶ
3522 2657 3552 2710 ό
3567 2656 3701 2723 Υίδς

2108 2745 2208 2799 οὐκ
2237 2745 2435 2811 ἔξωθεν
2466 2746 2545 2817 τῷ
2566 2745 2743 2817 Πατρὶ
2781 2744 3238 2817 προσγενόμενος,
3278 2745 3396 2801 ἀλλ’
3430 2746 3601 2813 ὅντως
3628 2749 3700 2805 ὲκ

2108 2836 2207 2908 τῆς
2230 2837 2421 2903 οὐσίας
2451 2835 2625 2893 αὐτοῦ
2646 2835 2927 2909 προελθὼν
2982 2836 3169 2907 ὅμοιός
3198 2838 3315 2893 ἐστι
3346 2838 3489 2893 κατὰ
3515 2840 3697 2895 πάντα

2108 2926 2188 2998 τῷ
2222 2926 2593 2997 γεγεννηκότι.
2628 2926 2739 2980 Καὶ
2770 2926 2964 3000 ὥσπερ
2998 2927 3102 2983 οὐκ
3132 2927 3197 2982 ὲκ
3242 2927 3549 3002 βουλήσεώς
3577 2932 3696 2986 ἐστι

2109 3018 2323 3092 Πατὴρ,
2361 3016 2506 3075 οὕτω
2550 3018 2648 3074 καὶ
2677 3020 2707 3074 ό
2753 3019 2883 3086 rte<
2915 3018 3015 3075 ούκ
3061 3021 3126 3076 ὲκ
3168 3019 3478 3094 βουλήσεώς
3514 3024 3696 3094 ἐστιν,

2113 3109 2250 3166 ἀλλά
2280 3109 2425 3165 κατά
2444 3109 2629 3180 φύσιν,
2649 3111 2993 3185 ἀπαύγασμα
3012 3111 3109 3168 καὶ
3129 3114 3417 3188 χαρακτὴρ
3434 3115 3698 3189 ὑπάρχων
3737 3182 3741 3189 Ι

2110 3201 2205 3256 τοῦ
2235 3202 2591 3274 γεννήσαντος
2625 3204 2810 3260 αὐτόν.

2804 3403 3005 3457 ΔΔΛΟ.

2369 3509 2691 3579 Ἀντῐθεσις
2741 3511 2822 3577 ὡς
2851 3509 2920 3562 ἐκ
2955 3507 3074 3562 τῶν
3107 3510 3431 3579 Εὐνομίου.

2196 3600 2544 3675 Ἐρωτητὲον,
2577 3602 2734 3673 φησὶ,
2766 3597 2897 3664 τοῦς
2923 3598 3065 3673 όρθά
3113 3604 3330 3672 φρονεῖν
3357 3600 3645 3675 οἰομένους
3664 3645 3681 3671 ,

2113 3695 2343 3768 πότερόν
2366 3710 2501 3750 ποτε
2534 3692 2789 3765 βουλήσει
2816 3689 3119 3761 γεγέννηκε
3141 3690 3234 3747 τὸν
3263 3692 3393 3748 Υίδν
3414 3696 3443 3749 ό
3470 3695 3682 3766 Πατὴρ,

2111 3787 2144 3857 ή
2179 3785 2517 3859 ἀᾶουλήτως.
2579 3785 2644 3840 Εἰ
2671 3783 2770 3856 μὲν
2803 3782 2912 3855 γάρ
2935 3781 3210 3854 ὲνυπῆρχε
3249 3786 3317 3856 τῇ
3353 3784 3449 3839 τοῦ
3474 3785 3691 3857 Πατρός

2109 3876 2290 3949 οὐσία,
2328 3878 2517 3948 ἔτερος
2548 3876 2627 3931 ὢν
2656 3877 2787 3948 παρ’
2820 3874 2984 3930 αὑτὸν
3023 3875 3054 3929 ό
3085 3875 3235 3940 Υίὸς,
3282 3876 3343 3930 ού
3368 3879 3693 3950 προαιρέσει

2110 3967 2345 4022 τέτοκεν.
2391 3963 2502 4022 Ἦν
2547 3966 2658 4038 γάρ
2706 3965 2919 4036 ἀνάγκη
2972 3965 3155 4020 τεκεῖν
3206 3965 3299 4020 τὸν
3330 3966 3388 4020 ὲν
3431 3969 3497 4038 τῇ
3533 3966 3699 4036 φύσει

2112 4058 2383 4129 κείμενον.
2413 4058 2478 4112 Et
2497 4057 2555 4112 δὲ
2583 4058 2684 4112 οὐκ
2707 4052 2776 4129 ἦν
2815 4056 2875 4110 ἐν
2902 4056 3102 4129 nupt,
3132 4057 3394 4129 ἐγεννήθη
3425 4058 3482 4112 δὲ
3505 4057 3698 4130 βουλη-

2113 4148 2300 4213 θέντος
2329 4148 2422 4203 τοῦ
2457 4148 2696 4221 Πατρός,
2736 4146 2952 4220 ἀνάγκη
2986 4148 3363 4225 προϋπάρχειν
3394 4148 3557 4203 αὐτοῦ
3594 4150 3695 4221 τὴν

2114 4240 2389 4315 βούλησιν.
2412 4240 2527 4294 Οὐκ
2555 4234 2624 4310 ἦν
2652 4232 2747 4292 οὗν
2792 4237 2903 4308 ἀρα
2936 4236 3014 4310 τῷ
3059 4240 3380 4311 γεννήσαντι
3409 4238 3691 4303 συναῖδιος.

2604 4435 2762 4507 Πρός
2781 4435 2968 4491 ταῦτα
2992 4436 3193 4501 λύσις.

2183 4575 2411 4651 Πρῶτον
2452 4574 2550 4647 μὲν
2574 4568 2985 4642 ἀποθαυμάζειν
3028 4568 3177 4634 ἀξιον
3206 4569 3333 4635 τοὺς
3362 4572 3695 4641 ἀφυλάκτως

2111 4670 2193 4734 τίς
2222 4671 2403 4724 πᾶσαν
2428 4665 2722 4737 τρέχοντας
2753 4659 3088 4730 δυσφημίαν,
3125 4659 3328 4732 πολλήν
3358 4678 3418 4716 τε
3444 4661 3695 4733 ἀμαθίαν

2112 4762 2297 4824 αὐτοῖς
2347 4756 2619 4829 ἐγκαλεῖν.
2691 4753 2767 4808 Οὐ
2822 4750 2930 4823 γὰρ
2988 4749 3339 4822 αἰσχύνονται
3394 4754 3488 4807 καὶ
3523 4754 3696 4810 αὐτὸν

2112 4850 2381 4917 ἀνάγκαις
2407 4844 2752 4907 ὑποτιθέντες
2776 4841 2869 4895 τὸν
2891 4838 3046 4907 Θεὸν,
3070 4842 3167 4895 καὶ
3195 4842 3446 4914 καθάπερ
3465 4844 3560 4899 ἐπὶ
3586 4861 3696 4898 σω·

2116 4939 2303 5013 μάτων
2351 4935 2707 5010 ἀνθρωπίνων
2764 4932 3194 5005 ὲμπεριέχεσθαί
3241 4952 3294 4988 τι
3344 4934 3595 5004 λέγοντες
3623 4940 3693 5008 τῇ

2112 5031 2209 5087 τοῦ
2240 5030 2451 5103 Πατρός
2478 5027 2661 5100 οὐσίᾳ,
2688 5025 2721 5099 ή
2754 5024 2945 5098 ὥσπερ
2967 5042 3020 5079 τι
3047 5024 3238 5088 σκεῦος
3263 5026 3323 5078 ὲν
3361 5027 3547 5081 σκεύει
3576 5029 3697 5080 κεί-

2116 5126 2237 5181 σθαι
2263 5124 2354 5179 τδν
2404 5122 2533 5178 Υίδν
2579 5122 2640 5175 ὲν
2690 5120 2888 5194 Πατρί.
2947 5120 3139 5190 Ἡμεῖς
3186 5115 3245 5169 δὲ
3296 5112 3379 5181 οἷς
3420 5116 3558 5186 ὀρθὰ
3596 5118 3696 5172 καὶ

2113 5215 2298 5270 δίκαια
2319 5213 2535 5286 φρονεῖν
2563 5210 2951 5273 ὲσπούδασται,
2966 5206 3080 5261 ἀνω
3105 5205 3204 5277 μὲν
3227 5204 3408 5275 πάσης
3436 5205 3695 5279 ἀνάγκης

2114 5301 2255 5360 εἶναί
2282 5322 2462 5376 φαμεν
2490 5303 2591 5374 τὴν
2626 5301 2813 5356 οὐσίαν
2834 5297 2929 5353 τοῦ
2958 5294 3120 5351 Θεοῦ·
3150 5292 3290 5350 εἶναι
3314 5295 3373 5348 δὲ
3403 5294 3569 5350 πάλιν
3597 5298 3695 5353 τὸν

2115 5397 2245 5451 Υίδν
2269 5397 2325 5449 ὲν
2354 5395 2534 5466 llam-pl.
2553 5433 2569 5459 ‚
2602 5394 2701 5465 οὐχ
2726 5393 2803 5455 ὼς
2831 5389 2989 5461 σῶμα
3027 5387 3131 5442 ὑπὸ
3161 5386 3410 5460 σώματος
3438 5390 3695 5460 περιεχό·

2120 5505 2302 5561 μενον,
2333 5487 2446 5542 ἀλλ’
2473 5487 2547 5551 ὡς
2580 5483 2884 5556 ἀχώριστον
2911 5482 3011 5551 τῆς
3065 5479 3253 5543 οὐσίας
3302 5477 3466 5532 αὐτοῦ
3498 5479 3593 5534 καὶΙ
3627 5479 3692 5538 ἐξ

2118 5581 2288 5651 αὐτῆς
2319 5577 2650 5651 προελθόντα
2685 5572 2826 5629 κατὰ
2860 5571 2953 5627 τὸν
2995 5570 3096 5641 τῆς
3131 5569 3348 5638 φύσεως
3386 5569 3570 5640 νόμον.
3622 5569 3688 5624 Et

2116 5674 2172 5728 δὲ
2199 5671 2398 5728 οἴονται
2432 5668 2592 5739 σοφόν
2627 5684 2676 5722 τι
2710 5662 3033 5735 προτείνειν,
3064 5661 3315 5733 βουλήσει
3351 5661 3595 5730 λέγοντες
3646 5657 3679 5728 ἢ
3785 5649 3802 5686 ’ἱ
