3809 6125
318 330 433 392 '0³5

1386 331 1478 391 DE
1518 337 1616 391 SS.
1659 328 2035 389 TtttNtTA'ttss
2080 289 2423 397 matheus
2458 337 2505 397 1.

3463 346 3568 406 tm

312 447 533 512 δοκοῦν,
571 445 740 501 οἴοιτό
777 463 884 513 τις,
926 446 1079 501 οὐδὲν
1123 443 1282 519 ἦττον
1334 452 1464 521 ἡμῖν
1505 454 1570 505 δι’
1605 454 1806 522 ἀμφοῖν
1841 454 1902 505 τὸ
1932 454 1976 507 Α
2004 456 2301 519 existimet.
2338 457 2689 515 nibilominus
2730 469 2904 516 tamen
2957 459 3113 515 nobis
3156 474 3251 531 per
3279 468 3569 533 utrumqne

309 539 419 610 τῆς
450 537 642 603 οὐσίας
695 537 865 607 ὄνομα
897 539 1300 609 παρειστρὲχει.
1333 543 1896 612 Κατακιόδηλεύοντες

308 630 374 686 δὲ
407 629 510 701 τὴν
554 628 760 699 φωνὴν,
812 628 956 699 φημὶ
999 627 1063 699 δὴ
1110 630 1172 683 τὸ
1208 632 1512 701 ὀμοούσιον,
1567 634 1749 704 νόθην,
1801 635 1895 688 καὶ

308 715 741 793 ἡμαρτημένων,
788 719 884 773 καὶ
922 721 1040 783 τοῖς
1087 720 1254 787 θείοις
1296 724 1621 794 Γράμμασιν
1654 723 1890 796 ἀπῳδὸν,

309 812 409 866 καὶ
436 810 492 864 τί
525 810 639 882 γὰρ
666 809 789 879 οὐχι
815 808 926 863 τῶν
957 809 1174 865 τοιῶνδε
1223 815 1698 886 κατακεκραγότες
1725 835 1893 888 προσ-

311 903 488 957 ίενται
517 901 682 956 πάλιν
705 898 901 972 αὐτὴν,
939 902 1037 956 καὶ
1066 903 1188 965 ταῖς
1209 904 1293 957 ὅτι
1329 904 1563 975 μάλιστα
1588 906 1893 976 δοκιμωτά-

303 1009 436 1057 ταις
483 991 875 1064 δγγράφουσιν.
914 991 1018 1045 Ἠν
1057 993 1167 1064 ἀρα
1209 1009 1296 1058 τις
1322 994 1450 1068 ὲφίῃ
1496 996 1676 1065 λέγειν
1707 998 1892 1063 αὐτοῖς

296 1081 622 1154 ΰμοιούσιον
663 1082 742 1154 τῷ
782 1082 962 1155 Ila-cpi.
1003 1083 1094 1137 τὸν
1141 1082 1296 1149 Υίδν,
1331 1080 1450 1141 εἶτα
1485 1086 1540 1140 τί
1569 1105 1652 1142 σοι
1679 1088 1810 1160 δρᾶν
1839 1090 1890 1144 ot

302 1174 543 1230 τοιοῦτοι
568 1174 821 1229 δοκοῦσιν
849 1175 951 1239 &vx

377 1268 443 1322 Β.
479 1267 558 1321 Οὐ
604 1266 844 1338 μετρίως
893 1266 1116 1332 ἀδικεῖν,
1165 1270 1261 1323 καὶ
1301 1270 1400 1342 τὴν
1451 1271 1519 1324 ὲκ.
1556 1270 1655 1341 τῆς
1687 1270 1888 1335 λέξεως

297 1357 788 1429 «καταισφρικέναι
833 1355 1083 1426 δύναμιν,
1136 1357 1232 1412 ἅτε
1269 1359 1334 1430 δὴ
1376 1357 1638 1428 γεννιῗκῶς
1687 1379 1747 1416 τε
1791 1363 1888 1417 καὶ

308 1448 460 1521 μάλα
482 1449 670 1519 σαφῶς
697 1446 1107 1519 ὑποφαινούσης
1136 1449 1199 1503 τὸ
1230 1449 1450 1520 ἀληθές.

376 1543 447 1594 Δ.
483 1539 578 1612 Μὴ
621 1540 826 1611 ἑτέρως
869 1538 1015 1608 ἔχειν
1063 1540 1341 1615 ὑπολάὸῃς
1376 1542 1409 1614 ἢ
1439 1542 1614 1608 οὕτως
1635 1583 1652 1609 ,
1682 1540 1727 1598 ὧ
1752 1546 1880 1599 τᾶν·

305 1633 710 1703 νεανιευόμενοι
743 1632 800 1686 δὲ
824 1632 1017 1705 ὥσπερ
1042 1635 1134 1689 ἐπὶ
1162 1638 1280 1699 ταῖς
1303 1634 1453 1706 σφῶν
1477 1635 1656 1691 αὐτῶν
1688 1638 1885 1708 ἀθυρο-

2003 547 2166 600 tendit
2218 564 2318 602 vox
2356 550 2562 613 οὐσίας.
2609 549 2686 605 llli
2722 561 2898 605 autem
2946 550 3314 608 adulterantes
3358 568 3556 620 vocem,

1999 634 2254 688 nimirum
2287 636 2593 707 ὀμοούσιον,
2626 648 2910 709 postquam
2959 653 3076 694 eam
3119 642 3356 709 spuriam
3404 641 3567 713 393

1996 732 2052 778 ct
2088 724 2463 794 depravatam,
2505 743 2569 783 ac
2620 730 2819 784 divinis
2858 728 3079 785 Litteris
3128 732 3381 785 absonam
3423 746 3565 796 esse,

1996 812 2240 884 nihilque
2283 831 2389 871 non
2436 817 2696 886 ejusmodi
2729 819 3002 873 vociferati
3037 830 3181 886 sunt,
3229 837 3413 876 rursus
3443 837 3564 878 eam

1994 905 2308 975 adruinum,
2339 920 2392 964 et
2426 911 2566 965 inter
2590 911 3000 981 probatissimas
3032 915 3329 969 ascribunt.
3362 915 3417 970 Si
3442 918 3565 984 quis

1987 1010 2122 1066 ,ergo
2167 999 2442 1067 permittat
2470 1002 2605 1070 ipsis
2634 1002 2816 1057 dicere
2850 1002 3046 1057 Filium
3078 1019 3200 1060 esse
3237 1005 3384 1060 Patri
3414 1009 3566 1061 όαοι-

1992 1087 2194 1152 οὐσιον,
2229 1090 2356 1159 quid
2395 1090 2446 1145 bi
2482 1090 2571 1145 tibi
2600 1090 2813 1146 demum
2845 1090 3025 1147 lacere
3057 1094 3335 1151 videntur?

2059 1267 2120 1320 B.
2161 1266 2278 1322 Non
2311 1268 2657 1324 mediocriter
2692 1283 2937 1337 peccare.
2970 1277 3024 1326 et
3063 1270 3172 1324 vim
3225 1271 3379 1328 istius
3412 1275 3563 1331 vocis

1990 1359 2393 1429 pertimescere,
2417 1358 2616 1429 quippe
2637 1373 2756 1429 quae
2783 1360 2997 1430 egregie
3024 1368 3079 1416 et
3107 1360 3254 1416 clare
3273 1362 3559 1419 admodum

1987 1449 2272 1504 veritatem
2311 1450 2664 1505 demonstret.

2055 1537 2121 1592 Α.
2165 1538 2243 1593 Ne
2273 1538 2431 1593 aliter
2452 1554 2566 1594 rem
2590 1553 2712 1595 esse
2731 1549 2910 1610 putes,
2940 1555 2974 1597 e
3001 1541 3181 1597 bone:
3210 1539 3339 1611 quin
3366 1540 3555 1598 effreni

1984 1644 2079 1683 sua
2128 1630 2327 1700 lingua,
2370 1640 2426 1686 et
2468 1646 2688 1686 suorum
2722 1631 3003 1687 doctorum
3052 1631 3234 1701 impiis
3284 1632 3557 1700 dogmatis

306 1726 590 1799 στομίαις,
621 1727 717 1780 καὶ
744 1729 857 1790 τοίς
890 1727 1000 1779 τῶν
1043 1727 1190 1781 ἰδίων
1220 1727 1550 1800 καθηγητῶν
1581 1730 1885 1796 ἀνσσιωτά-
1980 1717 2294 1789 juventttter
2325 1720 2474 1787 elati,
2503 1722 2815 1778 relationem
2849 1732 2905 1777 et
2939 1722 3308 1777 habitudinem
3339 1734 3558 1777 natura-

301 1832 419 1881 τοις
447 1816 712 1887 δόγμασι,
757 1819 858 1887 τῆς
893 1817 992 1887 μὲν
1031 1818 1168 1888 πρὸς
1212 1820 1304 1872 τὸν
1344 1820 1480 1874 Θεὸν
1524 1819 1619 1876 καὶ
1660 1823 1877 1894 Πατέρα

304 1908 544 1981 σχέσεώς
568 1925 631 1963 τε
659 1908 755 1964 καὶ
780 1909 1113 1982 οἰκειότητος
1156 1914 1393 1985 φυσικῆς
1433 1915 1761 1971 ἐκκόπτουσι
1785 1918 1878 1971 τὸν

301 2000 897 2073 Υἱδν,ὶξεικονισμὸνδὲ
917 2002 1072 2071 μόλις
1086 2002 1448 2073 καὶὸμοίωσιν
1463 2005 1759 2077 αὐτῷτάχα
1773 2023 1876 2061 που

302 2092 405 2145 καὶ
429 2090 864 2161 ἀποικτιίροντες
888 2129 903 2153 ,
936 2090 1152 2159 ἐφιᾶσιν
1178 2090 1344 2162 ἔχειν,
1373 2092 1441 2145 tv·
1470 2093 1644 2165 ὁρῷτο
1668 2093 1875 2159 λοιπὸν,

266 2199 277 2206 ·
306 2181 424 2235 τῶν
451 2182 577 2236 κατ’
605 2180 790 2235 εἰκόνα
822 2179 1232 2251 διεκτισμένων,
1263 2183 1296 2255 ἢ
1326 2183 1458 2252 γοῦν
1487 2184 1628 2239 κατὰ
1657 2187 1876 2257 τρόπων

310 2271 591 2341 ποιότητα
616 2270 1104 2343 διαπεπλασμένων,
1139 2272 1215 2335 ὡς
1245 2272 1383 2343 πρὸς
1413 2273 1473 2328 τὸ
1507 2273 1649 2329 θεῖόν
1683 2292 1744 2330 τε
1782 2276 1877 2329 καὶ

321 2362 609 2435 ἀκήρατον
639 2362 838 2429 κάλλος,
867 2363 1020 2433 ὀλίγα
1048 2364 1362 2433 διενεγκών.

397 2452 463 2507 B-
500 2451 627 2518 ne<
654 2450 854 2522 Mrem

385 2547 453 2600 A.
493 2545 568 2600 os
594 2543 699 2617 γὰρ
724 2546 960 2610 ἐπαΐεις,
996 2541 1040 2602 ὧ
1067 2549 1187 2612 τᾶν,
1209 2548 1659 2619 διακελευομένου
1685 2565 1745 2603 τε
1778 2549 1873 2603 καὶ

301 2635 459 2707 μάλα
498 2634 744 2707 ἐναργῶς
791 2638 1091 2706 φάσκοντος
1132 2638 1227 2692 τοῦ
1269 2638 1540 2709 Χριστοῦ·
1593 2658 1615 2694 ι
1652 2638 1873 2694 Γίνεσθε

295 2726 674 2799 οἰκτίρμονες,
714 2727 899 2793 καθὼς
927 2731 1022 2784 καὶ
1064 2732 1093 2783 ό
1135 2731 1323 2802 Πατὴρ
1366 2731 1520 2803 ὑμῶν
1564 2734 1592 2786 ὁ
1626 2731 1873 2803 οὐράνιός

293 2817 452 2883 ἔπη
492 2835 515 2869 a
592 2817 599 2822 ’

366 2909 435 2968 Β.
472 2909 607 2965 Ναί.
1638 2963 1649 2976 .

363 3001 433 3055 Α.
471 2995 599 3074 'Ap’
652 2995 746 3056 οὖν
797 3001 860 3055 οὐ
906 3000 1093 3074 συνίης
1120 3043 1134 3064 ,
1175 3002 1256 3055 ὅτι
1318 3004 1412 3056 καὶ
1463 2995 1681 3076 τρόπων
1723 3005 1871 3076 ἡμᾶς

1914 1783 1955 1840 Β
1983 1810 2085 1867 lem
2105 1827 2228 1881 erga
2260 1810 2474 1867 Patrem
2501 1812 2636 1868 Filio
2664 1815 2928 1880 adimunt,
2957 1822 3013 1869 et
3035 1814 3126 1869 vix
3150 1814 3555 1869 similitudinem

1982 1921 2048 1961 ac
2080 1906 2330 1976 liguram,
2360 1905 2405 1961 si
2440 1904 2550 1961 Deo
2590 1906 2792 1976 placet,
2844 1908 3006 1977 idque
3041 1906 3389 1962 miseratione
3417 1922 3557 1977 qua-

1981 1996 2107 2052 dam
2151 1998 2353 2053 babere
2384 1997 2591 2061 sinunt,
2631 2006 2691 2052 ut
2722 1998 2935 2054 demum
2979 1997 3226 2053 videatur
3266 2013 3455 2069 parum
3485 2000 3555 2053 ab

1980 2088 2050 2144 iis
2076 2088 2291 2145 differre
2322 2104 2444 2159 quae
2483 2092 2550 2145 ad
2586 2090 2874 2162 imaginem
2911 2098 3113 2154 creata,
3144 2099 3237 2144 aut
3281 2102 3411 2144 sane
3456 2102 3554 2156 pro

1979 2178 2241 2245 qualitate
2288 2195 2498 2235 morum
2545 2180 2611 2236 ad
2648 2180 2886 2234 divinam
2932 2189 2989 2235 et
3014 2181 3382 2258 incorruptam
3431 2177 3553 2249 pul·

1979 2270 2342 2326 cbritudinem
2372 2272 2769 2341 quodammodo
2793 2281 2923 2328 sunt
2948 2270 3247 2329 efformata.

2047 2450 2110 2506 B.
2151 2451 2249 2518 Qui
2284 2459 2340 2504 tu
2378 2451 2517 2505 istud
2543 2449 2667 2505 ais?

2046 2542 2112 2595 Α.
2155 2539 2342 2595 Nonne
2372 2541 2544 2605 audis,
2584 2540 2778 2605 amice,
2813 2538 3092 2595 Christum
3144 2537 3448 2609 jubentem,
3495 2545 3554 2592 et

1977 2630 2122 2686 clare
2150 2631 2418 2688 dicentem
2446 2651 2461 2687 ι
2500 2650 2518 2682 ι
2560 2632 2745 2687 Estote
2774 2631 3172 2698 misericordes,
3199 2630 3338 2687 sicut
3366 2639 3420 2686 et
3446 2625 3552 2684 Pa-

1978 2730 2062 2777 ter
2091 2732 2270 2777 vester
2306 2722 2394 2792 qui
2430 2724 2482 2777 in
2507 2722 2662 2777 eoelis
2687 2732 2769 2777 cst
2796 2721 2884 2776 ⁹¹?
2909 2741 2930 2775 ι

2095 2961 2106 2972 .
2192 2919 2276 2972 uili
2319 2956 2333 2973 .

2046 2920 2113 3067 ξ.
2142 2921 2425 3081 ιιΙξίιιιιίιὶιιὶιί
2465 3023 2596 3078 ergo
2623 3007 2882 3078 intelligis
2913 3022 3124 3065 morum
3168 3006 3426 3078 qualitate
3451 3022 3549 3065 nos

291 3094 521 3168 mc
550 3093 866 3170 διαμορφθῖ,
908 3096 1003 3149 καὶ
1043 3095 1205 3150 οἱονεί
1251 3113 1366 3159 πως
1391 3096 1419 3148 ὁ
1445 3096 1586 3160 θεῖος
1612 3097 1742 3167 ἡμῖν
1780 3099 1865 3149 ἐν·
1899 3139 1942 3197 C
1978 3103 2088 3160 Deo
2142 3101 2493 3168 conformari,
2544 3115 2610 3155 ae
2661 3100 2901 3155 divinum
2963 3099 3128 3155 veluti
3179 3099 3546 3155 characterem

190 3188 205 3193 “
254 3246 267 3259 ,
291 3186 538 3242 ntea-:nu
564 3189 879 3261 χαρακτὴρ,
917 3186 1007 3243 διὰ
1035 3186 1134 3260 τῆς
1164 3188 1287 3242 κατ’
1332 3185 1612 3259 ἐνέργειαν
1639 3188 1869 3262 ἀρετῆς;

288 3275 503 3350 Χρῆμα
529 3278 638 3351 γὰρ
669 3279 873 3346 ἀγαθὸν
896 3280 1330 3350 ἁπαραποιήτως
1373 3292 1433 3330 τε
1465 3277 1563 3331 καὶ
1602 3279 1873 3344 οὐσιωδῶς

288 3354 552 3443 &Deionis
572 3368 740 3447 τοῦτο
765 3370 833 3427 δὲ,
849 3370 944 3455 καὶ.
971 3371 1119 3441 ἡμᾶς
1140 3368 1336 3433 αὐτοὺς
1356 3369 1498 3423 κατὰ
1529 3368 1760 3441 μίμησιν
1786 3370 1870 3442 εἴη

290 3458 362 3515 ἂν
388 3448 507 3521 ’τῦῡ
534 3448 925 3533 &mutilatum
977 3458 1039 3526 ἕξ
1068 3459 1209 3515 ἐθῶν
1239 3456 1464 3513 θεᾶσθαι
1510 3460 1604 3515 καὶ
1633 3460 1869 3530 τρόπων,

283 3544 692 3624 ’προαιρετικὴν
719 3552 769 3605 εί
795 3549 1083 3622 ποιοίμεθα
1105 3550 1200 3620 τὴν
1225 3552 1308 3618 ἐφ’
1337 3550 1506 3604 ἅπασι
1539 3553 1650 3611 τοῖς
1678 3548 1869 3601 τεθαυ-

294 3643 603 3715 μασμένοις
629 3642 813 3714 ἔφεσίν
841 3659 901 3695 τε
940 3644 1033 3695 καὶ
1065 3642 1391 3714 προθυμίαν.
1425 3642 1499 3694 Οὐ
1531 3641 1636 3711 γὰρ
1666 3640 1730 3710 δή
1762 3616 1867 3693 που

292 3733 615 3806 νομιοῦμεν,
650 3736 700 3789 εἰ
726 3734 816 3788 νοῦ
843 3735 937 3787 καὶ
971 3733 1184 3806 φρενῶν
1226 3735 1392 3804 ἐσμεν
1431 3735 1487 3786 ὲν
1528 3731 1697 3803 καλῷ,
1744 3732 1869 3796 τοὺς

294 3826 389 3881 τὸν
429 3826 577 3881 θεῖον
599 3826 822 3899 ἔχοντας
849 3823 1220 3897 ἑξεικονισμδν
1251 3828 1308 3880 ὲν
1341 3826 1498 3890 ἰδίαις
1522 3825 1718 3896 ψυχαῖς
1742 3868 1756 3890 ,
1801 3828 1868 3897 τῇ

291 3918 408 3972 τῶν
453 3919 603 3988 ἠθῶν
656 3919 902 3990 ποιότητι
952 3917 1343 3982 διαστίλόοντα,
1393 3919 1492 3988 τὴν
1538 3919 1673 3989 πρὸς
1708 3918 1869 3973 αὑτὸν

292 4012 601 4084 ἐμφέρειαν
637 4012 781 4083 ἔχειν
814 4011 1045 4083 οὐσιώδη
1094 4028 1152 4066 τε
1195 4013 1286 4065 καὶ
1335 4011 1728 4082 ἀμετάστατον,
1774 4011 1870 4066 καὶ

216 4118 223 4125 ·
293 4104 385 4166 εἰς
422 4104 531 4158 πᾶν
570 4103 750 4157 ὁτιοῦν
807 4103 1107 4174 ἰσομέτροις
1151 4102 1260 4156 τῶν
1304 4103 1496 4174 ἐκείνῳ
1539 4103 1866 4174 προσόντων,

292 4194 650 4267 προήκουσάν
695 4212 755 4248 τε
804 4195 899 4248 καὶ
945 4193 1357 4266 ἐκτεινομένην·
1390 4194 1512 4247 ἐπεὶ
1552 4193 1673 4248 καθ’
1721 4196 1868 4266 ἡμᾶς

293 4286 500 4352 αὐτοὺς
532 4286 596 4341 τὸ
620 4287 776 4340 Θεῖον
819 4281 957 4341 εῖναι
988 4285 1251 4358 δώσομεν,
1282 4284 1489 4349 οὐδενὸς
1515 4285 1575 4339 τὸ
1609 4286 1868 4357 παράπαν

291 4377 714 4449 διατειχίζοντος
760 4378 842 4442 εἰς
881 4369 1167 4448 διαφοράν.
1223 4375 1550 4447 Ἐκτίσμεθα
1591 4376 1700 4447 γὰρ
1744 4377 1863 4431 κατ’

1974 3194 2365 3254 exercitatione
2440 3190 2658 3246 virtutis
2732 3193 2784 3245 ln
2846 3190 2999 3246 nobis
3055 3190 3331 3260 exprimi?
3407 3189 3550 3248 Deus

1976 3291 2119 3344 enim
2173 3303 2258 3342 res
2294 3302 2426 3342 rere
2457 3283 2595 3341 bona
2629 3291 2716 3341 est
2764 3297 2828 3340 ae
2876 3271 3305 3341 substantialiter
3346 3303 3362 3341 ε
3411 3280 3548 3341 tales

1977 3391 2153 3434 autem
2186 3394 2281 3448 per
2314 3377 2669 3432 imitationem
2696 3391 2761 3431 ex
2788 3375 2991 3431 virtute
3018 3390 3082 3431 ac
3109 3376 3350 3431 moribus
3380 3376 3544 3432 etiam

1975 3485 2074 3523 nos
2104 3469 2271 3524 videri
2316 3467 2632 3537 poterimus,
2680 3466 2724 3520 si
2768 3477 2960 3535 sponte
2991 3476 3047 3522 et
3080 3464 3245 3520 alacri
3262 3468 3457 3524 ‚animo
3492 3468 3544 3523 in

1977 3559 2235 3629 praeclara
2271 3571 2496 3626 quaeque
2523 3556 2780 3610 feramur.
2822 3553 2939 3609 Non
2969 3553 3112 3609 enim
3147 3564 3295 3610 certe
3327 3557 3545 3626 putabi-

1977 3667 2118 3715 mus,
2152 3650 2198 3706 si
2235 3658 2382 3704 recta
2406 3662 2559 3703 mens
2593 3645 2750 3701 nobis
2790 3654 2895 3710 est,
2935 3660 3029 3702 eos
3069 3645 3161 3715 qui
3198 3646 3288 3701 Dei
3318 3646 3543 3715 effigiem

1975 3743 2028 3797 in
2055 3741 2253 3796 animis
2280 3740 2395 3795 suis
2427 3740 2625 3794 babent
2654 3752 2862 3791 moram
2892 3736 3152 3806 qualitate
3191 3735 3542 3801 relucentem,

1972 3830 2381 3889 similitudinem
2429 3830 2629 3884 babere
2670 3841 2791 3882 cum
2840 3827 2957 3897 ipso
3007 3827 3433 3893 substantialem,
3489 3838 3544 3883 et

1974 3921 2389 3985 immutabilem,
2424 3929 2477 3976 et
2520 3919 2587 3974 ad
2617 3932 2805 3973 omnes
2832 3919 2949 3989 ejus
2995 3919 3271 3974 naturales
3301 3921 3545 3991 proprie-

1974 4024 2112 4070 tates
2144 4010 2424 4082 aqualiter
2453 4011 2820 4076 accedentem,
2866 4010 3128 4080 siquidem
3171 4011 3337 4067 Deum
3392 4012 3545 4067 simi-

1972 4108 2077 4163 lem
2110 4105 2262 4160 nobis
2282 4118 2400 4158 esse
2425 4100 2854 4167 admitteremus,
2875 4099 3020 4155 nullo
3036 4102 3403 4157 intercedente
3429 4102 3543 4158 dis·

1972 4195 2219 4249 crimine.
2261 4191 2472 4248 conditi
2513 4191 2656 4247 enim
2684 4206 2870 4248 sumus
2901 4192 2967 4247 ad
3000 4190 3285 4262 imaginem
3316 4199 3370 4246 et
3391 4190 3544 4245 simi·

1972 4286 2256 4341 litudinem
2297 4285 2467 4354 ipsius
2503 4283 2571 4336 ⁸⁸.
2628 4280 2733 4337 Sed
2769 4298 2874 4338 non
2919 4283 2990 4337 ita
3030 4295 3118 4338 res
3147 4289 3277 4338 est:
3316 4284 3540 4337 multum

1971 4375 2126 4432 abest
2151 4393 2165 4431 t
2191 4375 2401 4431 infinito
2425 4375 2622 4445 quippe
2649 4374 2930 4429 intervallo
2950 4374 3234 4430 distamus.
3258 4373 3367 4429 Nos
3395 4375 3539 4428 enim

288 4463 488 4521 εἰκόνα
533 4465 629 4519 καὶ
664 4465 923 4537 ὁμοίωσιν
973 4464 1161 4520 αὐτοῦ.
1209 4465 1345 4519 Ἀλλ’
1388 4467 1487 4519 οὐκ
1530 4464 1597 4519 ἂν
1624 4459 1724 4521 ὧδε
1757 4465 1870 4536 ἔχοι
1903 4451 1948 4508 D
1974 4466 2251 4536 simplices
2280 4472 2474 4520 natura
2499 4466 2639 4520 baud
2668 4480 2854 4520 sumus
2883 4483 2897 4520 ι
2932 4466 3073 4520 Deus
3097 4475 3273 4520 autem
3314 4464 3537 4534 simplex

291 4555 492 4620 αὕτα,
513 4555 712 4610 πολλοῦ
742 4572 805 4626 γε
837 4557 932 4610 καὶ
960 4556 1065 4609 δεῖ·
1089 4555 1258 4628 μυρία
1286 4555 1395 4627 γὰρ
1424 4556 1523 4609 ὅσα
1545 4555 1615 4608 τὰ
1642 4555 1866 4627 μεταξύ.

305 4646 501 4718 Ἡμεῖς
522 4647 622 4718 μὲν
642 4645 771 4716 γὰρ,
797 4647 896 4718 οὐχ
927 4647 1088 4701 ἁπλοῖ
1107 4646 1207 4717 τὴν
1233 4644 1414 4715 φύσιν,
1444 4646 1504 4700 τὸ
1527 4646 1583 4701 δέ
1607 4662 1671 4716 γε
1695 4646 1868 4711 Θεϊον,

291 4736 506 4794 ἁπλοῦν
542 4738 638 4792 καὶ
667 4736 959 4791 ἀσύνθετον
1007 4737 1224 4807 κομιδῇ,
1275 4736 1500 4790 πλουτεῖ
1539 4735 1595 4790 δὲ
1638 4737 1770 4791 αὐτὸ
1805 4737 1867 4791 τὸ

292 4827 620 4884 παντέλειαν
646 4829 732 4898 ἐφ’
769 4829 974 4899 ἐαυτῷ,
1003 4829 1192 4899 δεηθέν
1218 4828 1449 4891 οὐδενός.
1487 4829 1778 4900 Σωματικὴ
1809 4829 1867 4883 δὲ

291 4922 444 4977 πᾶσα
472 4920 759 4989 σύγκειται
788 4921 951 4990 φύσις
976 4922 1039 4973 ὲκ
1072 4920 1275 4992 μορίων
1300 4923 1481 4984 τινῶν,
1530 4922 1610 4983 είς
1638 4922 1754 4984 ἑνός
1786 4939 1868 4975 τι-

289 5030 382 5079 νος
410 5013 510 5069 τοῦ
545 5012 769 5075 τελείως
814 5012 1029 5084 ἔχοντος
1070 5011 1397 5066 συνθεόντων
1427 5011 1724 5083 πλήρωσιν.
1757 5013 1867 5066 Καὶ

288 5105 453 5176 ἡμεῖς
485 5104 587 5177 μὲν
629 5105 696 5158 ὲκ
721 5104 824 5174 γῆς
845 5142 860 5167 ,
891 5104 1032 5158 κατά
1057 5119 1120 5172 γε
1150 5104 1249 5174 τὴν
1283 5103 1480 5174 σάρκα,
1513 5102 1741 5172 φθαρτοὶ
1773 5103 1866 5155 καὶ

290 5196 652 5267 ιύμάραντοι,
680 5194 859 5265 χλόοις
890 5195 948 5247 ὲν
973 5195 1091 5264 ίσῳ,
1131 5195 1225 5248 καὶ
1260 5194 1465 5265 κρίνοις
1493 5193 1865 5264 ὲξεικασμένοι

287 5290 405 5353 τοῖς
444 5289 504 5342 ἰν
537 5287 717 5357 ἀγρῷ.
764 5286 894 5349 Θεὸς
940 5286 997 5338 δὲ
1030 5284 1232 5338 τούτων
1273 5283 1590 5355 ἀνῴκισται.
1636 5286 1747 5340 Καὶ
1777 5287 1864 5339 εὐ-

294 5377 614 5450 πρόφορος
664 5377 762 5448 μὲν
808 5379 840 5446 ἡ
893 5373 1179 5446 ἀνθρώπου
1231 5374 1409 5446 ψυχὴ,
1461 5376 1554 5430 καὶ
1615 5377 1864 5440 ποικίλας

289 5468 488 5540 Ιχουσα
515 5468 616 5532 τὰς
659 5468 958 5538 μεταὸολάς
986 5508 998 5529 ,
1052 5467 1114 5520 ἐκ
1157 5484 1217 5521 τε
1253 5467 1362 5520 τῶν
1404 5467 1644 5538 ἀρίστων
1675 5469 1768 5520 ἐπὶ
1802 5468 1862 5521 τὸ

290 5560 515 5631 φαῦλον,
544 5560 639 5614 καὶ
669 5561 730 5613 ὲκ
757 5560 1090 5630 φαυλότητος
1133 5554 1197 5614 αὗ
1233 5559 1368 5630 πρὸς
1395 5559 1454 5612 τὸ
1498 5559 1720 5627 ἀγαθόν.
1756 5560 1857 5613 Πέ-

361 5735 406 5770 ”
443 5733 581 5792 Luc.
615 5747 687 5797 vi,
713 5733 803 5788 56.
883 5736 927 5767 ⁸⁸
952 5733 1084 5789 Gen.
1123 5748 1161 5798 ι,
1184 5733 1270 5788 ⁹26.

1976 4567 2081 4624 est,
2120 4568 2175 4614 et
2208 4558 2445 4625 inquem
2468 4557 2786 4624 compositio
2818 4570 2921 4611 non
2952 4555 3116 4619 cadit,
3151 4556 3243 4610 sed
3275 4558 3541 4609 omnimo·

1977 4652 2100 4708 dam
2142 4650 2195 4704 in
2229 4663 2288 4704 se
2329 4645 2711 4717 perfectionem
2745 4646 2924 4713 babet,
2958 4646 3158 4701 nullius
3186 4659 3368 4714 egens.
3409 4646 3541 4701 Cor-

1977 4753 2141 4815 porea
2174 4749 2356 4797 autem
2394 4740 2570 4796 omnis
2612 4750 2798 4794 natura
2840 4753 2903 4793 ex
2944 4737 3186 4808 partibus
3219 4738 3538 4808 quibusdam

1974 4836 2339 4908 componitur,
2379 4849 2497 4906 quae
2543 4835 2606 4887 ad
2643 4848 2806 4887 unum
2839 4830 3055 4901 aliquod
3088 4831 3355 4902 integrum
3392 4845 3540 4886 com-

1975 4925 2225 4997 plendum
2264 4934 2611 4983 concurrunt.
2650 4923 2814 4996 394
2852 4923 2917 4977 Et
2945 4937 3043 4978 nos
3079 4923 3293 4992 quidem
3323 4937 3353 4978 e
3395 4931 3536 4977 terra

1975 5031 2182 5083 sumus,
2217 5016 2359 5085 quod
2400 5015 2466 5069 ad
2511 5028 2730 5069 carnem
2770 5020 2997 5082 spectat,
3041 5012 3440 5085 corruptibiles,
3484 5020 3536 5065 et

1975 5108 2399 5173 marcescibiles,
2454 5106 2635 5162 herbis
2679 5119 2741 5160 ac
2796 5103 2923 5160 liliis
2966 5102 3270 5176 agrestibus
3309 5102 3533 5158 similes.

1975 5198 2117 5255 Deus
2158 5209 2337 5253 autem
2372 5212 2532 5266 supra
2576 5196 2691 5251 baee
2724 5195 2952 5264 positus.
2983 5194 3133 5248 Adde
3156 5192 3297 5262 quod
3328 5191 3537 5247 animus

1973 5290 2208 5346 bominis
2240 5305 2337 5360 pro
2364 5303 2460 5344 sua
2504 5288 2717 5343 levitate
2747 5289 2927 5343 varias
2980 5284 3303 5340 mutationes
3333 5283 3475 5353 capit
3503 5299 3534 5338 a

1969 5382 2171 5436 virtute
2214 5381 2281 5435 ad
2338 5380 2551 5442 vitium,
2596 5387 2650 5432 et
2684 5392 2872 5434 rursus
2921 5390 2950 5430 a
2991 5375 3117 5430 vitio
3159 5374 3225 5429 ad
3260 5374 3531 5430 virtutem.
3640 5373 3646 5379 ’

1972 5470 2116 5525 Deus
2145 5481 2325 5525 autent
2354 5470 2515 5525 veluti
2554 5469 2692 5525 fixus
2721 5471 2774 5523 in
2808 5468 2920 5523 suis
2950 5466 3105 5524 bonis
3137 5479 3200 5520 ac
3242 5463 3533 5528 stabilitus,

1970 5561 2037 5618 ab
2066 5577 2171 5618 uno
2206 5563 2257 5617 in
2296 5562 2438 5618 aliud
2480 5561 2852 5633 migrationem
2902 5573 3004 5614 non
3053 5556 3255 5629 patitur
3288 5573 3304 5611 ι
3348 5566 3533 5624 estque
