3809 6125
371 335 471 394 4⁸7
1369 335 1427 389 S.
1469 334 1741 390 ctutum
1781 332 2248 391 ALEXANnssth
2285 334 2598 390 attenti-21².
3526 330 3631 392 ⁴88

369 453 544 517 coelis,
580 462 634 507 ct
660 466 781 521 qnae
817 452 867 506 in
901 463 1041 508 terra
1072 459 1220 520 sunt,
1261 450 1373 507 sive
1395 450 1646 519 visibilia,
1696 450 1810 506 sive
1857 448 1942 505 in-
1971 458 2018 514 Α
2045 451 2140 506 καὶ
2190 452 2284 505 ἐπὶ
2334 450 2432 521 τῆς
2473 452 2597 521 γῆς,
2629 451 2738 503 εἴτε
2775 447 2967 522 όρατά,
2995 448 3107 503 εἴτε
3150 446 3380 518 ἀόρατα.
3417 466 3435 499 ι
3474 446 3541 501 Εἰ
3577 449 3635 503 ἐν

369 542 601 599 visibilia
631 544 698 596 ⁸⁸.
737 561 757 596 ι
792 542 849 598 Si
867 543 1122 598 omniain
1149 557 1216 598 eo
1253 552 1437 599 creata
1461 543 1608 610 sunt,
1640 551 1790 598 ccrte
1828 542 1944 611 ipse
2047 539 2197 613 αὐτῷ
2239 540 2309 596 τὰ
2357 542 2533 595 πάντα
2581 540 2825 611 ἐκτίσθη,
2854 541 2955 595 οὐκ
2996 538 3063 594 ἀν
3090 540 3205 601 τοῖς
3236 538 3373 592 πᾶσι
3404 555 3637 611 συναρι·

368 634 621 689 omnibus
643 636 992 689 annumerari
1025 634 1220 689 merito
1251 648 1357 690 non
1417 636 1614 705 poterit
1640 675 1656 701 ,
1702 634 1945 705 quinimo
2048 634 2237 705 θμοῖτο
2265 633 2507 698 δικαίως,
2540 633 2759 687 πάντων
2781 632 2840 687 δὲ
2868 632 3069 703 μᾶλλον
3104 630 3268 695 αὐτὸς
3313 630 3419 697 ἔξω
3449 633 3640 687 κείσε·

369 734 524 778 extra
554 725 799 780 ordinem
833 723 1071 779 omniurn
1112 736 1362 792 ponetur.
1406 724 1562 790 Nam,
1603 740 1726 781 cunt
1785 725 1943 789 dixit,
2045 743 2156 783 ται.
2176 726 2264 781 Ἐν
2294 726 2403 799 γὰρ
2445 726 2523 798 τῷ
2561 745 2580 779 ι
2610 726 2679 780 τὰ
2703 724 2881 780 πάντα
2911 744 2930 777 ι
2987 726 3183 789 εἰπεῖν,
3212 723 3366 778 οὐδὲν
3418 726 3640 797 ἀφῆκεν

376 832 395 864 ι
431 816 669 881 omnia,»
696 815 828 870 nihil
859 830 1044 870 eorutn
1070 816 1254 871 omisit
1304 829 1424 884 qnae
1450 829 1516 870 ex
1541 815 1710 870 nihilo
1731 816 1798 869 ad
1826 827 1948 870 esso
2047 818 2206 883 ἐκτὸς
2231 819 2342 873 τῶν
2368 819 2469 873 ὅσα
2508 818 2643 889 πρὸς
2666 818 2882 888 γένεσιν
2910 816 2969 883 ἐξ
2998 816 3099 870 οὐκ
3130 816 3300 870 όντων
3341 816 3641 887 ἐνεχθέντα

375 907 618 961 traducta
638 916 786 962 sunt.
823 907 882 962 Si
917 921 1044 962 vero
1075 906 1263 963 omnia
1288 921 1385 975 per
1414 906 1610 977 ipsunt,
1637 915 1693 961 et
1722 906 1839 976 ipse
1862 913 1948 962 est

373 1001 621 1058 diversus
654 1003 725 1057 ab
749 1004 1024 1069 omnibus,
1076 1002 1348 1072 quomodo
1397 1003 1503 1058 erit
1539 1010 1810 1067 creatura,
1853 1000 1948 1070 qni

374 1103 593 1163 propter
627 1101 836 1149 natnrae
873 1092 1230 1151 differentiam
1263 1096 1519 1151 abhorret
1545 1110 1574 1149 a
1606 1106 1833 1148 numero
1893 1100 1950 1146 et

373 1183 650 1242 consortio
688 1184 968 1240 omnium!

1043 1296 1278 1353 Amul).

448 1429 468 1463 ι
512 1408 646 1467 Volo
668 1412 834 1478 enini,
861 1410 1058 1481 inquit,
1088 1427 1185 1468 vos
1229 1411 1370 1468 scire
1395 1410 1606 1482 qualern
1635 1408 1953 1502 sollicitudi-

375 1517 498 1556 neni
527 1501 751 1557 babeam
780 1518 877 1573 pro
897 1502 1071 1569 vobis,
1105 1511 1161 1558 et
1181 1518 1279 1574 pro
1298 1503 1366 1558 iis
1385 1504 1696 1575 quicunque
1722 1518 1827 1559 non
1859 1503 1941 1557 vi·

2049 911 2319 981 φαίνεται.
2344 911 2409 964 Εί
2440 910 2497 963 δὲ
2525 910 2703 963 πάντα
2735 908 2803 963 δι’
2826 906 3013 974 αὑτοῦ,
3042 906 3138 961 καὶ
3162 907 3325 970 αὐτὸς
3355 907 3469 961 τῶν
3499 908 3641 961 πᾶν·

2047 1018 2158 1056 των
2209 1000 2417 1071 ἕτερος,
2447 1001 2566 1065 πῶς
2593 999 2666 1055 ἂν
2693 1000 2778 1071 εἴη
2810 998 3038 1070 κτίσμα,
3064 999 3093 1051 ό
3125 998 3185 1052 τὸ
3219 999 3279 1052 ὲν
3305 1001 3423 1061 τοῖς
3464 999 3638 1053 πᾶσιν

2051 1085 2193 1146 εἶναι
2218 1089 2500 1163 διαφυγὼν
2522 1089 2610 1145 διὰ
2631 1090 2692 1145 τὸ
2715 1090 2814 1162 τῆς
2843 1088 3057 1159 φύσεως
3081 1088 3521 1159 ὲξηλλαγμὲνον;

2738 1287 2942 1342 Almo,

2130 1421 2151 1455 ι
2181 1401 2331 1456 Θέλω
2358 1400 2465 1475 γὰρ
2488 1400 2632 1473 ὑμᾶς
2657 1400 2858 1455 εἰδέναι
2895 1400 3081 1473 ήλίκον
3109 1398 3297 1471 ἀγῶνα
3323 1400 3468 1474 ἔχων
3498 1402 3640 1478 ὗπὲρ

2054 1494 2209 1567 ὑμῶν
2258 1493 2356 1549 καὶ
2401 1493 2509 1548 τῶν
2542 1495 2601 1548 ὲν
2630 1494 2940 1565 Λαοδικείᾳ,
2971 1495 3067 1548 καὶ
3112 1494 3330 1549 πάντων
3374 1496 3497 1550 ὅσοι
3544 1499 3642 1571 οὐχ

374 1592 568 1648 derunt
592 1593 782 1649 sacient
810 1608 982 1648 meam
1022 1594 1075 1649 in
1099 1609 1284 1662 carne,
1318 1603 1378 1649 nt
1400 1593 1750 1650 consolentur
1787 1593 1951 1648 corda
2054 1585 2335 1656 ἑωράκασι
2370 1583 2432 1636 τὸ
2480 1584 2771 1655 πρόσωπόν
2804 1601 2905 1654 μου
2934 1585 2992 1638 έν
3017 1584 3203 1655 σαρκὶ,
3228 1585 3316 1639 ἵνα
3346 1587 3641 1661 παρακλη-

375 1683 635 1754 ipsorum,
670 1683 921 1739 instructi
948 1683 1002 1739 in
1035 1683 1325 1750 charitate,
1357 1691 1413 1739 et
1450 1684 1504 1738 in
1527 1697 1714 1738 omnes
1737 1681 1952 1738 divitias
2054 1676 2219 1730 θῶσιν
2245 1675 2304 1729 αἱ
2332 1675 2553 1745 καρδίαι
2586 1674 2785 1739 αὐτῶν.
2824 1674 3285 1745 ουμθιὸασθὲντῑς
3325 1677 3386 1730 ἐν
3425 1680 3635 1751 ἀγάπῃ.

375 1772 728 1843 plenitudinis
751 1773 1084 1841 intellectus,
1111 1774 1165 1829 in
1198 1775 1526 1843 agnitionem
1555 1775 1796 1846 mysterii
1852 1774 1947 1830 Dei
1985 1815 2027 1870 B
2055 1768 2134 1832 εἰς
2159 1768 2265 1822 πᾶν
2294 1766 2356 1820 τὸ
2380 1765 2583 1837 πλῆθος
2609 1766 2709 1837 τῆς
2736 1766 3111 1837 πληροφορίας
3139 1770 3238 1838 τῆς
3265 1771 3545 1836 συνέσεως
3564 1776 3634 1837 είς

373 1872 430 1919 οι
447 1862 626 1919 Patris
653 1872 706 1919 et
733 1863 932 1920 Christi
965 1863 1116 1933 Jesn,
1146 1865 1198 1919 in
1229 1880 1334 1931 quo
1366 1875 1492 1921 sunt
1518 1880 1706 1921 omnes
1732 1866 1949 1921 thesau-
2055 1858 2351 1929 ἐπίγνωσιν
2393 1856 2487 1911 τοῦ
2522 1858 2825 1931 μυστηρίου
2851 1857 2945 1912 τοῦ
2973 1858 3108 1912 Θεοῦ
3142 1860 3240 1914 καὶ
3269 1860 3551 1932 Χριστοῦ,
3584 1866 3641 1917 ἐν

374 1954 421 2010 ri
452 1954 732 2025 sapientiae
759 1965 814 2011 et
835 1954 1076 2012 scientiae
1104 1954 1407 2011 absconditi
1451 1957 1515 2011 ⁸⁸.
1559 1976 1580 2009 ι
1630 1957 1687 2012 Si
1736 1972 1951 2013 otnnetn
2053 1945 2098 2021 ᾧ
2130 1952 2237 2006 εἰσι
2269 1952 2470 2015 πάντες
2499 1951 2550 2005 οἱ
2592 1950 2857 2021 θησαυροὶ
2888 1950 2987 2020 τῆς
3035 1950 3229 2022 σοφίας
3258 1953 3351 2008 καὶ
3382 1953 3644 2023 γνώσεως

374 2046 654 2116 sapientiae
703 2056 761 2102 ct
818 2047 1059 2103 scicntiae
1116 2063 1425 2104 mensuram
1485 2050 1702 2106 excedit
1748 2057 1953 2120 myste-
2054 2043 2431 2116 ἀπόκρυφοι.»
2493 2043 2558 2095 Εἰ
2608 2043 2790 2114 πάσης
2821 2040 3075 2111 γνώσεως
3115 2042 3312 2116 μέτρον
3343 2044 3641 2118 ὑπεραίρει

371 2136 510 2193 riutn
550 2137 664 2205 Dei,
695 2147 750 2193 et
776 2139 954 2194 omnis
974 2140 1255 2210 sapientiae
1281 2154 1347 2195 ac
1377 2140 1623 2197 scientiae
1666 2140 1949 2210 fastigium
2052 2136 2117 2189 τὸ
2160 2136 2292 2209 περὶ
2340 2133 2477 2189 Θεοῦ
2525 2136 2845 2207 μυστήριον,
2883 2135 2977 2188 καὶ
3016 2136 3199 2207 πάσης
3225 2136 3414 2205 σοφίας
3440 2153 3501 2191 τε
3534 2138 3635 2191 καὶ

374 2226 433 2283 in
465 2228 647 2283 verbis
677 2227 851 2299 ipsius
879 2230 1232 2300 conspicitur,
1265 2238 1322 2288 et
1351 2232 1405 2287 in
1441 2233 1701 2303 mysterio
1750 2230 1949 2288 Christi
2055 2226 2324 2291 συνέσεως
2366 2225 2428 2282 τὸ
2477 2226 2777 2298 ἀκρότατον
2826 2227 2886 2279 ὲν
2937 2229 3051 2291 τοῖς
3097 2227 3226 2300 περὶ
3252 2226 3415 2281 αὐτοῦ
3444 2227 3632 2297 λόγοις

373 2332 563 2375 omncs
580 2319 820 2374 thesauri
846 2320 1128 2389 sapientiae
1150 2323 1461 2379 ctscientiae
1485 2333 1612 2379 sunt
1627 2322 1949 2389 absconditi,
2052 2318 2267 2390 ὁρᾶται,
2300 2319 2395 2372 καὶ
2416 2320 2474 2373 ὲν
2493 2317 2571 2389 τῷ
2599 2318 2885 2391 μυστηρίῳ
2907 2317 2986 2389 τῷ
3012 2319 3141 2390 περὶ
3168 2320 3408 2393 Χριστοῦ
3430 2321 3640 2385 πάντες

370 2410 646 2480 quomodo
678 2426 784 2465 non
819 2412 922 2465 erit
956 2410 1124 2477 Deus,
1164 2412 1253 2482 qui
1282 2413 1460 2468 omnis
1510 2413 1705 2484 lingnae
1727 2411 1947 2469 modum
2053 2408 2191 2464 εἰσὶν
2219 2409 2267 2463 ot
2301 2409 2569 2483 θησαυροὶ
2594 2409 2694 2480 τῆς
2722 2408 2933 2479 σοφίας,
2967 2410 3062 2463 καὶ
3091 2410 3191 2483 τῆς
3227 2412 3485 2481 γνώσεως
3505 2413 3641 2467 ἀπό-

359 2498 604 2578 excedit,
623 2512 944 2568 omnemque
973 2500 1301 2556 intellectum
1343 2510 1400 2555 et
1420 2502 1737 2571 sapientiam
1793 2517 1952 2573 supe·
2052 2519 2272 2574 κρυφοι,
2304 2499 2422 2565 πῶς
2465 2502 2564 2554 οὑκ
2604 2500 2755 2554 ἔσται
2787 2500 2940 2565 Θεὸς,
2974 2502 3004 2555 ό
3043 2502 3223 2573 πάσης
3262 2502 3362 2573 μὲν
3388 2502 3641 2573 γλώττης

372 2603 485 2663 rat,
512 2605 670 2660 quem
730 2590 874 2644 nulla
927 2599 1171 2645 creatura
1230 2600 1405 2661 potest
1442 2593 1950 2663 comprehendere?
2050 2593 2359 2650 ἀναὸαίνων
2402 2592 2462 2647 τὸ
2497 2592 2717 2664 μέτρον,
2751 2594 2932 2648 πάντα
2957 2594 3015 2648 δὲ
3040 2593 3164 2648 νοῦν
3198 2594 3295 2648 καὶ
3325 2594 3525 2665 σοφίαν
3553 2593 3641 2662 ἐξ·

388 2703 409 2737 ι
451 2679 868 2740 Generationcm
906 2680 1051 2734 enim
1077 2678 1193 2748 eius
1229 2679 1351 2750 quis
1387 2682 1695 2745 enarrabit?
1720 2700 1740 2735 ›
1773 2682 1951 2753 inquit
2052 2682 2365 2755 αλλόμενος,
2403 2676 2467 2737 οὗ
2518 2681 2654 2753 πρὸς
2687 2683 2994 2753 κατάληψιν
3037 2683 3191 2738 οὐδὲν
3236 2682 3496 2756 ἐξαρκεῖν
3528 2685 3638 2741 τῶν

372 2772 634 2842 propheta
663 2766 710 2799 ⁸⁸
727 2796 742 2810 ·

1071 2961 1311 3019 Auno.

452 3093 475 3130 ι
508 3076 694 3148 Igitur,
718 3076 915 3147 inquit,
945 3076 995 3131 si
1055 3076 1479 3132 consurrexistis
1527 3093 1649 3134 cntn
1697 3077 1945 3149 Christo,

371 3183 492 3240 qua
509 3182 727 3225 sursum
744 3174 874 3224 sunt
900 3169 1128 3237 quaerite
1155 3185 1170 3222 z
1203 3168 1292 3223 nbi
1317 3168 1569 3227 Christus
1591 3181 1676 3227 est
1733 3172 1787 3227 in
1813 3173 1948 3229 dex-

374 3269 489 3314 tera
530 3259 621 3313 Dei
657 3260 852 3314 sedens
876 3259 944 3313 ⁸¹.
991 3276 1012 3310 ι
1044 3256 1100 3313 Si
1129 3273 1194 3313 ex
1251 3260 1500 3314 omnibus
1535 3263 1798 3317 creaturis
1827 3276 1949 3332 quae

371 3349 560 3405 eodem
599 3351 792 3402 throno
822 3357 875 3403 ct
903 3348 1038 3402 solio
1069 3363 1189 3401 cuin
1216 3345 1589 3405 universorum
1615 3366 1739 3423 rege
1772 3354 1944 3409 sedet.

377 3458 396 3492 ι
437 3439 535 3494 Cui
571 3439 713 3492 enini
749 3453 984 3507 unquam
1018 3438 1328 3509 angelornm
1357 3439 1535 3495 dixit:
1577 3440 1716 3497 Sede
1759 3458 1789 3497 a
1811 3443 1944 3498 dex-

376 3533 474 3589 tris
493 3532 628 3585 ineis
643 3530 726 3583 ⁸⁸?
752 3549 774 3584 ›
797 3546 986 3586 ornnes
1006 3547 1134 3586 vcro
1153 3530 1330 3602 potins
1351 3542 1478 3588 sunt
1499 3533 1945 3591 administratorii

372 3621 596 3693 spiritus
625 3620 702 3689 '⁸⁸;
733 3619 879 3676 solus
912 3637 1039 3678 vero
1079 3620 1245 3678 Filius
1273 3638 1336 3679 ea
1360 3624 1618 3694 dignitate
1651 3625 1909 3696 praeditus
1929 3666 1945 3692 ‚

373 3711 646 3782 simulque
672 3727 794 3767 cutn
823 3709 982 3768 Patre
1015 3714 1167 3769 sedet
1197 3723 1253 3768 et
1292 3724 1501 3785 regnat,
1531 3718 1800 3787 quomodo
1874 3719 1949 3773 sit

374 3813 514 3855 unus
547 3813 613 3854 ex
646 3799 910 3854 creaturis
940 3800 1031 3870 qui
1091 3801 1352 3873 dignitate
1395 3819 1610 3861 ornnem
1642 3816 1945 3864 creaturam

373 3890 609 3961 excellit,
639 3891 881 3956 utDeus,
917 3901 972 3948 et
1014 3893 1144 3964 regii
1194 3895 1315 3950 solii
1355 3912 1476 3952 cunt
1530 3898 1686 3956 Patre
1720 3915 1947 3987 consors

373 3982 498 4042 est?

1054 4076 1288 4136 suun.

447 4203 465 4237 ι
506 4184 635 4253 Quae
667 4199 1028 4246 sursumsunt
1068 4192 1264 4262 sapite,
1296 4209 1401 4250 non
1428 4209 1547 4263 quae
1583 4195 1752 4266 288
1783 4214 1945 4267 super

373 4283 593 4331 terram.
617 4275 814 4331 Mortui
849 4279 992 4333 enini
1019 4281 1170 4350 estis,
1217 4293 1272 4337 et
1309 4283 1416 4338 vita
1471 4296 1650 4342 vestra
1709 4299 1789 4343 est
1815 4290 1944 4345 abs-

371 4365 589 4420 condita
641 4378 763 4420 cuin
793 4367 1009 4424 Christo
1039 4369 1092 4425 in
1142 4371 1270 4428 Deo.
1321 4371 1453 4429 Cum
1495 4373 1742 4433 Christus
1772 4393 1942 4450 appa·

2053 2774 2440 2845 πεποιημένων
2471 2774 2749 2842 φαίνεται;
2789 2793 2807 2826 ι
2846 2774 2958 2846 Τὴν
2994 2774 3186 2844 γενεὰν
3215 2775 3327 2848 γὰρ
3357 2775 3530 2831 αὑτοῦ
3557 2777 3636 2842 τίς

2051 2868 2397 2939 διηγήσεται;
2429 2884 2448 2918 ι
2479 2864 2622 2920 καθά
2649 2883 2813 2937 φησιν
2838 2869 2866 2921 ό
2898 2868 3204 2940 προφήτης.

2730 2979 2936 3035 Almo,

2127 3112 2147 3146 ι
2177 3095 2239 3148 Et
2267 3088 2360 3148 οὖν
2388 3093 2759 3166 συνηγέρθητε
2785 3093 2863 3166 τῷ
2889 3092 3129 3165 Χριστῷ,
3163 3092 3232 3148 τὰ
3258 3093 3375 3148 ἄνω
3394 3093 3635 3167 ζητεῖτε,

2052 3178 2115 3239 οῦ
2143 3185 2176 3238 ό
2207 3185 2441 3255 Χριστός
2472 3185 2620 3240 ἐστιν
2658 3187 2718 3239 ὲν
2757 3185 2913 3258 δεξιᾷ
2947 3185 3039 3240 τοῦ
3076 3184 3210 3239 Θεοῦ
3242 3185 3582 3258 καθήμενος.
3610 3206 3632 3243 ι

2055 3274 2119 3328 Εἰ
2172 3275 2281 3328 τῶν
2320 3277 2710 3347 πεποιημένων
2760 3277 2912 3331 οὐδὲν
2953 3276 3033 3348 τῷ
3084 3277 3295 3348 βασιλεῖ
3339 3278 3452 3333 τῶν
3498 3280 3639 3335 ὅλων

2052 3363 2348 3437 όμόθρονόν
2373 3365 2432 3420 τὲ
2459 3368 2576 3419 ἐστι
2600 3365 2697 3419 καὶ
2724 3364 2977 3437 σύνεδρον
3013 3366 3067 3439 (ι
3088 3367 3207 3421 Τίνι
3225 3368 3334 3440 γὰρ
3352 3362 3480 3422 εἶπέ
3503 3384 3638 3425 ἀπε

2053 3455 2161 3509 τῶν
2207 3455 2452 3526 ἀγγέλων
2473 3474 2485 3486 ·
2520 3456 2702 3510 Κάθου
2734 3457 2799 3510 ἐκ
2840 3453 3027 3520 δεξιῶν
3061 3475 3198 3528 μου;
3225 3478 3248 3512 s
3273 3459 3318 3530 ’s
3346 3450 3555 3527 misc
3575 3461 3636 3518 ἂ

2057 3547 2257 3618 μᾶλλόν
2285 3548 2390 3601 slot.
2425 3546 2771 3618 λειτουργικὰ
2806 3546 3115 3619 πνεύματα,
3148 3548 3268 3605 εἶτα
3308 3552 3467 3625 μόνος
3486 3552 3635 3625 ἔχων

2052 3641 2083 3693 ό
2121 3638 2247 3704 Υίὸς
2283 3638 2344 3693 τὸ
2372 3637 2586 3709 ἀξίωμα
2616 3639 2886 3708 φαίνεται,
2911 3641 3004 3693 καὶ
3032 3643 3341 3714 συνεδρεύει
3362 3644 3457 3700 καὶ
3484 3662 3630 3717 συμ-

2054 3729 2328 3785 ὃασιλεῦει
2376 3730 2453 3801 τῷ
2504 3731 2699 3804 Πατρί·
2729 3731 2845 3796 πῶς
2877 3733 2941 3786 ἂν
2967 3734 3050 3804 εἴη
3090 3734 3197 3788 τῶν
3243 3737 3635 3808 πεποιημένων

2055 3815 2156 3889 εἷς,
2177 3823 2207 3876 ό
2234 3823 2292 3876 τὸ
2328 3823 2467 3895 ὑπὲρ
2496 3825 2673 3877 πᾶσαν
2716 3824 2816 3894 τὴν
2864 3822 3041 3878 κτίσιν
3076 3824 3293 3896 ἀξίωμα
3319 3828 3530 3900 φέρων,
3556 3828 3633 3894 ὡς

2052 3911 2204 3979 Θεὸς,
2237 3914 2330 3967 καὶ
2363 3914 2471 3967 τῶν
2507 3913 2797 3982 βασιλικῶν
2822 3914 3026 3985 θρόνων
3055 3914 3131 3987 τῷ
3159 3919 3483 3989 γεννήσαντι
3511 3935 3626 3972 κοι-

2052 4009 2247 4070 νωνός;

2736 4097 2940 4151 ΑΛΑΟ.

2127 4225 2145 4257 ι
2176 4205 2258 4259 Τὰ
2282 4205 2394 4260 ἀνω
2421 4209 2683 4275 φρονεῖτε,
2703 4207 2781 4278 μὴ
2814 4209 2881 4261 τὰ
2913 4209 3004 4261 ἐπὶ
3034 4209 3133 4280 τῆς
3163 4211 3282 4281 γῆς.
3302 4212 3629 4272 'Ameana

2050 4295 2181 4368 γὰρ,
2214 4296 2309 4351 καὶ
2354 4297 2388 4367 ή
2434 4295 2547 4367 ζωὴ
2601 4296 2753 4367 ὑμῶν
2787 4300 3095 4369 κέκρυπται
3135 4303 3230 4356 σὺν
3257 4301 3333 4372 τῷ
3372 4303 3628 4378 Χριστῷ.

2051 4388 2221 4443 Ὅταν
2248 4390 2278 4442 ό
2298 4387 2530 4459 Χριστὸς
2559 4390 2843 4462 φανερωθῇ
2871 4392 3017 4461 ὑμῖν,
3050 4393 3171 4446 τότε
3220 4394 3316 4448 καὶ
3336 4395 3500 4466 ὑμεῖς
3527 4400 3630 4454 σὺν

374 4454 563 4521 ruerit,
589 4464 644 4511 et
679 4471 774 4513 vos
797 4459 1126 4528 apparebitis
1178 4477 1301 4520 cum
1352 4464 1471 4536 ipso
1520 4468 1574 4524 in
1603 4471 1772 4541 gloria
1806 4471 1871 4527 ⁸⁸.
1918 4491 1936 4525 ι
1976 4489 2019 4545 0
2048 4478 2197 4550 αὐτῷ
2224 4478 2677 4551 φανερωθήσεσθε
2698 4484 2754 4536 ὲν
2780 4483 2927 4556 δόξῃ.
2951 4502 2969 4534 ι
2999 4486 3061 4538 El
3082 4488 3139 4538 ὲν
3160 4485 3278 4558 Θεῷ
3307 4489 3506 4554 πάντες
3529 4492 3626 4545 καὶ

371 4542 431 4601 si
455 4547 710 4603 omnesin
736 4546 845 4604 Deo
868 4559 921 4605 et
948 4552 1197 4617 vivimus,
1215 4566 1577 4625 ctnioventur‚
1603 4571 1853 4617 etsuntus
1872 4563 1941 4629 ⁸⁸,

368 4638 638 4707 quomodo
671 4655 776 4695 non
801 4646 906 4695 crit
929 4639 1071 4700 Dens
1097 4643 1269 4702 Filius
1292 4649 1381 4718 qui
1413 4659 1495 4705 est
1523 4654 1762 4707 omniurn
1797 4655 1944 4709 vita?

367 4722 505 4780 Nan·
529 4725 575 4780 si
601 4724 828 4783 facultas
858 4729 1159 4787 vivificandi
1189 4734 1288 4789 soli
1321 4735 1463 4792 inest
1495 4740 1787 4795 secundum
1838 4758 1940 4798 na-

369 4825 543 4872 turam
571 4815 702 4884 Deo,
732 4820 1069 4877 nilnilcornm
1095 4839 1214 4893 quae
1239 4837 1423 4882 creata
1467 4838 1613 4898 sunt,
1661 4832 1773 4889 vita
1814 4850 1942 4905 pro-

368 4908 484 4979 prie
506 4922 573 4963 ac
607 4923 730 4966 vere
752 4912 856 4965 dici
887 4921 1083 4981 potest,
1144 4917 1238 4971 sed
1290 4918 1467 4987 potius
1515 4921 1636 4976 vitae
1668 4922 1784 4992 ejus
1845 4926 1938 4996 qui

364 5015 484 5057 catu
518 5002 744 5073 largitur
773 5006 1140 5073 particeps&
1175 5024 1301 5066 vero
1354 5012 1405 5065 in
1438 5011 1657 5071 Christo
1702 5018 1832 5072 niltil
1858 5031 1943 5074 est

367 5089 560 5146 falsum
609 5092 830 5163 (veritas
886 5099 1028 5150 enim
1090 5099 1201 5166 ipsa
1253 5112 1340 5156 est
1379 5101 1467 5173 ⁸⁸),
1519 5105 1627 5159 vita
1687 5106 1848 5176 igitur
1872 5125 1939 5163 cx

367 5199 463 5240 sna
500 5195 689 5240 natura
719 5196 839 5252 est.
871 5197 927 5242 et
961 5204 1060 5260 ρει·
1103 5196 1541 5262 consequentiam
1576 5198 1737 5253 etiarn
1777 5199 1933 5257 Deus.

1030 5300 1190 5357 ALttJ
1202 5304 1264 5358 D.

445 5426 464 5460 ι
496 5408 689 5476 Nolite,
727 5413 921 5484 inquit,
974 5414 1191 5478 mentiri
1252 5417 1522 5485 invictum
1575 5426 1936 5493 exspoliantes

367 5697 411 5728 u
442 5628 487 5715 ⁸⁸
509 5628 712 5685 coloss.
743 5647 775 5692 ι.
805 5633 890 5688 16.
967 5637 1012 5668 ⁸⁸
1050 5636 1257 5693 Coloss.
1285 5654 1346 5704 ιι,
1377 5640 1495 5696 1-5.
1573 5644 1619 5675 “
1647 5644 1749 5702 lsa.
1787 5664 1905 5709 ιιιι,
1949 5651 2001 5707 8.
2079 5655 2120 5687 ⁸¹
2163 5655 2370 5717 Coloss.
2414 5677 2472 5716 ιιι
2532 5663 2581 5717 1.

438 5700 643 5755 boloss.
685 5717 765 5766 ιιι,
792 5703 908 5757 2-4.
988 5707 1033 5738 ⁸⁸
1062 5710 1186 5763 Act.
1226 5723 1359 5778 xvtt,
1396 5710 1485 5768 28.
1561 5713 1608 5747 ⁸⁸
1635 5714 1792 5773 «ioan.
1830 5735 1940 5789 xiv,
1972 5721 2027 5779 6.
2483 5704 2496 5727 ⁸

2050 4570 2251 4641 ζῶμεν,
2275 4571 2366 4624 καὶ
2388 4570 2704 4642 κινούμεθα,
2729 4575 2821 4628 καὶ
2851 4577 3036 4646 ἐσμὲν,
3055 4577 3172 4641 πῶς
3190 4579 3290 4632 οὐκ
3314 4579 3469 4636 ἔσται
3485 4581 3624 4648 Θεὸς

2045 4662 2076 4714 ό
2103 4660 2231 4723 Υίὸς
2262 4661 2296 4731 ἠ
2329 4660 2548 4716 πάντων
2600 4662 2746 4735 ζωή;
2792 4667 2855 4720 Εἰ
2900 4667 3008 4739 γὰρ
3061 4670 3208 4741 μόνῳ
3253 4670 3316 4724 τὸ
3359 4670 3625 4730 δύνασθαι

2047 4751 2331 4819 ζωογονεῖν
2361 4754 2619 4824 πρόσεστι
2644 4755 2786 4810 κατὰ
2818 4757 2979 4826 φύσιν
3002 4760 3139 4830 Θεῷ,
3167 4762 3275 4816 τῶν
3316 4765 3625 4837 πεποιημέ-

2045 4858 2151 4896 νων
2199 4843 2350 4896 οὐδὲν
2396 4844 2509 4915 ζωή
2557 4846 2763 4920 κυρίως
2786 4866 2847 4902 τε
2879 4851 2975 4907 καὶ
3005 4851 3224 4923 ἀληθῶς
3258 4855 3620 4927 κληθήσεται,

2044 4929 2193 5004 ζωῆς
2230 4934 2286 4987 δὲ
2315 4936 2516 5007 μᾶλλον
2544 4937 2646 5008 τῆς
2672 4939 2767 4993 τοῦ
2807 4942 3172 5015 χορηγοῦντος
3200 4946 3453 5018 μέτοχον.
3476 4947 3540 5001 Εί
3566 4949 3625 5003 δὲ

2043 5027 2101 5077 ἐν
2138 5026 2357 5097 Χριστῷ
2387 5028 2448 5081 τὸ
2474 5029 2805 5102 ἐψευσμένον
2835 5035 2987 5088 οὐδὲν
3021 5037 3277 5109 (ἀλήθεια
3307 5040 3418 5110 γὰρ
3434 5040 3477 5111 ),
3508 5039 3624 5111 ζωὴ

2045 5117 2187 5170 κατὰ
2222 5118 2381 5187 φύσιν
2417 5121 2522 5191 ἄρα
2551 5122 2726 5177 ἐστίν·
2759 5126 2808 5178 εί
2835 5125 2889 5180 δὲ
2914 5128 3094 5191 τοῦτο,
3123 5130 3216 5184 καί
3248 5130 3401 5194 Θεός.

2724 5326 2925 5378 ΛΛΛΟ.

2118 5448 2137 5482 ι
2166 5431 2257 5499 Μὴ
2289 5432 2547 5501 ψεύδεσθε
2599 5439 2678 5500 είς
2720 5438 3000 5509 ἀλλήλους,
3041 5442 3481 5516 ἀπεκδυσάμενοι
3524 5445 3619 5499 τόν

2678 5664 2724 5698 ⁸⁸
2765 5664 2928 5722 liebr.
2957 5682 2991 5732 ι,
3030 5667 3114 5723 ta.
3194 5670 3236 5704 ⁸³
3277 5669 3412 5726 ibic.
3449 5673 3533 5728 16.
