3809 6125
288 314 384 374 tat

1303 315 1360 370 S.
1401 310 2176 368 CYRiLLl’ALEXANDRlNl
2217 312 2540 368 Anctttssr'.

3421 309 3527 363 tal

287 446 373 489 ter
403 434 455 489 in
479 448 594 502 me;
624 454 644 488 ι
677 441 732 491 εί
764 436 977 490 ruisltm
1015 452 1029 489 :
1065 450 1083 487 ι
1118 435 1218 503 Qui
1269 435 1404 490 vidit
1461 450 1567 500 me,
1617 433 1752 489 vidit
1794 438 1848 486 ei
1877 437 1923 489 A
1953 430 2080 493 Υίὸς
2096 431 2560 500 άναδειχθήσεται,
2581 428 2655 492 ὡς
2685 428 3050 482 καὶδῦνασθαι
3072 424 3287 492 λέγειν·
3322 442 3342 474 ι
3381 423 3529 489 Ἐγὼ

284 525 518 581 Patrem.
554 543 575 577 a

699 738 930 809 Auun,
967 740 1121 794 modo
1166 740 1499 809 explicuero.

356 847 430 903 lta
470 857 553 905 est
583 866 745 906 nuum
784 852 946 908 Pater
959 861 1014 909 et
1045 853 1232 919 Filius,
1254 858 1429 922 eaque
1451 851 1662 908 ratione
1690 852 1853 909 simi-

283 941 351 997 lis
369 942 468 1010 ipsi
485 952 590 1005 est,
610 943 1060 1012 quemadmodum
1078 946 1129 998 in
1159 945 1311 999 nobis
1329 944 1495 998 Filius
1517 944 1728 998 ratione
1757 956 1850 999 ω-

282 1028 467 1082 sentiae
477 1029 671 1083 similis
686 1044 805 1084 esse
817 1030 966 1084 Patri
987 1031 1381 1102 intelligitur,et
1401 1031 1849 1101 quemadmodum

281 1118 537 1186 splendor
549 1134 615 1174 ex
638 1122 750 1175 solo
762 1122 1317 1190 procedens.1dcirc0‚
1336 1137 1458 1177 cum
1481 1122 1553 1176 ita
1574 1135 1634 1177 se
1649 1121 1851 1177 habeat

282 1212 450 1267 Filius
489 1212 554 1266 ad
580 1212 1094 1284 Patrem,operanto
1123 1214 1259 1270 Filio
1285 1224 1544 1284 operatur
1561 1224 1612 1269 et
1646 1213 1847 1270 Paterz

281 1317 453 1373 eoque
471 1319 681 1359 rursum
735 1306 801 1359 ad
824 1314 1042 1361 sanctos
1063 1306 1316 1361 veniente
1339 1305 1487 1360 vertit
1519 1306 1685 1360 etiam
1742 1306 1855 1360 Pa·

284 1402 387 1461 ter,
423 1396 563 1448 sicut
631 1397 746 1465 ipse
787 1398 900 1452 ait:
932 1415 952 1450 ‹
1017 1396 1335 1463 Veniemus,
1375 1411 1474 1468 ego
1497 1405 1552 1452 et
1580 1397 1762 1462 Pater,
1795 1404 1852 1453 et

285 1487 611 1542 mansionem
639 1490 779 1558 apud
807 1490 979 1559 ipsum
1020 1489 1277 1545 faciemus
1299 1490 1366 1545 ⁸⁸.
1416 1507 1437 1541 ι
1463 1488 1656 1545 Omnia
1684 1490 1851 1557 enim,

281 1586 342 1631 ut
362 1578 519 1634 modo
545 1579 745 1634 dictum
777 1589 883 1645 est,
915 1595 945 1634 a
989 1579 1150 1635 Patre
1178 1596 1274 1650 per
1333 1579 1525 1635 Filium
1557 1580 1731 1636 liunt:
1771 1582 1853 1636 id-

280 1671 428 1726 circo
459 1672 504 1726 si
535 1673 729 1741 quibus
755 1689 988 1743 unquam
1008 1674 1209 1728 sanctis
1229 1674 1398 1744 gratia
1428 1674 1549 1727 data
1573 1682 1675 1739 est,
1731 1688 1851 1730 eam

284 1754 442 1818 Palen·
469 1779 564 1834 per
595 1763 787 1820 Filium
816 1766 1042 1836 largitus
1069 1763 1236 1820 fuisse
1271 1762 1427 1835 115
1464 1765 1722 1820 cernitur.
1741 1764 1847 1819 Cu-

1948 521 2008 574 έν
2035 520 2115 590 τῷ
2142 521 2335 590 Πατρὶ,
2357 520 2451 573 καὶ
2481 522 2508 572 ό
2537 520 2724 591 Πατὴρ
2747 520 2807 573 ὲν
2839 518 2984 587 ἐμοὶ,
3019 537 3038 568 ι
3066 516 3162 569 καῖΙ
3184 516 3376 569 πάλιν·
3405 532 3425 566 ι
3466 516 3529 569 ‘0

1951 608 2210 681 ἑωρακὼς
2239 607 2364 679 ἐμὲ,
2398 606 2609 677 ἑώρακε
2640 607 2734 661 τὸν
2763 605 3007 677 Πατέρα.
3056 623 3074 656 ι

2285 742 2488 806 ᾸΑΛΟ,
2525 740 2727 811 τρόπῳ
2758 736 3182 809 διηγηματικῷ.

2021 852 2207 920 Οὕτως
2248 853 2307 907 ’ἐν
2353 855 2491 910 είσιν
2532 854 2563 907 05
2612 854 2804 925 Πατὴρ
2849 853 2946 906 καὶ
2984 854 3015 907 ὁ
3057 852 3208 915 Υἱὸς,
3250 851 3348 905 καὶ
3385 852 3531 906 κατὰ

1950 945 2100 998 τόνδε
2152 945 2242 998 τὸν
2284 944 2486 1015 τρόπον
2524 944 2773 1015 ἐμφερής
2819 943 2969 996 ἐστιν
3016 942 3183 1013 αὐτῷ,
3214 942 3291 1006 ὡς
3326 942 3395 997 ἂν
3441 941 3529 1012 ἐφ’

1952 1035 2108 1107 ἡμῶν
2146 1035 2365 1106 νοηθείη
2396 1036 2510 1100 υίὸς
2542 1035 2675 1107 πρὸς
2700 1035 2792 1088 τὸν
2823 1034 3017 1090 ἑαυτοῦ
3043 1033 3255 1105 πατέρα
3295 1035 3443 1089 κατά
3462 1051 3526 1103 γε

1950 1125 2043 1179 τὸν
2085 1125 2183 1195 τῆς
2227 1123 2416 1188 οὐσίας
2447 1123 2625 1192 λόγον,
2659 1122 2753 1177 καὶ
2779 1123 2855 1188 ὡς
2898 1123 2966 1178 ἂν
2998 1123 3097 1176 ίδοι
3125 1140 3211 1186 τις
3255 1124 3395 1194 πρὸς
3436 1122 3527 1178 τὸν

1951 1213 2101 1284 ἥλιον
2130 1213 2189 1267 τὸ
2225 1214 2285 1280 ἐξ
2311 1213 2477 1267 αὐτοῦ
2499 1214 2687 1285 προϊὸν
2717 1213 3076 1283 ἀπαύγασμα.
3109 1214 3207 1267 Διὰ
3231 1213 3342 1285 γάρ
3372 1214 3528 1268 τοῦτο

1953 1306 2046 1360 καὶ
2069 1304 2158 1358 διὰ
2175 1304 2235 1357 τὸ
2259 1304 2435 1368 οὕτως
2457 1305 2602 1376 ἔχειν
2629 1305 2721 1359 τὸν
2746 1305 2873 1359 Υίὸν
2903 1305 3039 1377 πρὸς
3067 1304 3158 1358 τὸν
3187 1303 3383 1358 ἑαυτοῦ
3416 1307 3528 1358 Πα-

1951 1395 2108 1469 τέρα,
2143 1393 2513 1468 ἐργαζομένου
2551 1393 2646 1449 τοῦ
2701 1394 2857 1456 Υίοῦ,
2896 1395 2925 1447 ό
2980 1394 3170 1466 Πατὴρ
3213 1391 3526 1465 ἐργάζεται,

1954 1488 2049 1540 καὶ
2081 1486 2219 1557 πρὸς
2243 1487 2369 1549 τοὺς
2400 1485 2587 1554 ἁγίους
2619 1485 2915 1558 ἐρχομένου
2952 1485 3116 1539 πάλιν
3143 1484 3331 1552 αὐτοῦ,
3359 1486 3390 1537 ὀ
3417 1486 3532 1539 Πα-

1951 1579 2055 1648 τήρ
2087 1578 2236 1631 ἐστιν
2276 1578 2305 1631 ὀ
2346 1577 2663 1648 ἐρχόμενος,
2696 1576 2772 1639 ὡς
2800 1575 2964 1639 αὐτὸς
2993 1575 3229 1645 ἔφησεν·
3267 1594 3290 1628 ι
3350 1576 3532 1629 Ἑλευ-

1955 1667 2182 1737 σόμεθα,
2222 1666 2334 1737 ἐγὼ
2382 1669 2477 1720 καὶ
2517 1669 2548 1720 ό
2593 1668 2804 1739 Πατὴρ,
2848 1666 2943 1720 καὶ
2982 1667 3149 1737 μονὴν
3204 1669 3335 1738 παρ’
3380 1667 3531 1738 αὐτῷ

1956 1759 2275 1829 ποιήσομεν.
2315 1776 2335 1810 ι
2372 1758 2557 1812 Πάντα
2592 1759 2723 1829 γάρ,
2770 1758 3021 1829 καθάπερ
3049 1759 3147 1829 ἥδη
3177 1760 3529 1830 προείρηται.

275 1853 366 1921 jus
427 1856 504 1909 rei
551 1855 751 1911 Paulus
802 1858 952 1911 testis
998 1864 1102 1921 est,
1162 1854 1230 1909 ad
1260 1855 1519 1923 quosdam
1551 1853 1842 1909 scribens:
1875 1853 1919 1907 B
1947 1851 2099 1921 παρὰ
2139 1852 2352 1924 [ἰατρὸς
2389 1850 2457 1903 δι’
2491 1850 2625 1905 Υἰοῦ
2670 1851 2949 1920 γίγνεται·
3000 1851 3094 1905 καὶ
3134 1849 3267 1920 γοῦν
3311 1853 3367 1906 εί
3400 1853 3532 1908 ποτέ

285 1964 304 1994 ‹
351 1945 535 1999 Gratia
572 1947 720 2001 vohis
744 1957 798 2000 ει
829 1960 931 2014 pax
958 1960 989 1999 a
1012 1946 1122 2002 Deo
1172 1947 1333 2001 Patre
1380 1956 1435 2001 et
1464 1944 1691 2003 Domino
1720 1943 1848 2001 Jesu
1952 1956 2095 1993 τισιν
2122 1940 2299 2009 ἁγίοις
2323 1940 2535 1996 δέδοται
2562 1942 2743 2011 χάρις,
2780 1941 2985 2013 ταύτην
3023 1944 3052 1996 ὸ
3078 1942 3266 2013 Πατὴρ
3298 1942 3368 1996 δι’
3396 1941 3532 1998 Υῑοῦ

279 2032 493 2088 Christo
518 2033 586 2086 θ’.
630 2052 649 2085 ι
689 2034 757 2089 Et
782 2036 896 2105 ipse
923 2049 1136 2089 rursum
1165 2034 1290 2090 alibi
1321 2052 1336 2089 ι
1379 2052 1399 2086 ι
1430 2033 1548 2104 lpse
1577 2032 1739 2090 Pater
1794 2044 1851 2092 et
1950 2034 2267 2103 ΧΟΡἾΥὴσας
2292 2033 2563 2101 φαίνεται·
2600 2035 2710 2087 Καὶ
2739 2033 2951 2105 μάρτυς
2986 2035 3015 2086 6
3059 2034 3272 2098 Παῦὶος
3297 2036 3532 2106 γράφων

279 2123 421 2179 Deus
442 2132 626 2179 noster
646 2134 700 2180 ει
726 2124 984 2182 Dominus
1009 2136 1193 2182 noster
1217 2125 1375 2183 Jesus
1389 2126 1636 2182 Christus
1654 2127 1852 2198 dirigat
1951 2127 2087 2199 πρός
2111 2141 2294 2190 τινας·
2326 2143 2346 2178 ι
2379 2124 2558 2196 Χάρις
2585 2126 2714 2197 ὑμῖν
2742 2126 2837 2180 καὶ
2873 2127 3063 2198 εἰρήνη
3094 2126 3204 2179 ἀπὸ
3231 2126 3371 2180 Θεοῦ
3413 2130 3531 2185 [Ια-

280 2217 420 2270 viam
450 2225 688 2271 nostram
714 2218 780 2271 ad
819 2231 914 2273 vos
961 2217 1030 2272 ⁸⁸.
1069 2236 1089 2270 ι
1127 2217 1197 2273 At
1244 2220 1290 2274 si
1325 2234 1431 2276 non
1478 2228 1620 2275 esset
1667 2220 1847 2276 unitas
1948 2219 2078 2288 τρὸς
2118 2219 2214 2272 καὶ
2250 2217 2456 2289 Κυρίου
2508 2218 2682 2290 Ἰησοῦ
2726 2217 2983 2290 Χριστοῦ.
3030 2237 3051 2271 a
3093 2220 3263 2273 Πάλιν
3295 2222 3326 2275 ὁ
3366 2202 3532 2287 αὐτὸς

278 2307 454 2363 Patris
481 2324 608 2363 cum
639 2307 797 2373 Filio,
837 2307 1063 2364 dixisset
1108 2308 1369 2379 profecto,
1432 2309 1678 2379 Dirigant
1701 2310 1843 2365 viam
1948 2310 2154 2380 ἑτέροις
2185 2308 2549 2364 ἐπιστέλλων·
2593 2328 2612 2360 ι
2654 2309 2826 2374 Αὐτὸς
2860 2310 2917 2363 δὲ
2961 2312 2989 2363 ό
3023 2311 3214 2383 Πατὴρ
3261 2315 3358 2367 καὶ
3395 2315 3530 2380 Θεὸς

276 2408 544 2464 nostram,
576 2407 635 2453 ut
667 2401 800 2454 duos
833 2399 1182 2466 significaret.
1258 2400 1413 2458 Nunc
1439 2418 1568 2459 vero
1623 2403 1678 2457 id
1738 2420 1844 2458 non
1942 2404 2122 2477 ἡμῶν,
2154 2403 2248 2457 καὶ
2269 2406 2301 2460 ὁ
2330 2402 2537 2476 Κύριος
2558 2403 2715 2475 ἡμῶν
2758 2404 2967 2474 Ἰησοῦς
2996 2406 3227 2476 Χριστὸς
3260 2406 3530 2461 κατευθῦ-

274 2492 403 2545 facit
437 2508 451 2544 ε
502 2491 762 2546 unitatem
845 2502 1025 2547 autem
1095 2490 1273 2548 Patris
1298 2502 1354 2547 et
1408 2493 1527 2549 Filii
1557 2494 1841 2549 manifeste
1946 2515 2034 2552 ναι
2064 2497 2162 2566 τὴν
2195 2496 2312 2550 ὁδὸν
2338 2496 2494 2567 ἡμῶν
2532 2497 2668 2569 πρὸς
2694 2499 2857 2567 ὑμᾶς.
2908 2517 2930 2547 »
2985 2497 3123 2551 Ἀλλ’
3153 2500 3202 2551 εί
3238 2500 3313 2571 μὴ
3343 2517 3428 2565 τις
3456 2496 3529 2573 ἦν

276 2583 596 2645 observans,
653 2582 1004 2653 singulariter
1058 2584 1215 2649 dixit,
1269 2584 1490 2655 dirigat,
1538 2601 1644 2640 non
1684 2586 1843 2655 quasi
1948 2589 2134 2661 ἑνότης
2165 2588 2341 2659 nep-pt
2371 2587 2507 2657 πρὸς
2532 2587 2682 2655 Υἰὸν,
2709 2583 2862 2641 εἶπεν
2892 2589 2979 2655 ἂν,
3005 2589 3399 2645 Κατευθύνοιεν
3427 2590 3529 2663 τὴν

272 2674 503 2729 seorsim
551 2672 731 2741 Pater,
760 2681 815 2729 et
864 2675 1092 2731 seorsim
1149 2675 1320 2733 Filius
1361 2678 1665 2748 suppeditet
1720 2692 1846 2748 gra·
1947 2681 2067 2734 ὁδὸν
2090 2678 2266 2751 ἡμῶν,
2283 2679 2375 2733 ἵνα
2392 2678 2517 2742 τοὺς
2536 2679 2630 2733 δύο
2654 2681 2892 2753 σημάνῃ.
2918 2682 3055 2737 Νυνὶ
3081 2682 3138 2736 δὲ
3157 2682 3317 2737 τοῦτο
3343 2684 3442 2755 μὲν
3460 2685 3529 2739 οὐ

276 2765 427 2830 tiam,
474 2765 570 2819 sed
631 2774 884 2836 tanquam
950 2765 1115 2823 Pater
1187 2781 1283 2837 per
1359 2768 1554 2824 Filium
1620 2770 1673 2824 in
1721 2767 1846 2839 Spi-
1950 2774 2128 2827 ποιεῖ·
2159 2771 2260 2842 τὴν
2288 2770 2346 2825 δὲ
2376 2770 2603 2842 ἑνότητα
2629 2772 2723 2825 τοῦ
2757 2774 2972 2845 Πατρὸς
3014 2776 3107 2828 καὶ
3134 2774 3228 2829 τοῦ
3264 2775 3394 2829 Υῑοῦ
3426 2793 3530 2847 τη-

274 2855 381 2908 ritu
424 2867 614 2912 sancto
639 2872 705 2912 ex
729 2871 832 2911 una
851 2856 1050 2912 deitate
1074 2859 1212 2913 dona
1235 2874 1330 2913 sua
1351 2861 1553 2915 sanctis
1573 2860 1842 2917 conferat.
1954 2864 2126 2935 ρήσας
2158 2862 2368 2932 σαφῶς,
2400 2864 2461 2916 τὸ
2488 2864 2848 2920 κατευθύναι
2885 2865 3128 2921 τέθεικεν
3166 2868 3362 2932 ἑνικῶς
3379 2886 3394 2901 ·
3425 2868 3529 2940 οὔχ

271 2945 348 3008 ὡς
397 2947 502 3018 ἰδίᾳ
552 2947 651 3019 μὲν
693 2947 788 3001 τοῦ
827 2948 1063 3017 Πατρὸς,
1102 2950 1211 3021 ἰδίᾳ
1253 2950 1310 3004 δὲ
1357 2950 1718 3023 χορηγοῦντος
1745 2953 1840 3007 τοῦ
1879 2954 2035 3020 Υίοῦ,
2105 2954 2220 3010 ἀλλ’
2248 2954 2325 3019 ὡς
2389 2954 2600 3026 Πατρδς
2632 2954 2701 3009 δι’
2732 2956 2862 3010 Υίοῦ
2890 2958 2949 3010 ὲν
2974 2959 3117 3029 ἁγίῳ
3153 2959 3431 3031 Πνεῦματι
3459 2962 3534 3014 ἐκ

271 3037 371 3111 τῆς
411 3041 540 3113 μιᾶς
569 3039 820 3112 θεότητος
848 3040 1217 3111 πεμπομένων
1245 3044 1355 3097 τῶν
1382 3044 1735 3117 χαρισμάτων
1765 3048 1844 3112 είς
1881 3050 2007 3113 τοὺς
2045 3047 2255 3118 ἁγίους.

931 3155 1161 3212 Amul).

2634 3165 2838 3221 AAAo.

349 3270 404 3324 Si
445 3279 726 3340 separatus
773 3276 917 3322 esset
971 3266 1268 3324 secundum
1342 3279 1588 3325 naturam
1644 3271 1712 3326 ab
1765 3285 1846 3326 es·
1872 3253 1916 3312 C
2019 3273 2083 3325 Εἰ
2103 3272 2403 3344 κεχώριστο
2431 3273 2574 3328 κατὰ
2604 3275 2767 3345 φύσιν
2792 3277 2889 3347 τῆς
2921 3275 3014 3330 τοῦ
3039 3276 3251 3349 Πατρὸς
3280 3281 3472 3349 οὐσίας
3493 3287 3529 3340 6

275 3362 450 3417 sentia
476 3360 655 3415 Patris
700 3357 890 3424 Filius,
913 3368 967 3413 ει
999 3358 1100 3414 nisi
1159 3359 1302 3414 inter
1342 3373 1438 3415 eos
1469 3361 1844 3430 inseparabilis

274 3454 517 3522 qnaedam
548 3452 728 3507 unitas
759 3450 1132 3512 intercederet.
1160 3451 1336 3520 qualis
1357 3461 1441 3506 est
1479 3453 1624 3508 inter
1658 3452 1842 3523 splen-

274 3547 458 3601 dorem
480 3552 534 3598 et
549 3542 739 3609 solem,
772 3541 1036 3597 sufficeret
1067 3539 1238 3597 solum
1266 3540 1481 3597 Patrem
1508 3544 1711 3599 sanctis
1748 3545 1844 3600 do-

275 3653 343 3692 na
366 3635 632 3698 conferre,
670 3648 773 3688 non
797 3633 1035 3689 admisso
1061 3634 1221 3688 simul
1238 3633 1305 3689 ad
1333 3635 1435 3689 hoc
1459 3634 1614 3690 Filio.
1638 3636 1771 3691 Nam
1796 3637 1842 3693 si

273 3738 468 3782 creatae
494 3733 696 3779 natnrae
718 3732 822 3789 est,
841 3733 895 3777 et
921 3722 1193 3778 diversum
1210 3724 1337 3792 quid
1378 3739 1408 3777 a
1439 3722 1568 3791 Deo,
1585 3740 1746 3794 quam
1772 3728 1840 3782 ob

273 3832 491 3873 causam
523 3830 646 3870 cum
678 3814 820 3869 nulla
846 3828 910 3868 ex
945 3815 1193 3869 omnibns
1218 3814 1481 3871 creaturis
1534 3814 1643 3872 Deo
1687 3832 1839 3872 com-

274 3908 515 3963 municet
537 3907 602 3961 ad
633 3906 933 3960 divinorum
960 3904 1223 3960 donorum
1275 3907 1636 3976 largitionem,
1694 3908 1841 3964 solus

273 3999 388 4068 ipse
412 3996 762 4052 admittatur?
785 3994 954 4051 Nemo
976 3996 1118 4050 enim
1173 3994 1310 4052 serat
1375 3998 1606 4068 aliquem
1655 3997 1840 4054 dicen-

273 4099 380 4144 tem
408 4103 422 4141 ε
456 4088 557 4143 Det
590 4087 683 4143 tibi
714 4088 999 4157 petitiones
1027 4088 1209 4142 cordis
1237 4087 1312 4142 tui
1385 4088 1526 4143 Deus
1578 4089 1738 4143 Pater
1782 4096 1838 4144 et

271 4181 519 4249 angelus;
564 4180 658 4234 sed
690 4193 863 4248 neque
890 4178 936 4232 si
974 4179 1099 4248 quid
1126 4179 1299 4248 majus
1354 4177 1547 4248 angelo
1569 4180 1832 4236 nominet.

272 4271 384 4327 Soli
413 4271 558 4324 enim
609 4267 718 4322 Deo
750 4267 1002 4323 convenit
1028 4268 1153 4335 hoc,
1184 4269 1335 4324 dare.
1368 4268 1424 4324 Si
1449 4285 1578 4326 vero
1610 4270 1701 4325 dat
1729 4288 1833 4328 non

271 4377 394 4416 cum
430 4359 532 4414 ulla
553 4374 615 4415 ex
651 4358 936 4426 creatum,
971 4359 1067 4412 sed
1125 4373 1246 4413 cum
1286 4360 1402 4415 solo
1456 4359 1595 4416 Filio
1638 4370 1692 4417 et
1741 4377 1837 4432 per

271 4453 463 4509 Filium
510 4453 562 4507 in
612 4451 815 4524 Spiritu
848 4460 1060 4518 sancto,
1119 4451 1463 4508 manifestum
1521 4454 1655 4509 satis
1708 4454 1833 4512 ltine

269 4544 437 4601 suerit
469 4545 618 4600 illum
654 4543 974 4600 naturaliter
1010 4559 1074 4600 ex
1111 4545 1346 4602 essentia
1376 4543 1558 4601 Patris
1587 4547 1830 4616 genitum

268 4649 409 4700 esse,
429 4635 756 4704 Patremque
807 4635 859 4688 in
888 4650 948 4691 se
998 4637 1548 4707 liaberezipsumque
1588 4639 1828 4694 vicissim

1947 3362 2094 3429 Υἱὸς,
2129 3364 2223 3418 καὶ
2260 3365 2309 3417 εί
2357 3365 2433 3436 μή
2457 3382 2541 3429 τις
2567 3366 2754 3435 ἑνότης
2787 3364 3106 3428 άδιὰστατος
3132 3363 3202 3435 ἦν
3239 3371 3299 3423 ἐν
3331 3373 3527 3439 αὐτοῖς

1941 3454 2134 3507 ὁποίαν
2179 3454 2290 3525 ἔχει
2320 3454 2382 3508 τὸ
2426 3454 2764 3524 ἀπαύγασμα
2790 3453 2926 3519 πρὸς
2957 3454 3050 3505 τὸν
3077 3455 3249 3521 ἥλιον,
3288 3460 3519 3528 ἐξήρκει

1942 3545 2036 3598 καὶ
2065 3545 2224 3614 μόνον
2257 3545 2348 3598 τὸν
2384 3545 2598 3612 Πατέρα
2620 3541 2733 3605 τοῖς
2767 3539 2943 3606 ἁγίοις
2969 3540 3263 3597 ἐπιδιδόναι
3307 3547 3374 3598 τά
3398 3567 3508 3616 xa-

1944 3634 2207 3705 ρίσματα,
2244 3637 2318 3706 μὴ
2356 3628 3014 3704 συμπαραλαμόανομένου
3047 3631 3183 3702 πρὸς
3223 3633 3382 3688 τοῦτο
3406 3636 3503 3690 καὶ

1940 3724 2036 3777 τοῦ
2068 3726 2220 3779 Υἰοῦ.
2248 3728 2311 3779 Et
2339 3724 2446 3795 γὰρ
2475 3721 2700 3792 κτιστῆς
2724 3723 2871 3775 ἐστιν
2896 3721 3102 3789 οὐσίας,
3125 3724 3220 3778 καὶ
3242 3724 3426 3796 ἔτερόν
3448 3743 3504 3781 τι

1941 3814 2093 3883 παρὰ
2117 3814 2209 3884 τὸν
2238 3815 2393 3876 Θεὸν,
2418 3815 2571 3867 ποῖον
2601 3811 2714 3883 ἔχει
2737 3811 2894 3881 λόγον
2929 3813 3156 3877 οὐδενὸς·
3180 3813 3288 3868 τῶν
3331 3815 3510 3870 ἄλλων

1941 3905 2257 3973 κτισμάτων
2289 3902 2768 3966 ὲπικοινωνοῦντος
2792 3900 2912 3973 Θεῷ
2938 3902 3072 3974 πρὸς
3107 3902 3203 3975 τὴν
3230 3903 3374 3960 δόσιν
3400 3905 3514 3961 τῶν

1940 3991 2101 4045 θείων
2141 3991 2521 4062 χαρισμάτων,
2557 3993 2715 4064 μόνον
2754 3992 2917 4047 αὑτὸν
2951 3991 3509 4062 παραλαμὸάνεσθαις

1939 4081 2013 4135 Οὐ
2059 4080 2166 4153 γὰρ
2212 4080 2465 4148 ἀνέξεταί
2515 4100 2600 4146 τις
2637 4083 2885 4153 λέγοντός
2928 4100 3107 4147 τινος·
3152 4084 3277 4154 Δοίη
3330 4100 3413 4138 σοι
3442 4085 3512 4140 τά

1937 4175 2217 4247 αίτήματά
2251 4191 2343 4228 σου
2373 4174 2509 4238 Θεὸς
2548 4176 2709 4245 τυχὸν
2740 4175 2769 4228 ὁ
2801 4175 2991 4248 Πατὴρ
3040 4175 3134 4229 καὶ
3172 4178 3201 4228 ό
3245 4175 3507 4244 ἄγγελος·

1937 4266 2053 4322 ἀλλ’
2080 4265 2200 4320 οὐδὲ
2229 4266 2281 4319 εί
2299 4283 2352 4319 τι
2377 4264 2564 4336 μεῖζον
2590 4265 2910 4336 ὀνομάσειεν
2938 4266 3193 4335 ἀγγέλου.
3219 4267 3381 4337 Μόνῳ
3399 4266 3512 4339 γὰρ

1935 4359 1996 4413 τὸ
2025 4358 2223 4413 διδόναι
2254 4357 2452 4430 πρέπει
2483 4357 2622 4428 Θεῷ.
2670 4358 2735 4410 El
2759 4358 2814 4410 δὲ
2843 4357 3079 4421 δίδωσιν,
3108 4358 3171 4410 οὐ
3204 4359 3342 4429 μετά
3366 4374 3513 4423 τινος

1936 4451 2122 4522 ἐτέρου
2148 4450 2255 4504 τῶν
2284 4448 2623 4520 κτισμάτων,
2654 4448 2790 4501 ἀλλὰ
2832 4447 2978 4517 μόνῳ
3008 4448 3105 4499 σὺν
3152 4449 3265 4520 Υῐῷ
3305 4448 3401 4504 καὶ
3441 4449 3511 4504 δι’

1938 4544 2067 4598 Υἱοῦ
2096 4546 2154 4597 ὲν
2184 4543 2323 4615 ἁγίῳ
2351 4540 2653 4612 Πνεῦματι,
2694 4537 2850 4608 δῆλον
2879 4535 3131 4590 ἐντεῦθεν
3178 4539 3245 4592 ἂν
3281 4539 3370 4609 εἴη
3415 4541 3508 4594 καὶ

1940 4632 2101 4687 παντί
2136 4650 2211 4705 τῳ
2236 4631 2534 4703 γνώριμον,
2562 4631 2754 4698 ὅτιπερ
2793 4626 2894 4694 τῆς
2939 4627 3129 4691 οὐσίας
3169 4629 3265 4682 τοῦ
3296 4629 3509 4698 Πατρός

265 4724 613 4780 exsistentem
646 4723 699 4778 in
723 4723 881 4779 Patre
900 4725 1082 4779 omnia
1105 4723 1315 4780 efficere
1341 4734 1501 4795 alque
1530 4727 1832 4799 operari,et
1861 4718 1908 4775 l)
1938 4725 2066 4779 ίδιόν
2106 4727 2222 4779 ἐστι
2262 4725 2531 4795 γέννημα,
2563 4719 2657 4774 καὶ
2685 4718 2775 4772 τον
2804 4718 3023 4787 Πατέρα
3052 4718 3189 4789 ἔχων
3220 4721 3278 4773 έν
3306 4719 3507 4791 έαυτίξ),

267 4819 405 4874 (lona
435 4819 639 4872 sanctis
668 4815 936 4873 conterre.
960 4816 1112 4884 Quod
1137 4823 1193 4871 et
1235 4816 1436 4871 Paulus
1468 4827 1695 4873 testatur
1752 4820 1833 4876 di·

269 4924 397 4964 tens
427 4925 442 4961 ε
482 4927 501 4959 ι
525 4907 740 4963 Gratias
764 4924 861 4977 ago
885 4908 991 4964 Deo
1018 4923 1136 4966 tneo
1175 4924 1386 4979 semper
1415 4909 1481 4965 de
1509 4911 1659 4966 vobis
1689 4927 1816 4983 pro-

268 5006 387 5065 pter
408 4994 632 5065 gratiam
663 4995 758 5051 Dei
806 5011 925 5066 quae
968 4997 1092 5053 data
1156 4998 1310 5056 vobis
1365 4999 1420 5056 in
1468 4999 1688 5058 Christo
1739 4999 1834 5058 Je-

260 5101 326 5143 συ
352 5087 418 5142 ⁹¹.
453 5106 473 5140 ι

945 5284 1176 5343 ALtun.

639 5394 727 5453 Ex
758 5395 1047 5465 objectione
1075 5380 1458 5460 naerencmni.

337 5506 581 5579 Dixistis,
602 5509 774 5578 aiunt,
802 5509 1002 5568 nnllam
1036 5521 1405 5613 ereaturarum
1436 5513 1543 5574 Deo
1573 5529 1818 5573 commu·

1935 4813 2100 4877 αὐτός
2126 4829 2187 4865 τε
2209 4813 2408 4883 ὁμοίως
2433 4809 2695 4881 ὑπάρχων
2721 4807 2778 4860 ὲν
2801 4805 2879 4878 τῷ
2904 4807 3114 4878 ιΠιιιτρὶ,
3145 4808 3323 4862 πάντα
3357 4811 3512 4880 ὲνερ-

1934 4909 2023 4978 γεί
2048 4905 2142 4960 καὶ
2178 4904 2473 4977 ἐργάζεται
2513 4900 2608 4954 καὶ
2649 4901 2878 4971 χορηγεῖ
2902 4901 3012 4962 τοῖς
3049 4898 3222 4967 ἁγίοις
3263 4898 3366 4964 τὰς
3400 4900 3511 4955 δω-

1938 4998 2084 5071 ρεάς.
2131 4997 2242 5051 Καὶ
2292 4997 2501 5068 μάρτυς
2542 4993 2573 5045 ὁ
2615 4989 2828 5055 Παῦλος
2861 4989 3069 5059 λέγων·
3113 5008 3134 5044 ι
3179 4990 3513 5064 Εὑχαριστῶ

1934 5086 2012 5159 τῷ
2038 5084 2156 5158 Θεῷ
2205 5102 2307 5157 μου
2352 5084 2581 5139 πάντοτε
2628 5082 2758 5153 περὶ
2789 5081 2942 5152 ὑμῶν
2984 5080 3076 5133 ἐπὶ
3100 5082 3165 5152 τῇ
3196 5083 3383 5152 χάριτι
3409 5083 3513 5137 τοῦ

1934 5175 2070 5231 Θεοῦ
2102 5177 2168 5246 τῇ
2192 5173 2407 5247 δοθείσῃ
2434 5173 2562 5245 ὑμῖν
2597 5173 2656 5225 ἐν
2683 5167 2905 5242 Χριστῷ
2948 5167 3146 5238 Ἰησοῦ.
3193 5187 3214 5220 ι

2607 5281 2813 5334 ΔΛΛΟ.

2167 5399 2263 5465 Ὦς
2287 5398 2357 5464 ἐξ
2385 5395 2743 5459 ἀντιθέσεως
2780 5389 2899 5446 τῶν
2937 5387 3263 5460 αἱρετικῶν.

2000 5510 2295 5582 Είρήκατε,
2320 5510 2473 5580 φασὶ,
2505 5508 2671 5580 μηδὲν
2698 5506 2809 5562 τῶν
2852 5504 3163 5576 κτισμάτων
3205 5519 3506 5578 συμπαρα-

748 5662 833 5746 ⁸²⁸·-
906 5688 955 5727 ’ἱ
982 5686 1141 5751 Rom.
1170 5706 1213 5759 ι,
1239 5691 1289 5750 7.
1363 5689 1413 5727 ”
1442 5688 1462 5747 Ι
1493 5689 1653 5749 Tltes‘.
1696 5707 1778 5758 tn,
1822 5690 1907 5748 Η.
1985 5690 2028 5723 ’⁸
2065 5684 2083 5744 Ι
2111 5689 2238 5746 Cor·
2276 5705 2315 5759 ¹,
2345 5691 2397 5746 4·
