3809 6125
263 284 365 343 {59
1249 279 1307 337 S.
1350 275 1624 335 CYRlLLl
1663 266 2131 328 ALEXANDRmt
2174 266 2495 324 ARctttEP.
3419 250 3527 312 ἱῦθ

261 409 402 454 stam
444 398 496 453 in
539 412 706 470 regno
746 398 1028 466 ciclorum,
1068 406 1162 453 aut
1205 398 1473 469 quomodo
1516 398 1619 453 erit
1661 395 1833 465 major
1859 393 1907 449 A
1934 385 2078 441 κατά
2108 402 2229 440 τινα
2264 385 2466 457 τρόπον
2493 382 2584 437 τὸν
2619 380 2773 451 ἅγιον
2812 372 3129 447 Βαπτιστὴν
3160 372 3223 481 {v
3265 372 3333 475 [ii
3369 369 3531 443 βασι-

259 488 366 542 eo?
407 486 718 553 Quantitate
762 489 907 543 enim
955 488 1212 559 temporis
1250 501 1315 543 ex
1361 502 1471 559 quo
1518 497 1672 542 natus
1714 497 1834 553 est,
1939 476 2059 548 λείᾳ
2083 475 2193 530 τῶν
2215 474 2481 547 Οὖρανῶν,
2507 475 2545 547 ἢ
2569 473 2685 537 πῶς
2714 470 2871 572 ⁸⁶2⁶}
2895 464 3534 571 tRlCfflV-GWONKCU&

263 583 443 641 nemo,
465 587 524 631 ut
550 577 804 643 arbitror,
829 593 1051 649 compos
1077 581 1272 635 mentis
1297 580 1515 635 dixerit.
1539 579 1656 647 Quo
1678 591 1839 651 pacto
1944 569 2043 639 μὲν
2089 562 2181 622 οὖν
2229 567 2320 621 τὸν
2368 567 2427 620 ὲν
2477 565 2736 635 ποσότητι
2776 578 2872 615 του
2909 555 3275 661 γεγεννησθαι
3310 554 3531 627 χρόνον,

262 670 409 723 enim
460 669 727 739 quispiam
778 679 1063 739 praetereat
1112 672 1164 725 id
1212 672 1354 741 quod
1404 687 1618 743 semper
1664 673 1837 744 ipsum
1940 658 2041 712 Οὐκ
2066 657 2132 713 ἄν
2162 674 2267 721 τις.
2303 651 2478 729 οἶμαι.
2519 651 2814 727 σωφρονῶν
2840 650 3136 751 ἒννοὴσεῑὶ·
3169 649 3297 711 Ilm<
3326 646 3439 718 γὰρ
3467 647 3531 750 &j

263 760 521 831 praecedit
541 800 557 824 ‚
590 768 752 830 atque
786 776 892 814 una
926 776 1050 816 cum
1091 762 1206 831 ipsa
1248 765 1506 831 temporis
1538 764 1841 821 evolunone
1942 767 2027 814 τις
2053 750 2148 804 καὶ
2176 749 2378 820 φθάσαι
2404 748 2466 801 τὸ
2494 747 2584 803 ἀεὶ
2613 739 2937 817 προδαδίζον
2964 741 3151 804 αύτου,
3174 740 3273 793 καὶ
3291 739 3418 801 ταῖς
3439 756 3529 793 του

265 860 512 920 raptatur
546 860 709 922 atque
750 854 1054 921 percurrit?
1095 853 1561 920 Quemadmodum
1601 856 1747 909 enim
1788 856 1841 910 in

267 949 506 995 rotarum
553 942 924 1013 volutatione,
967 947 1300 1001 anteriorum
1351 960 1569 1015 semper
1611 947 1670 1001 lit
1718 961 1844 1016 pro-

264 1044 516 1101 gressus,
560 1034 915 1103 sequentibus
965 1039 1179 1107 seniper
1221 1037 1276 1091 in
1319 1037 1621 1106 posteriore
1662 1038 1768 1093 situ
1811 1052 1844 1093 a

269 1131 420 1193 tergo
459 1125 693 1193 relictis;
733 1127 803 1181 ita
838 1127 1000 1181 etiam
1038 1128 1090 1182 in
1130 1142 1416 1198 progressu
1459 1129 1717 1197 temporis
1751 1130 1844 1199 qni

266 1217 417 1285 prior
451 1227 555 1282 est,
591 1220 982 1289 posterioribus
1031 1213 1205 1289 major
1241 1228 1342 1274 est.
1381 1218 1496 1274 Non
1538 1200 1705 1291 igitur
1743 1220 1847 1277 boc

267 1308 429 1362 modo
464 1310 706 1380 superari
741 1309 1036 1379 Baptistam
1072 1326 1100 1365 a
1131 1308 1371 1376 Christo,
1406 1312 1500 1366 sed
1539 1311 1847 1369 sanctitatis

267 1396 530 1453 duntaxat
561 1401 794 1464 ratione,
820 1415 957 1469 opus
982 1410 1068 1455 est
1094 1401 1361 1471 profiteri.
1391 1400 1672 1468 Quomodo
1697 1402 1845 1457 enim

267 1490 534 1560 quispiam
568 1490 728 1545 aliter
756 1492 807 1546 in
840 1492 972 1561 ipsis
1005 1491 1184 1562 majus
1217 1492 1515 1565 intelligere
1545 1493 1753 1561 possit?
1781 1493 1852 1550 At

265 1581 311 1636 si
354 1596 473 1634 cum
514 1597 739 1651 regnum
779 1583 1038 1642 coelorum
1083 1583 1359 1638 advenerit
1403 1583 1576 1654 major
1607 1583 1696 1641 illo
1731 1599 1852 1642 cer·

269 1684 448 1740 netur,
493 1689 635 1730 nunc
677 1683 826 1731 certe
870 1684 961 1731 aut
1000 1676 1247 1746 aequalis,
1291 1687 1385 1733 aut
1427 1679 1605 1735 minor
1637 1694 1702 1736 eo
1743 1690 1847 1736 est.

1942 840 2137 913 χρόνου
2170 841 2440 912 περιόδοις
2486 837 2575 893 ἀεὶ
2629 834 2922 908 συντρέχον
2954 831 3052 888 καὶ1
3094 830 3531 901 συνελκόμενονς

1948 932 2159 1000 ’θνπερ
2184 929 2301 1001 γὰρ
2324 929 2526 1002 τρόπον
2550 926 2622 981 τὰ
2642 927 2704 981 ἐν
2726 927 2851 988 ταῖς
2868 922 2977 977 τῶν
2998 920 3216 976 κύκλων
3236 936 3534 994 περιστρο-

1946 1024 2075 1093 φαίς
2121 1022 2209 1076 ἀεὶ
2256 1020 2395 1093 πρὸς
2444 1020 2506 1074 τὸ
2553 1019 2742 1091 πρόσω
2790 1016 2961 1088 χωρεῖ
2987 1014 3088 1087 τὴν
3112 1012 3209 1068 τοῦ
3242 1012 3536 1078 διώκοντος

1946 1114 2043 1168 καὶ
2085 1112 2319 1167 κατόπιν
2345 1110 2597 1182 κειμένου
2632 1106 3045 1181 παρεκνεύοντα
3069 1102 3240 1169 θέσιν,
3274 1102 3453 1168 οὕτως
3482 1106 3532 1158 oi

1946 1201 2007 1255 τὸ
2033 1202 2092 1255 ὲν
2123 1201 2302 1273 χρόνῳ
2323 1199 2614 1273 -τρίὸοντες
2659 1197 2877 1269 μέτρον,
2903 1196 2992 1250 ἀεὶ
3041 1195 3228 1266 μεῖζον
3273 1197 3334 1249 ὲν
3382 1193 3535 1266 αὐτῷ

1949 1292 2091 1346 κατὰ
2116 1292 2228 1346 τῶν
2252 1290 2485 1362 ὓστερον
2510 1287 2846 1360 κεκτήμεθα.
2886 1286 3096 1343 Οὐκοῦν
3120 1287 3180 1340 οὐ
3208 1288 3351 1341 κατά
3371 1286 3534 1341 τοῦτο

1948 1383 2339 1455 πλεονεκτήσει
2380 1381 2613 1452 Χριστὸς
2655 1379 2750 1433 τὸν
2799 1378 2957 1447 ἅγιον
2996 1377 3331 1446 Βαπτιστὴν,
3355 1376 3535 1432 λείπει

1946 1473 2014 1545 δὴ
2041 1472 2227 1527 λοιπὸν
2267 1472 2347 1535 ὡς
2387 1471 2451 1535 ἑξ
2475 1470 2725 1540 ἀνάγκης
2753 1471 2951 1533 εἰπεῖν,
2978 1468 3061 1523 ὅτι
3102 1466 3245 1522 κατὰ
3288 1467 3383 1522 τὸν
3431 1468 3534 1538 τῆς

1948 1562 2483 1635 ἀγιότητοςπρόπον.
2518 1559 2642 1625 Πῶς
2669 1559 2780 1631 γάρ
2821 1560 2886 1615 ἀν
2914 1576 3001 1624 τις
3028 1559 3233 1631 ἑτέρως
3258 1560 3319 1613 ὲν
3346 1558 3534 1623 αὐτοῖς

1949 1655 2259 1726 ἐπινοήσειε
2301 1653 2366 1707 τὸ
2415 1652 2637 1725 μείζον;
2674 1651 2815 1706 Ἀλλ’
2841 1652 2890 1704 εί
2943 1652 3066 1729 τότε
3109 1649 3255 1705 κατὰ
3296 1650 3388 1704 τὸν
3432 1652 3536 1719 τῆς

265 1764 398 1819 Cum
438 1780 569 1823 vero
617 1767 766 1838 impii
812 1766 906 1823 isti
949 1766 1224 1823 Christum
1269 1764 1479 1824 Ioanne
1520 1770 1836 1827 inferiorem
1871 1754 1915 1806 Β
1940 1744 2221 1816 βασιλείας
2242 1742 2495 1815 δηλονότι
2512 1741 2710 1814 καιρὸν
2744 1741 2947 1812 μείζων
2969 1740 3536 1814 ὀφθήαται·”ὖνᾰρα

266 1855 608 1926 existiment,
650 1858 1014 1927 aequalitatem
1060 1860 1135 1916 illi
1174 1860 1436 1915 tribuent.
1475 1859 1581 1916 Sed
1617 1862 1840 1918 videant

265 1963 490 2017 prorsus
527 1964 688 2018 quam
729 1949 986 2005 imbecilli
1027 1933 1346 2022 argumento
1384 1954 1643 2007 nitantur.
1679 1952 1840 2020 Quae-

266 2054 389 2093 nam
420 2040 562 2093 enim
593 2040 875 2111 aequalitas
904 2042 1209 2099 sanctitatis
1238 2059 1302 2100 ex
1333 2044 1421 2100 his
1450 2045 1707 2100 constitui
1740 2060 1840 2117 po-

266 2128 413 2184 test?
440 2129 550 2185 Aut
581 2145 688 2200 qno
719 2140 878 2202 pacto
911 2147 1018 2189 non
1052 2134 1551 2206 incomparabiliter
1578 2151 1838 2205 superare

266 2222 578 2277 censebitur
603 2221 876 2289 Christus,
911 2240 1034 2282 cum
1067 2226 1345 2283 videamus
1373 2226 1545 2297 ipsum
1570 2224 1837 2286 loannem

266 2310 339 2365 ita
368 2313 433 2366 ad
463 2312 740 2370 Christum
770 2316 1080 2385 loquentem
1112 2334 1127 2372 :
1166 2336 1186 2370 ι
1223 2316 1352 2372 Mihi
1384 2332 1520 2388 opus
1543 2329 1628 2375 est
1657 2320 1756 2376 abs
1785 2329 1838 2377 te

264 2402 529 2471 baptizari
553 2405 619 2459 ¹⁸.
664 2425 683 2458 ι
721 2405 775 2461 ld
810 2421 936 2464 vero
969 2416 1123 2464 extra
1158 2424 1369 2464 omnent
1412 2412 1835 2480 controversiam

262 2504 382 2562 est,
416 2496 471 2551 id
505 2500 649 2567 quod
685 2500 862 2557 minus
901 2510 987 2558 est
1026 2519 1057 2559 a
1099 2506 1473 2574 praestantiore
1505 2507 1748 2564 benedici
1782 2516 1838 2563 et

267 2585 613 2645 sanctificari.

936 2816 1163 2873 ALttJD.

336 2951 536 3007 Beatus
565 2951 802 3023 Baptista
829 2951 1044 3008 Judaeos
1075 2954 1147 3007 ita
1177 2953 1472 3025 alloquitur
1503 2974 1516 3009 :
1551 2975 1570 3007 ι
1607 2956 1716 3028 Ego
1743 2972 1836 3014 vos

1939 1836 2004 1889 τὸ
2036 1836 2152 1889 ἴσον
2181 1834 2300 1907 ῆτδ
2323 1833 2549 1888 ἔλαττον.
2572 1832 2710 1904 ἔχει.
2728 1831 2947 1903 Ἐπειδὴ
2970 1831 3048 1897 δὲ,
3073 1832 3152 1897 ὠς
3183 1832 3352 1898 εἰκὸς,
3378 1831 3445 1886 τὸ
3475 1834 3534 1887 ἐν

1942 1924 2192 1978 ἐλάττοσι
2231 1924 2345 1977 τῶν
2382 1923 2633 1979 Ἰωάννου
2685 1921 2902 1977 κεῖσθαι
2941 1923 3176 1995 Χριστὸν
3223 1924 3536 1993 λογιοῦνται

1940 2014 2241 2082 δυσσεδεῖς,
2271 2014 2647 2069 ἀποδώσουσιν
2690 2015 2800 2087 ἀρα
2836 2014 2897 2068 τὸ
2924 2016 3059 2069 ἴσον.
3076 2015 3218 2069 Ἀλλ’
3247 2015 3536 2089 ὀράτωσαν

1941 2106 2037 2161 καὶ
2057 2105 2460 2174 τοῦτον-αὐτοῖς
2486 2106 2822 2162 ἀσθενοῦντα
2842 2108 2934 2162 τὸν
2957 2107 3238 2179 λογισμόν.
3264 2108 3405 2163 Ποία
3425 2110 3537 2182 γὰρ

1945 2198 2127 2270 ίσότης
2158 2198 2343 2263 αὐτοῖς
2374 2200 2433 2253 ὲν
2468 2196 2728 2270 ἁγιασμῷ
2757 2198 3104 2270 σωθήσεται;
3134 2198 3258 2263 Πῶς
3281 2198 3341 2265 δὲ
3361 2200 3426 2254 ού
3457 2217 3535 2255 νι-

1942 2291 2103 2363 κήσει
2136 2290 2369 2363 Χριστὸς
2392 2292 2749 2363 ἀσυγκρίτοις
2782 2292 3100 2364 ὑπεροχαῖς,
3133 2292 3263 2346 ὅταν
3297 2291 3416 2365 ἴδῃς
3443 2292 3534 2346 τὸν

1945 2383 2215 2454 μακάριον
2227 2382 2481 2455 Ἰωάννην
2500 2383 2728 2451 λέγοντα
2749 2383 2885 2455 πρὸς
2910 2384 3075 2437 αὐτόν
3094 2400 3108 2417 ·
3138 2401 3157 2434 ι
3182 2382 3330 2452 Ἐγὼ
3342 2384 3536 2455 χρείαν

1942 2474 2050 2544 ἔχω
2084 2474 2189 2527 ὑπὸ
2216 2474 2311 2529 σοῦ
2336 2474 2740 2545 βαπτισθῆναι;
2770 2493 2789 2526 ι
2814 2474 3003 2546 Χωρὶς
3030 2474 3088 2529 δὲ
3119 2474 3300 2547 πάσης
3317 2475 3534 2530 ἀντιλο-

1940 2565 2068 2635 γίας
2101 2566 2162 2620 τὸ
2187 2566 2410 2622 ἔλαττον
2442 2568 2551 2623 ὑπὸ
2599 2566 2693 2621 τοῦ
2746 2567 3059 2639 κρείττονος
3107 2568 3411 2637 εὐλογεῖται
3440 2570 3534 2623 καὶ

1943 2655 2259 2725 ἁγιάζεται.

2633 2798 2839 2855 ΑΛΛΟ.

2019 2954 2366 3027 Προσεφὼνει
2392 2958 2507 3022 τοῖς
2540 2956 2813 3023 Ἰουδαίοις
2836 2960 2865 3013 ό
2897 2958 3166 3031 μακάριος
3197 2960 3529 3032 Βαπτιστής·

265 3043 480 3113 baptizo
518 3043 570 3097 in
612 3058 790 3113 aqua:
827 3044 922 3100 sed
960 3052 1077 3114 post
1113 3057 1198 3099 me
1227 3043 1374 3098 venit
1403 3045 1505 3111 vir,
1539 3047 1694 3114 cuius
1728 3064 1835 3105 non
1950 3068 1969 3101 ι
1992 3046 2133 3119 Ἐγὼ
2163 3050 2310 3121 ὑμᾶς
2341 3049 2613 3106 ὲδάπτισα
2641 3052 2700 3106 ἐν
2731 3050 2906 3108 ὕδατι.
2926 3052 3132 3107 Ὀπίσω
3162 3071 3262 3124 μου
3308 3052 3532 3126 ἔρχεται

269 3151 387 3191 sum
421 3136 619 3206 dignus
642 3147 699 3191 ut
724 3151 927 3207 pronus
949 3136 1151 3192 solvam
1175 3137 1461 3207 corrigiam
1493 3139 1840 3198 calceamenti
1867 3120 1911 3179 C
1944 3138 2103 3210 ἀνὴρ,
2122 3134 2183 3194 οὗ
2213 3142 2314 3195 οὐκ
2337 3143 2457 3213 εἰμὶ
2486 3143 2673 3210 ἱκανὸς
2704 3144 2791 3199 ἵνα
2821 3145 3002 3216 κύψας
3032 3145 3179 3199 λύσω
3202 3147 3294 3200 τὸν
3329 3145 3534 3217 ἱμάντα

264 3229 403 3295 ejus.
439 3228 532 3282 llle
565 3244 662 3282 vos
698 3227 993 3298 baptizabit
1033 3228 1087 3283 in
1127 3228 1332 3299 Spiritu
1372 3240 1559 3286 sancto
1599 3241 1656 3287 et
1694 3234 1835 3304 igne.

264 3318 434 3388 Cujus
459 3317 818 3373 ventilabrum
851 3319 903 3373 in
936 3335 1096 3373 manu
1124 3319 1263 3390 ejus.
1293 3327 1346 3375 et
1376 3323 1626 3391 purgabit
1652 3339 1838 3380 aream

267 3424 421 3465 suam
445 3447 460 3472 ‚
491 3419 547 3463 et
579 3411 932 3480 congregabit
963 3410 1202 3465 triticum
1236 3411 1289 3466 in
1324 3413 1533 3467 horreis
1563 3414 1675 3470 suis
1696 3457 1710 3483 ,
1743 3431 1839 3483 pa·

268 3501 404 3555 leam
446 3515 573 3554 vero
612 3509 804 3556 exuret
847 3501 969 3571 igne
1011 3501 1461 3575 inexstinguibili.
1512 3523 1532 3557 ι
1580 3506 1838 3575 Quaenam

264 3590 430 3661 igitur
459 3589 602 3645 inter
629 3589 730 3645 hos
758 3592 1085 3661 aeqt‘talitatis
1116 3594 1255 3651 ratio
1286 3607 1540 3652 constare
1569 3607 1746 3668 potest
1767 3600 1836 3665 ¹⁹,

265 3681 520 3748 loannis,
556 3683 806 3752 inquam,
835 3692 890 3736 ct
916 3682 1160 3738 Christi?
1191 3684 1434 3740 Nondum
1464 3688 1608 3742 enim
1644 3690 1835 3761 major,

269 3774 316 3829 sl
345 3773 637 3843 aliqnando
664 3774 877 3829 littnrns
902 3783 1042 3841 erat,
1066 3775 1219 3844 juxta
1252 3776 1476 3832 istorum
1504 3761 1839 3847 opinionem.

268 3880 366 3922 cur
398 3867 634 3936 seipsum
673 3881 813 3936 aqua
850 3868 1158 3938 baptizare,
1189 3867 1462 3925 Christum
1499 3883 1677 3926 autem
1720 3873 1842 3941 Spi-

267 3957 406 4011 ritus
432 3957 674 4012 datorem
703 3955 944 4011 l'utnrum
975 3958 1250 4015 affirmat?
1274 3960 1452 4030 Atque
1482 3962 1572 4017 bic
1595 3963 1837 4032 quidem5

269 4059 332 4105 ut
361 4048 611 4117 famulus,
640 4065 710 4105 ne
734 4050 1023 4119 corrigiam
1051 4051 1270 4122 quidem
1296 4054 1647 4110 calceamenti
1673 4057 1838 4113 attin·

267 4159 395 4217 gere
433 4147 617 4209 audet,
661 4147 804 4200 bunc
837 4161 968 4200 vcro
1010 4161 1150 4202 areae
1193 4147 1478 4204 Dominum
1523 4165 1647 4206 csse
1689 4126 1836 4207 dicit.

267 4237 382 4295 Hoc
400 4240 546 4293 enim
567 4237 837 4307 significat
856 4237 1009 4300 illud,
1032 4255 1051 4287 ι
1075 4237 1330 4307 Purgabit
1352 4254 1533 4295 aream
1555 4257 1703 4296 suam
1721 4242 1788 4297 ⁸⁹.
1815 4263 1834 4296 ι

267 4331 685 4386 Distributorem
710 4328 854 4383 enim
883 4342 947 4381 ac
973 4327 1134 4383 veluti
1161 4329 1558 4400 designatorem
1589 4331 1704 4388 sore
1727 4334 1837 4407 97

240 4425 345 4479 ait
369 4437 557 4479 eorum
589 4436 707 4492 qum
735 4420 963 4490 singulis
990 4421 1321 4478 conveniunt
1350 4440 1364 4478 ε
1393 4423 1466 4478 ita
1494 4433 1553 4479 ut
1574 4424 1751 4494 justos
1777 4443 1839 4484 ac

265 4519 438 4574 bonos
471 4517 647 4571 instar
674 4513 799 4570 boni
838 4513 1001 4568 tritici
1038 4513 1092 4568 in
1125 4514 1378 4572 coelestes
1409 4517 1714 4574 mansiones
1752 4520 1836 4575 in-

265 4611 528 4665 ducturus
563 4607 667 4671 sit,
700 4605 894 4675 impios
924 4620 1053 4660 vero
1091 4607 1262 4661 instar
1291 4607 1566 4678 palearum
1603 4609 1708 4680 igni
1744 4625 1841 4680 pa-

264 4698 451 4756 bulum
488 4696 851 4767 projecturus.
884 4696 955 4752 At
988 4696 1035 4751 si
1072 4707 1191 4751 erat
1220 4698 1444 4767 aequalis
1473 4699 1522 4752 ei
1556 4700 1644 4769 qui
1679 4700 1838 4771 paulo

265 4799 388 4864 post
410 4799 528 4846 erat
554 4789 768 4845 futurus
792 4787 989 4856 major,
1014 4803 1112 4844 cnr
1134 4803 1240 4842 non
1266 4789 1427 4844 etiam
1456 4790 1570 4860 ipsc
1597 4789 1838 4862 baptiza-

264 4883 346 4939 vit
380 4882 434 4937 in
478 4880 682 4950 Spiritu
705 4921 720 4947 ,
758 4893 1052 4949 arcamque
1090 4893 1242 4933 suam
1278 4882 1620 4952 expurgavit,
1648 4892 1704 4938 et
1733 4881 1837 4939 Do·

264 4973 398 5028 mini
428 4973 744 5044 dignitatem
771 4970 872 5026 sibi
901 4985 1181 5043 arrogans,
1201 4970 1465 5043 judicavit
1493 4976 1751 5031 mundum
1782 4975 1836 5031 in

261 5062 511 5134 iustitia?
551 5062 689 5117 Cum
735 5076 864 5116 vero
906 5061 1096 5116 beatus
1141 5062 1380 5129 Baptista
1423 5063 1659 5120 loannes
1702 5063 1836 5120 niltil

263 5156 458 5212 horum
507 5153 826 5223 praestitisse
875 5152 1202 5219 inveniatur,
1248 5153 1498 5211 Christus
1545 5166 1728 5211 autem
1779 5157 1832 5213 in

264 5253 527 5318 potestate
559 5244 739 5299 divina
774 5243 1026 5314 praestitit
1065 5263 1079 5300 ι
1119 5261 1226 5300 non
1261 5256 1378 5301 crat
1418 5248 1581 5319 igitur
1611 5248 1835 5319 aequalis

264 5338 338 5393 illi
370 5337 462 5408 qui
497 5345 644 5393 tanto
678 5334 959 5392 intervallo
990 5350 1112 5391 enni
1143 5338 1450 5406 superabat.

337 5685 380 5718 ²⁸
411 5683 594 5740 Mattlt.
635 5700 714 5752 ιιι,
759 5685 839 5741 Η.
917 5689 959 5720 ⁸²
993 5686 1124 5745 lbitl.
1173 5687 1254 5756 ll,
1294 5688 1374 5742 ¹1³..
1455 5690 1496 5720 ³⁹
1523 5688 1647 5744 Luc.
1687 5705 1764 5757 ιιι,
1803 5692 1881 5747 Π.

1940 3229 2033 3284 τοῦ
2068 3229 2435 3300 ὑποδήματος.
2455 3233 2696 3301 Ἐκεῖνος
2718 3236 2864 3307 ὑμᾶς
2885 3236 3137 3307 βαπτίσει
3163 3239 3220 3292 ἐν
3249 3238 3532 3309 Πνεύματι

1940 3320 2081 3393 ἁγίῳ
2114 3321 2210 3375 καὶ
2242 3322 2396 3394 πυρί.
2424 3316 2500 3376 Οῧ
2544 3327 2608 3379 τὸ
2650 3326 2819 3381 πτύον
2845 3328 2905 3380 ἐν
2935 3331 3002 3398 τῇ
3030 3329 3174 3398 χειρὶ
3201 3327 3393 3395 αὐτοῦ,
3435 3330 3532 3383 καὶ

1940 3411 2284 3484 διακαθαριεῖ
2321 3413 2421 3484 τὴν
2450 3414 2634 3470 ἅλωνα
2660 3415 2849 3478 αὑτοῦ,
2881 3416 2975 3467 καὶ
3006 3415 3223 3477 συνάξει
3254 3417 3348 3467 τὸν
3381 3420 3530 3472 σῖτον

1942 3508 2023 3572 εἰς
2060 3505 2157 3577 τὴν
2210 3506 2527 3579 ἀποθήκην,
2558 3507 2623 3560 τὸ
2663 3507 2723 3558 δὲ
2764 3504 2966 3575 ἄχυρον
3014 3504 3352 3556 κατακαύσει
3386 3509 3523 3575 πυρὶ

1940 3599 2211 3670 ἀσδέστῳ.
2242 3617 2262 3650 ι
2312 3599 2465 3662 uoto<
2517 3592 2609 3652 οὗν
2655 3596 2764 3666 ἄρα
2814 3593 2949 3662 πρὸς
3002 3593 3179 3647 ταῦτα
3226 3593 3518 3664 γενήσεται

1940 3689 2098 3758 λόγος
2138 3694 2253 3757 τοῖς
2301 3692 2359 3745 ὲν
2407 3690 2611 3759 ἰσότητι
2648 3687 2756 3741 τῶν
2798 3685 3044 3741 Ἰωάννου
3080 3685 3291 3757 μέτρων
3321 3683 3516 3739 τιθεῖσι

1939 3781 2035 3834 τὸν
2072 3782 2311 3854 Κύριον;
2345 3781 2516 3838 Οὔπω
2562 3779 2672 3852 γάρ
2727 3776 2949 3849 μείζων,
2977 3776 3139 3848 εἴπερ
3180 3775 3331 3830 ἔσται
3362 3775 3517 3839 ποτὲ,

1941 3871 2085 3926 κατὰ
2114 3872 2214 3945 τὴν
2246 3874 2474 3928 ἐκείνων
2521 3870 2792 3942 διάληψιν,
2825 3871 2948 3924 ὅτου
2998 3869 3156 3941 χάριν
3202 3868 3394 3922 ἑαυτὸν
3425 3867 3524 3938 μὲν

1943 3963 2098 4017 ὕδατι
2131 3962 2444 4032 βαπτίζειν,
2472 3964 2565 4018 τὸν
2596 3963 2653 4017 δὲ
2684 3962 2779 4018 τοῦ
2810 3960 3127 4033 Πνεύματος
3167 3959 3387 4014 ἔσεσθαι
3434 3977 3527 4031 χο-

1943 4052 2112 4126 ρηγὸν
2158 4052 2589 4125 διῖσχυρίζεται;
2632 4055 2744 4109 Καὶ
2793 4053 2953 4117 αὐτὸς
3006 4053 3125 4124 μὲν,
3164 4051 3241 4115 ὡς
3282 4051 3523 4121 οἰκέτης,

1941 4145 2048 4200 οὐδ’
2071 4145 2197 4198 ὅσον
2228 4144 2513 4215 ἀποθίγειν
2560 4145 2655 4200 τοῦ
2710 4145 2932 4216 ίμάντος
2979 4142 3261 4214 ἀποτολμᾷ
3281 4160 3297 4176 ·
3346 4142 3439 4196 τὸν
3466 4142 3526 4196 δὲ

1940 4238 2043 4307 τῆς
2072 4236 2186 4291 ἀλω
2218 4236 2500 4308 Δεσπότην
2544 4231 2686 4292 εἷναί
2732 4254 2887 4307 φησι.
2920 4235 3095 4290 Τοῦτο
3122 4233 3230 4306 γὰρ
3270 4233 3525 4306 σημαίνει

1939 4329 2022 4396 τὸ,
2055 4347 2075 4381 ι
2095 4327 2456 4400 Διακαθαριεῖ
2477 4327 2577 4399 τὴν
2597 4327 2778 4382 ἅλωνα
2806 4324 2997 4382 αὐτοῦ.
3012 4347 3030 4380 ι
3058 4326 3170 4380 Καὶ
3186 4324 3443 4395 διανομέα
3462 4340 3525 4377 τε

1942 4420 2038 4474 καὶ
2067 4419 2228 4474 οἱονεὶ
2255 4418 2572 4491 σημάντορα
2609 4417 2718 4471 τῶν
2747 4418 2964 4488 ἑκάστῳ
3004 4421 3323 4489 πρεπόντων
3348 4417 3523 4488 ὀφθή-

1944 4509 2137 4564 σεσθαι
2160 4509 2309 4578 λέγει
2328 4524 2343 4538 ·
2373 4507 2451 4572 ὠς
2478 4507 2569 4562 τὸν
2595 4507 2697 4578 μὲν
2714 4506 2921 4561 δίκαιόν
2945 4523 3003 4558 τε
3032 4507 3127 4559 καὶ
3148 4505 3353 4575 ἀγαθὸν
3375 4505 3524 4560 σίτου

1944 4604 2099 4673 δίκην
2143 4603 2264 4665 ταῖς
2310 4599 2583 4681 οὐρανίοις
2635 4598 2972 4667 είσκομίζειν
3023 4597 3238 4664 αὐλαῖς,
3267 4597 3441 4670 πυρὸς
3468 4597 3527 4651 δὲ

1942 4692 2213 4747 ποιεῖσθαι
2255 4691 2462 4764 τροφὴν
2496 4690 2703 4762 ἀχύρου
2732 4688 2933 4761 τρόπον
2971 4689 3407 4762 ἀποτιναχθέντα
3432 4690 3528 4744 τὸν

1941 4785 2146 4840 ἄδικον.
2164 4783 2304 4837 Ἀλλ’
2332 4783 2491 4853 εἴπερ
2517 4777 2586 4853 ἦν
2617 4781 2674 4834 ὲν
2702 4781 2802 4851 ίσῳ
2834 4780 3019 4852 μέτρῳ
3041 4781 3119 4852 τῷ
3152 4781 3347 4853 μικρὸν
3368 4779 3527 4835 ὔστε-

1942 4890 2036 4946 ρον
2064 4872 2306 4944 ἐσομένῳ
2338 4871 2566 4942 μείζονι,
2590 4871 2645 4924 τί
2687 4869 2763 4942 μὴ
2799 4870 2897 4925 καὶ
2927 4869 3089 4935 αὐτὸς
3136 4868 3387 4940 βαπτίζει
3424 4870 3526 4942 μὲν

1946 4967 2005 5021 ὲν
2038 4965 2176 5038 ἁγίῳ
2206 4963 2513 5035 Πνεύματι·
2541 4963 2888 5037 διακαθαίρει
2917 4962 2972 5017 δὲ
2997 4963 3095 5034 τὴν
3124 4962 3305 5017 ἅλωνα
3330 4962 3523 5026 αὐτοῦ,

1943 5061 2038 5115 καὶ
2070 5061 2131 5115 τὸ
2162 5057 2485 5113 Δεσποτικδν
2531 5054 2747 5128 ἀξίωμα
2793 5040 3176 5125 περικείμενος
3210 5055 3386 5127 κρίνει
3421 5054 3526 5126 τὴν

1939 5150 2264 5221 οἰκουμένην
2311 5149 2369 5202 ὲν
2409 5146 2757 5217 δικαιοσύνης
2799 5142 3016 5215 Ἐπειδὴ
3047 5142 3104 5196 δὲ
3131 5143 3340 5198 τούτων
3367 5143 3525 5199 οὐδὲν

1939 5242 1969 5295 ό
1991 5242 2260 5314 μακάριος
2278 5241 2590 5312 Βαπτιστής
2621 5238 2875 5307 Ἰωάννης
2894 5234 3157 5290 ἐπιτελῶν
3178 5235 3521 5307 εὑρίσκεται,

1940 5335 2170 5406 πράττει
2201 5334 2258 5388 δὲ
2281 5337 2310 5388 ό
2332 5317 2567 5408 Χριστὸς
2599 5334 2655 5385 ὲν
2689 5330 2907 5402 ἐξουσίᾳ
2936 5329 3246 5402 θεοπρεπεῖ,
3273 5329 3377 5382 οὐκ
3407 5327 3525 5394 ἴσος

1940 5426 2049 5496 ἄρα
2082 5428 2287 5491 ἐκεῖνος
2335 5426 2412 5498 τῷ
2464 5423 2717 5482 τοσοῦτον
2767 5422 3109 5494 ὲξαλλομένῳ
3156 5421 3251 5476 καὶ
3297 5419 3526 5477 ἀναδαί·

1938 5532 2101 5570 νοντι.
