3809 6125
264 268 405 327 twa

1389 268 1579 338 Quot>
1618 269 1804 327 UNUS
1842 270 1949 327 Sl'l’
1987 261 2352 333 cuiusvis,

3380 280 3525 340 {³⁰⁸

265 381 581 452 συναφθεὶς,
604 382 719 437 ἀλλ’
767 383 843 447 ὡς
885 380 1019 445 Θεὸς
1046 379 1287 449 γεγονὼς
1339 382 1399 435 ὲν
1433 383 1692 455 ὁμοιώσει
1731 383 1840 438 τῶν
1869 390 1917 446 Α
1944 385 2441 453 periclitabamur:
2473 397 2532 444 ut
2562 388 2615 444 in
2654 390 2772 461 ipso
2809 398 2863 446 et
2889 392 3107 462 quidem
3148 394 3326 466 primo
3346 410 3521 465 genua

262 473 776 539 κεκινδυνευκότων,
806 473 873 527 ἶν’
902 472 963 526 ὲν
991 472 1140 544 αὐτῷ
1173 471 1268 527 καὶ
1300 472 1503 545 πρώτῳ
1531 473 1597 527 τὸ
1625 472 1838 544 άνθρώ-

264 583 419 620 πινον
450 566 610 635 γένος
637 565 1046 636 ἀναπλάττηται
1075 564 1212 638 πρὸς
1237 565 1298 618 τὸ
1327 566 1388 618 ἐν
1412 565 1630 636 ἀρχαῖς.
1654 565 1840 620 Πάντα

261 656 371 725 γὰρ
403 650 473 726 ἦν
495 657 553 709 ὲν
584 655 734 725 αὐτῷ
760 655 942 709 καινά.

332 747 394 801 Β.
437 742 646 798 Οὐκοῦν
682 744 1101 815 διαδεδλήσεται
1143 743 1281 816 πρὸς
1313 742 1492 815 ἡμῶν,
1529 742 1593 798 τὸ
1641 743 1841 814 χρῆναι

263 838 482 907 φρονεῖν
506 836 540 907 ἢ
564 836 764 903 λέγειν,
797 833 1083 906 ἄνθρωπον
1109 831 1376 905 συνῆφθαι
1403 832 1482 905 τῷ
1505 833 1625 904 Θεῷ
1651 834 1834 905 Λόγῳ,

262 927 359 981 καὶ
392 927 648 981 κοινωνὸν
683 926 936 995 γενέσθαι
964 926 1065 998 τῆς
1092 924 1250 990 ἀξίας
1281 923 1566 996 αὐτῷ,καὶ
1593 927 1651 978 ὲν
1682 925 1835 990 τάξει

224 998 231 1014 ⁰
261 1020 485 1091 χάριτος
513 1019 614 1089 τὴν
640 1018 914 1074 υἱοθεσίαν
945 1016 1112 1089 ἔχειν.

332 1112 400 1165 A.
436 1111 763 1167 Παντάπασι
812 1110 911 1182 μὲν
962 1105 1076 1164 οῦν.
1112 1110 1188 1164 Οὐ
1227 1108 1337 1183 γὰρ
1374 1106 1484 1164 οἶδε
1524 1109 1685 1164 τοῦτο
1730 1106 1838 1163 τῶν

263 1196 424 1268 ἱερῶν
443 1197 793 1268 Γραμμάτων
812 1198 848 1268 ἡ
868 1196 1120 1268 δύναμις,
1147 1196 1358 1269 εῦρεμα
1384 1197 1443 1252 δὶ
1471 1198 1671 1269 μᾶλλόν
1696 1200 1835 1264 ἐστι,

262 1287 548 1358 φιλοκένου
582 1305 642 1341 τε
679 1286 771 1342 καὶ
799 1287 1085 1359 ἀδρανοῦς,
1117 1287 1212 1341 καὶ
1245 1286 1588 1359 παρειμένης
1617 1287 1834 1360 φρενὸς,

264 1380 361 1437 καὶ
385 1380 486 1435 οὐκ
527 1380 757 1452 ἐχούσης
793 1381 926 1452 ὁρᾷν
951 1377 1045 1432 τοῦ
1074 1378 1377 1451 μυστηρίου
1413 1375 1479 1434 τὸ
1506 1377 1692 1450 βάθος.
1723 1377 1837 1434 Ποῦ

264 1466 377 1538 γάρ
402 1483 486 1520 τοι
522 1466 765 1520 τοιοῦτον
804 1466 956 1537 παρὰ
981 1466 1081 1535 τῆς
1127 1467 1291 1535 ἁγίας
1331 1465 1547 1539 εἴρηται
1575 1468 1835 1540 Γραφῆς;

276 1553 335 1609 '0
375 1555 475 1625 μὲν
504 1556 611 1627 γὰρ
658 1555 942 1620 θεσπέσιος
978 1555 1188 1622 Παῦλος
1232 1556 1333 1628 τῆς
1365 1558 1835 1632 ὲνανθρωπήσεως

261 1644 357 1705 τοῦ
389 1645 728 1715 Μονογενοῦς
756 1646 1057 1718 διατρανῶν
1093 1643 1154 1700 εὗ
1214 1648 1361 1719 μάλα
1407 1648 1469 1702 τὸ
1504 1650 1828 1721 μυστήριον·

1943 475 2236 531 humanum
2256 480 2323 533 ad
2350 479 2644 550 pristinum
2658 492 2861 537 statum
2885 483 3298 540 instauraretur.
3318 483 3516 542 oanni·

1941 565 2085 621 enim
2110 577 2267 623 eraut
2300 569 2352 623 in
2385 572 2506 638 ipso
2534 586 2671 627 nova
2698 574 2766 629 ⁸³.

2019 740 2081 798 B.
2113 740 2442 811 Rejiciemus
2485 748 2672 814 itaque
2714 747 2855 803 hanc
2902 748 3211 818 opinionem
3260 759 3515 821 tanquam

1938 843 2247 897 erroneam,
2294 835 2438 902 quoti
2487 836 2650 891 bomo
2689 837 2763 891 sit
2802 838 3131 907 coniunctus
3173 838 3283 895 Deo
3318 839 3515 907 Verbo,

1937 932 1994 977 et
2021 923 2291 994 particeps
2320 926 2509 995 gloriae
2548 941 2670 981 cum
2700 928 2818 998 ipso
2843 928 3094 993 effectus,
3120 932 3380 1001 quodque
3418 946 3517 1001 per

1937 1013 2167 1082 gratiam
2190 1016 2480 1084 adoptatus
2508 1016 2582 1072 sit
2612 1018 2663 1071 in
2689 1017 2912 1073 Filium.

2004 1104 2071 1159 Α.
2103 1102 2355 1162 Omnino.
2385 1108 2574 1177 Neque
2614 1109 2765 1164 enim
2813 1125 2883 1165 ex
2929 1110 3104 1167 sacris
3141 1109 3363 1168 Litteris
3389 1126 3515 1184 pro·

1937 1195 2053 1251 bari
2077 1205 2292 1264 potest:
2321 1200 2415 1253 sed
2440 1199 2622 1269 potius
2656 1210 3027 1257 commentum
3061 1212 3146 1257 est
3177 1202 3381 1274 ingenii
3415 1203 3516 1259 im·

1938 1284 2168 1352 becillis,
2204 1288 2418 1344 remissi
2474 1299 2530 1345 et
2569 1289 2830 1346 novitatis
2870 1292 3142 1355 studiosi,
3195 1307 3262 1348 ac
3317 1293 3516 1349 mentis

1936 1390 2055 1446 quae
2100 1378 2341 1447 mysterii
2382 1378 2727 1436 altitudinem
2774 1383 3087 1452 perspicere
3123 1392 3379 1452 nequeat.
3409 1383 3514 1439 Ubi

1937 1468 2079 1522 enim
2128 1467 2235 1523 t'ale
2279 1470 2557 1542 quidpiam
2603 1472 2656 1526 in
2708 1487 2869 1528 sacra
2915 1474 3198 1542 Scriptura
3242 1471 3517 1544 reperias!

1935 1555 2071 1614 Nam
2096 1558 2315 1615 divinus
2347 1560 2548 1617 Paulus
2580 1563 2901 1634 mysterium
2958 1562 3350 1618 iucarnationis
3379 1562 3514 1619 Uni-

1889 1697 1901 1709 .
1936 1650 2100 1720 geniti
2129 1652 2333 1721 optime
2358 1652 2714 1710 dillucidaus:
2740 1674 2757 1704 ι
2779 1652 2915 1721 Quia
2947 1668 3077 1724 ergo
3104 1655 3278 1723 pueri,
3313 1654 3510 1724 inquit.

269 1756 290 1790 ι
325 1736 544 1807 Ἐπειδὴ
567 1739 673 1809 γὰρ
702 1738 771 1791 τά
797 1737 1007 1804 παιδία,
1039 1738 1194 1809 φησι,
1234 1737 1631 1812 κεκοινώνηκεν
1667 1740 1836 1813 αἷμα·
1869 1734 1915 1789 Β
1938 1745 2471 1798 communicaverunt
2494 1746 2646 1799 carni
2687 1752 2744 1800 οι
2780 1744 3055 1815 sanguini,
3082 1752 3137 1800 et
3167 1746 3283 1812 ipse
3314 1745 3511 1800 simili·

263 1846 353 1893 τος
377 1830 472 1883 καὶ
502 1831 727 1901 σαρκὸς,
749 1829 844 1883 καὶ
868 1830 1030 1893 αὐτὸς
1057 1830 1454 1902 παραπλησίως
1476 1831 1705 1904 μετέσχε
1727 1833 1838 1888 τῶν

263 1921 460 1988 αὐτῶν,
485 1922 572 1976 ἴνα
600 1921 686 1976 διὰ
704 1920 796 1976 τοῦ
826 1921 1056 1976 θανάτου
1090 1924 1415 1996 καταργήσῃ
1436 1923 1528 1979 τὸν
1556 1925 1617 1979 τὸ
1637 1924 1837 1997 κράτος

263 2010 456 2083 ἔχοντα
495 2011 590 2068 τοῦ
630 2012 886 2078 θανάτου,
933 2012 1202 2078 τουτέστι,
1245 2014 1337 2067 τὸν
1371 2013 1633 2070 διάὸολον.
1671 2034 1690 2067 ι
1728 2013 1839 2069 Καὶ

264 2103 374 2175 μὴν
403 2104 498 2158 καὶ
547 2102 775 2175 ἑτέρωθί
807 2121 910 2159 που
938 2120 952 2134 ·
990 2121 1009 2155 ι
1042 2103 1116 2158 Τὸ
1161 2104 1271 2177 γὰρ
1315 2105 1578 2161 ἀδύνατον
1622 2105 1715 2160 τοῦ
1750 2106 1839 2160 νό-

265 2210 391 2269 μου,
414 2196 472 2247 ὲν
498 2187 542 2262 ᾧ
573 2193 789 2265 ἠσθένει
815 2194 902 2251 διὰ
928 2194 1027 2264 τῆς
1055 2194 1277 2265 σαρκὸς,
1309 2197 1336 2249 ὁ
1366 2195 1499 2260 Θεὸς
1526 2196 1617 2250 τὸν
1640 2196 1834 2250 ἑαυτοῦ

264 2283 390 2337 Υίὸν
423 2284 666 2355 πέμψας,
717 2284 774 2336 ὲν
810 2282 1117 2355 ὁμοιώματι
1162 2284 1364 2357 σαρκὸς
1394 2286 1689 2360 ἁμαρτίας,
1741 2285 1836 2340 καὶ

262 2374 394 2446 περὶ
443 2375 719 2444 ἁμαρτίας
793 2374 1083 2445 κατέκρινε
1152 2374 1250 2446 τὴν
1324 2375 1599 2447 ἁμαρτίαν
1658 2376 1718 2429 ὲν
1768 2377 1835 2447 τῇ

265 2466 451 2539 σαρκὶ,
484 2466 572 2520 ἵνα
605 2466 666 2519 τὸ
689 2466 971 2535 δικαίωμα
998 2465 1094 2519 τοῦ
1126 2465 1292 2536 νόμου
1323 2466 1587 2539 πληρωθῇ
1616 2468 1672 2520 ἐν
1705 2468 1839 2538 ἡμῖν

261 2562 373 2623 τοῖς
402 2561 476 2629 μὴ
509 2558 650 2612 κατὰ
683 2558 860 2629 σάρκα
891 2556 1310 2629 περιπατοῦσιν,
1334 2558 1471 2611 ἀλλὰ
1498 2559 1643 2613 κατὰ
1674 2558 1837 2612 πνεῦ-

263 2668 361 2724 μα.
400 2671 419 2704 ι
457 2652 931 2723 Κεκοινωνηκέναι
951 2650 1008 2705 δέ
1033 2667 1214 2723 φαμεν
1237 2651 1469 2722 αἵματος
1493 2652 1588 2706 καὶ
1613 2652 1835 2723 σαρκὸς,

261 2744 408 2798 κατά
435 2759 498 2811 γε
527 2742 618 2797 τὸν
652 2746 764 2808 τοῖς
802 2743 1132 2816 θεερημοσιν
1155 2744 1371 2798 ἐοικότα
1398 2741 1546 2809 νοῦν,
1577 2744 1639 2797 οὐ
1661 2745 1752 2798 τὸν
1778 2746 1839 2798 ὲν

264 2836 429 2906 σαρκὶ
467 2838 562 2890 καὶ
588 2836 783 2908 αἵματι
813 2838 933 2891 κατ’
971 2836 1108 2889 ἰδίαν
1137 2835 1321 2906 φύσιν,
1344 2838 1438 2889 καὶ
1466 2837 1666 2908 ἑτέρως
1698 2833 1838 2890 εἶναι

265 2928 340 3002 μὴ
362 2926 677 2996 δυνάμενον,
719 2927 858 2981 ἀλλὰ
896 2929 986 2981 τὸν
1031 2929 1135 2982 οὐκ
1184 2928 1313 2982 δντα
1340 2926 1498 2982 τοῦτό
1526 2945 1660 2981 ποτε
1677 2970 1693 2996 ,
1742 2929 1839 2984 καὶ

264 3016 479 3087 φύσεως
518 3016 710 3086 ἐτέρας
747 3017 782 3087 ἢ
839 3018 961 3072 καθ’
1008 3021 1177 3090 ἡμᾶς·
1224 3021 1505 3091 γεγονέναι
1532 3020 1590 3076 δὲ
1635 3023 1727 3076 καὶ
1771 3022 1837 3076 ὲκ

267 3104 545 3175 γυναικὸς,
580 3106 673 3158 καὶ
716 3106 774 3159 ἰν
818 3108 1127 3179 ὁμοιώματι
1168 3112 1371 3178 σαρκὸς
1407 3111 1702 3182 ἁμαρτίας.
1747 3112 1840 3168 τὸν

267 3193 336 3248 δι’
365 3194 534 3266 ἡμᾶς,
564 3193 688 3248 καθ’
718 3195 892 3265 ἡμᾶς,
924 3197 1065 3267 μετὰ
1091 3195 1189 3250 τοῦ
1210 3197 1304 3251 καὶ
1333 3199 1477 3264 ὑπὲρ
1505 3200 1676 3270 ἡμᾶς,
1705 3205 1841 3259 καθὸ

267 3287 466 3341 νοεῖται
496 3284 647 3350 Θεός.
676 3285 873 3355 Γέγονε
897 3287 997 3359 μὶν
1023 3286 1116 3344 καὶ
1147 3287 1285 3360 σάρξ
1308 3291 1337 3344 ὁ
1382 3286 1577 3360 Λόγος,
1606 3292 1746 3366 πλὴν
1776 3295 1840 3350 οὐ

269 3376 406 3448 σὰρξ
442 3378 754 3450 ἁμαρτίας,
794 3378 910 3434 ἀλλ’
958 3381 1017 3435 ὸν
1065 3378 1374 3453 ὁμοιώματι
1419 3377 1620 3454 σαρκὸς
1656 3386 1839 3458 άμαρα

265 3469 408 3536 τίας,
444 3470 857 3542 συνανεστράφη
881 3471 981 3542 μὲν
1006 3473 1123 3537 τοῖς
1142 3472 1236 3526 ἐπὶ
1258 3471 1361 3544 τῆς
1380 3472 1503 3545 γῆς,
1527 3473 1603 3538 ὡς
1630 3474 1839 3550 ἄνθρω·

268 3577 388 3625 πος,
426 3560 520 3614 καὶ
566 3560 624 3614 ὲν
653 3559 964 3632 ὁμοιώματι
990 3563 1184 3632 γέγονε
1228 3562 1306 3636 τῷ
1336 3562 1458 3618 καθ’
1497 3565 1667 3635 ἡμᾶς,
1700 3566 1840 3639 πλὴν

266 3651 331 3707 οὐ
362 3651 481 3723 μεθ’
510 3651 665 3724 ἡμῶν
696 3653 788 3724 ὑφ’
824 3653 1123 3726 ἁμαρτίαν,
1155 3654 1271 3710 ἀλλ’
1295 3656 1553 3711 ἐπέκεινα
1580 3656 1674 3712 τοῦ
1704 3659 1841 3714 εἰδέ-

269 3761 359 3798 ναι
394 3743 758 3816 πλημμελείν.
799 3741 910 3798 Ἤν
939 3743 1048 3818 γὰρ
1075 3746 1104 3798 ὁ
1141 3746 1304 3811 αὐτὸς
1333 3745 1467 3812 Θεός
1493 3765 1554 3802 τε
1580 3749 1714 3821 ὁμοῦ
1747 3751 1841 3805 καιΙ

270 3832 574 3904 ἄνθρωπος.
599 3834 663 3887 Οἱ
691 3833 751 3888 δὲ
779 3834 879 3906 τἠν
918 3833 1063 3888 οὕτω
1087 3835 1291 3907 σεπτὴν
1329 3835 1424 3890 καὶ
1460 3837 1842 3911 τεθαυμασμέ-

270 3941 370 3995 νην
402 3925 714 3996 οἰκονομίαν
771 3924 1139 4000 ἀποφέροντες
1168 3926 1268 3981 οὐκ
1297 3924 1393 3982 οἷδ’
1415 3928 1564 3996 ὅπως
1591 3930 1686 3985 τοῦ
1725 3932 1840 3986 Μο-

267 4016 538 4085 νογενοῦς,
567 4016 851 4089 ἄνθρωπον
886 4015 1037 4089 αὐτῷ
1061 4017 1395 4073 συνάπτουσι
1430 4022 1720 4092 σχετικῶςψ,
1755 4041 1841 4077 τι-

273 4109 400 4177 μαῖς
428 4109 551 4171 ταῖς
578 4106 815 4179 θύραθεν
847 4109 1271 4181 ὲξωραῖσμένον,
1306 4110 1400 4164 καὶ
1423 4111 1683 4186 ἀλλοτρίᾳ
1714 4112 1843 4189 δόξῃ

267 4197 777 4275 λελαμπρυσμένον,
827 4201 921 4254 καὶ
965 4202 1028 4254 οὐ
1080 4199 1213 4254 Θεὸν
1261 4201 1501 4273 άληθῶς,
1539 4204 1675 4258 ἀλλὰ
1704 4204 1841 4261 Θεοῦ

267 4291 526 4344 κοινωνὸν
573 4291 667 4344 καὶ
702 4291 951 4362 μέτοχον,
1001 4292 1098 4345 καὶ
1145 4293 1275 4347 Υίὸν
1327 4277 1696 4369 ψευδώνυμον,
1748 4298 1843 4354 καὶ

1942 1837 2025 1885 ιει·
2051 1830 2396 1901 participavit
2435 1833 2665 1900 eisdem,
2700 1843 2760 1888 ut
2803 1849 2901 1903 per
2934 1845 3161 1889 mortem
3209 1835 3512 1890 destrueret

1939 1934 2061 1975 eum
2095 1921 2188 1990 qul
2232 1921 2465 1978 babebat
2492 1924 2682 1979 mortis
2706 1924 3016 1994 imperium,
3046 1924 3149 1978 boc
3182 1935 3287 1990 est,
3324 1926 3511 1980 diabo-

1945 2004 2053 2058 lum
2087 2005 2155 2061 ²³.
2196 2025 2216 2059 ι
2246 2006 2310 2061 Et
2338 2007 2444 2062 alio
2475 2009 2529 2064 in
2560 2009 2681 2065 loco
2712 2028 2727 2065 ε
2761 2028 2780 2062 ι
2819 2009 2972 2078 Quod
3001 2013 3145 2066 enim
3178 2013 3512 2082 impossibiie

1938 2104 2059 2149 erat
2105 2094 2209 2167 legi
2254 2096 2305 2152 in
2347 2112 2457 2169 quo
2495 2099 2875 2156 infirmabatur
2916 2117 3014 2171 per
3059 2118 3327 2159 carnem:
3371 2104 3513 2159 Deus

1938 2184 2132 2242 Filium
2172 2204 2329 2244 suum
2364 2191 2588 2247 mittens
2615 2191 2668 2246 iu
2699 2192 3125 2263 ⁸similitudinem
3167 2195 3349 2249 carnis
3382 2209 3509 2263 pec·

1938 2276 2068 2340 cati,
2096 2287 2151 2331 et
2195 2277 2265 2333 de
2306 2290 2529 2348 peccato
2573 2281 2851 2339 damnavit
2880 2295 3160 2354 peccatum
3207 2287 3261 2341 iu
3302 2301 3509 2343 carne:

1940 2378 1995 2421 ut
2017 2370 2338 2439 justificatio
2363 2371 2497 2443 legis
2526 2373 2842 2444 impleretur
2867 2375 2921 2431 iu
2956 2378 3133 2444 nobis,
3165 2380 3255 2447 qui
3288 2394 3394 2433 non
3421 2394 3509 2436 se·
3591 2377 3604 2390 ‘

1938 2460 2172 2514 cundum
2206 2476 2426 2517 carnem
2460 2461 2828 2531 ambulamus,
2857 2468 2954 2522 sed
3004 2469 3303 2523 secuudum
3348 2469 3511 2537 spiri-

1940 2562 2051 2607 tum
2090 2552 2158 2605 ²⁸.
2200 2573 2219 2605 ι
2263 2553 2710 2613 communicasse
2769 2568 2951 2613 autem
2990 2559 3221 2614 dicimus
3251 2561 3402 2614 carui
3456 2568 3512 2615 et

1937 2644 2195 2713 sanguini
2242 2644 2396 2715 Juxta
2434 2647 2650 2702 modum
2693 2648 2892 2705 divinis
2930 2650 3163 2721 eloquiis
3186 2653 3513 2705 convenien-

1942 2744 2050 2788 tem
2098 2750 2203 2789 non
2234 2749 2358 2790 eum
2383 2738 2475 2806 qui
2507 2737 2561 2792 in
2596 2752 2764 2793 carne
2805 2750 2861 2796 et
2909 2738 3175 2811 sanguine
3212 2741 3510 2795 secuudum

1939 2824 2212 2893 propriam
2256 2836 2508 2882 naturam
2569 2829 2927 2896 versabatur,
2975 2846 3149 2902 neque
3196 2831 3354 2887 aliter
3390 2846 3514 2887 esse

1941 2918 2302 2986 poterat;sed
2321 2918 2415 2989 qui
2452 2920 2504 2973 id
2534 2934 2815 2989 nunquam
2848 2919 3042 2987 iuerat,
3073 2931 3127 2977 et
3160 2931 3367 2977 naturae
3394 2934 3514 2977 erat

1944 3005 2170 3064 diversae
2206 3022 2237 3065 a
2269 3019 2453 3065 nostra
2490 3026 2507 3064 ι
2546 3008 2747 3067 iactum
2779 3026 2910 3069 vero
2938 3027 3061 3069 esse
3099 3015 3262 3069 etiam
3298 3030 3364 3071 ex
3394 3030 3514 3071 tnu-

1864 3060 1914 3125 ο
1943 3099 2078 3156 licre
2110 3099 2179 3169 ⁸⁸,
2207 3109 2262 3155 et
2294 3100 2347 3155 in
2378 3101 2787 3158 similitudinem
2812 3105 2993 3160 caruis
3026 3107 3238 3177 peccati·
3263 3107 3355 3177 qui
3385 3122 3515 3177 pro-

1941 3201 2059 3263 pter
2089 3207 2189 3249 nos
2209 3194 2379 3249 nostri
2402 3194 2599 3250 similis
2626 3203 2711 3250 est
2737 3193 2996 3251 effectus:
3026 3196 3097 3252 ita
3125 3209 3305 3252 tamen
3335 3208 3392 3253 ut
3416 3214 3515 3254 no·

1939 3284 2024 3339 bis
2054 3284 2304 3356 superior
2324 3295 2491 3353 esset,
2518 3295 2783 3358 quatenus
2809 3296 2890 3344 est
2922 3286 3081 3344 Deus.
3111 3287 3348 3344 Verbum
3368 3290 3515 3345 eui-

1940 3387 2068 3429 caro
2104 3374 2308 3433 sactum
2340 3385 2467 3444 est;
2500 3387 2756 3433 caeterum
2785 3393 2890 3433 non
2917 3393 3046 3434 caro
3078 3379 3310 3449 peccati,
3335 3381 3428 3436 sed
3456 3379 3514 3435 in

1941 3463 2348 3524 similitudinem
2394 3469 2577 3524 carnis
2629 3469 2858 3540 peccati.
2909 3468 2977 3525 Et
3019 3478 3269 3527 versatus
3299 3471 3517 3539 quidem

1941 3567 2024 3612 est
2056 3574 2178 3614 cum
2211 3559 2545 3624 liomiuibuS,
2574 3569 2633 3615 ut
2666 3560 2850 3627 bomo,
2893 3562 3176 3632 nostrique
3207 3561 3406 3619 similis
3439 3561 3517 3617 sa·

1940 3659 2084 3715 ctus,
2111 3653 2205 3707 sed
2237 3668 2343 3706 uon
2373 3667 2479 3708 uua
2514 3651 2796 3707 uobiscum
2829 3662 3051 3723 peccato
3084 3653 3373 3720 obnoxius,
3416 3652 3515 3708 setl

1942 3757 1972 3796 a
2002 3752 2226 3812 peccato
2261 3743 2420 3814 plane
2453 3743 2610 3799 liber.
2650 3744 2780 3798 Erat
2820 3745 2966 3800 enim
3013 3746 3129 3816 ipse
3177 3743 3317 3801 Deus
3351 3743 3517 3800 simul

1939 3843 1995 3890 οι
2024 3835 2203 3889 bomo.
2247 3834 2309 3890 lli
2362 3849 2492 3892 vero
2537 3836 2904 3894 venerabilem
2953 3839 3093 3892 banc
3152 3846 3317 3906 atque
3357 3834 3521 3891 admi·

1947 3928 2168 4001 raudam
2221 3927 2655 3983 incarnationem
2716 3931 2785 3984 ab
2847 3927 3138 4000 unigenito
3181 3929 3370 3985 nest-io
3413 3944 3522 3998 quo

1946 4025 2104 4083 pacto
2137 4018 2452 4084 avellentes,
2493 4016 2656 4091 745
2708 4019 2978 4074 bominem
3019 4019 3118 4089 ipsi
3160 4019 3351 4074 stricte
3382 4033 3518 4074 con·

1938 4104 2196 4177 jungunt,
2235 4107 2478 4164 externis
2526 4109 2887 4178 ascititiisque
2921 4107 3218 4164 bonoribus
3246 4120 3517 4174 ornatum,

1946 4208 2109 4269 atque
2138 4198 2315 4254 aliena
2351 4198 2523 4271 gloria
2558 4199 2923 4270 splendidum,
2966 4212 3139 4268 neque
3164 4213 3292 4253 vere
3328 4198 3520 4265 Deum,

1944 4292 2039 4346 sed
2085 4288 2177 4346 Dei
2243 4291 2583 4362 participem,
2622 4300 2675 4347 et
2719 4288 2838 4345 falsi
2892 4289 3128 4345 nominis
3174 4289 3372 4344 Filium
3402 4328 3420 4357 ,
3466 4299 3522 4345 et

267 4383 498 4454 Σωτῆρα
546 4382 852 4454 σωζόμενον
879 4423 894 4446 ,
946 4384 1040 4438 καὶ
1106 4384 1475 4457 λυτρούμενον
1521 4389 1838 4463 Λυτρωτὴν·
1872 4399 1919 4457 1>
1953 4379 2295 4436 salvatorem
2323 4396 2445 4437 eum
2478 4383 2568 4452 qui
2603 4383 2841 4437 salvatus
2872 4381 2979 4448 sit,
3011 4390 3178 4452 atque
3221 4383 3521 4449 redempto·

266 4474 447 4541 καίτοι
477 4474 819 4551 γεγραφότος
839 4475 937 4535 diat
964 4475 1061 4530 τοῦ
1086 4478 1356 4550 μακαρίου
1381 4478 1616 4537 Παύλου·
1643 4502 1662 4535 ι
1693 4482 1847 4537 Ἐπέ-

266 4582 401 4634 φανε
426 4566 536 4637 γάρ
573 4567 795 4638 ηχάρις
840 4566 933 4626 τοῦ
981 4566 1174 4641 Θεοῦη
1218 4572 1486 4643 σωτήριος
1535 4574 1702 4649 πᾶσιν
1744 4574 1842 4629 άν-

266 4655 529 4729 θρώποις,
587 4657 676 4713 ἵνα
715 4659 1089 4735 ἀρνησάμενοι
1135 4659 1235 4739 τὴν
1284 4661 1567 4727 άσέδειαν,
1604 4665 1698 4726 καὶ
1746 4662 1846 4729 τὰς

267 4749 539 4820 κοσμικὰς
570 4750 890 4821 ἐπιθυμίας,
917 4750 1211 4824 σωφρόνως
1253 4752 1349 4811 καὶ
1378 4753 1636 4820 ἐπιεικῶς
1661 4755 1842 4827 ζήσω·

270 4858 371 4912 μεν
403 4843 462 4897 ἰν
499 4843 580 4923 τῷ
629 4843 726 4898 νῦν
771 4841 948 4910 αίῶνι,
977 4844 1396 4922 προσδεχόμενοι
1422 4846 1523 4919 τὴν
1561 4848 1841 4922 μακαρίαν

267 4932 478 4999 ἐλπίδα,
511 4933 604 4988 καὶ
634 4935 958 5003 ἐπιφάνειαν
988 4938 1088 5013 τῆς
1120 4934 1280 5011 δόξης
1304 4935 1400 5001 τοῦ
1443 4935 1680 5013 μεγάλου
1703 4937 1840 4992 Θεοῦ

269 5024 365 5089 καὶ
401 5024 649 5096 Σωτῆρος
672 5026 828 5097 ἡμῶν
873 5025 1049 5100 Ἰησοῦ
1078 5028 1335 5101 Χριστοῦ.
1368 5047 1391 5081 ι

340 5114 399 5169 Β.
429 5114 559 5184 Ναὶ,
586 5116 770 5185 φασίν.
788 5116 1006 5190 Ἐπειδὴ
1032 5119 1141 5192 γάρ
1153 5120 1289 5184 ὅλως
1313 5119 1519 5193 ἠξιώθη
1541 5122 1837 5192 συναφείας

266 5203 367 5275 τῆς
391 5204 524 5275 πρὸς
548 5205 638 5259 τὸν
666 5206 799 5260 Θεὸν
828 5208 1020 5281 Λόγον,
1049 5209 1221 5280 μέγας
1244 5209 1340 5264 καὶ
1361 5196 1522 5277 αὐτὸς
1542 5212 1834 5289 ὠνομάσθη

267 5292 420 5358 Θεὸς,
461 5294 636 5347 καίτοι
663 5295 901 5364 γεγονώς
932 5296 997 5360 ἐκ
1030 5297 1344 5370 σπέρματος
1366 5300 1461 5354 τοῦ
1489 5300 1670 5357 Δαδίδ.

340 5472 402 5522 Δ.
463 5469 635 5553 Βαὸα)
681 5469 782 5540 τῆς
833 5468 1209 5543 ἀποπληξίαςί
1281 5493 1300 5526 ι
1326 5474 1630 5542 Φάσκοντες
1698 5472 1837 5532 εἶναι

1948 4486 2063 4526 rem
2098 4486 2222 4526 eum
2268 4471 2359 4542 qui
2405 4473 2713 4542 redemptus
2745 4480 2850 4540 est,
2899 4487 3023 4528 cum
3074 4471 3281 4542 alioqui
3331 4473 3520 4528 beatus

1949 4559 2148 4616 Paulus
2177 4561 2461 4618 manifeste
2485 4562 2558 4617 ita
2576 4562 2816 4620 scribat:
2848 4582 2867 4616 ι
2895 4564 3157 4635 Apparuit
3172 4565 3317 4619 euim
3344 4564 3518 4635 gratia

1957 4653 2050 4709 Dei
2088 4652 2388 4708 Salvatoris
2420 4654 2591 4710 nostri
2620 4655 2870 4710 omnibus
2900 4654 3231 4719 hominibus,
3264 4655 3521 4709 erudiens

1946 4760 2046 4801 nos
2062 4753 2122 4800 ut
2140 4744 2472 4817 abnegantes
2496 4745 2824 4818 impietatem
2846 4756 2901 4802 et
2923 4746 3206 4802 saecularia
3228 4744 3519 4813 desideria,

1946 4836 2130 4895 sobrie
2155 4845 2211 4893 et
2242 4839 2389 4908 juste
2426 4848 2483 4895 et
2531 4837 2620 4910 pie
2648 4836 2896 4894 vivamus
2931 4837 2986 4892 iu
3029 4835 3134 4893 boc
3162 4836 3384 4902 saecuto,
3415 4852 3516 4892 ex-

1944 4938 2250 5000 spectantes
2278 4931 2495 4986 beatam
2516 4944 2670 4999 spem
2716 4939 2771 4985 et
2802 4929 3090 4985 adventum
3115 4928 3301 4999 gloriae
3340 4927 3516 4998 magui

1945 5018 2038 5077 Dei
2062 5031 2119 5076 et
2158 5019 2457 5081 salvatoris
2481 5021 2650 5078 nostri
2679 5020 2807 5077 Jesu
2846 5019 3048 5076 Christi
3071 5019 3140 5076 ²⁸.
3171 5038 3193 5075 ι

2020 5111 2081 5166 Β.
2121 5112 2199 5167 lta
2237 5113 2406 5172 aiunt.
2432 5111 2724 5184 Postquam
2753 5110 2897 5168 enim
2927 5109 3096 5168 semel
3124 5109 3399 5165 admissus
3431 5117 3518 5166 est

1943 5204 2009 5258 ad
2047 5203 2478 5272 coniunctionem
2523 5217 2646 5258 cum
2688 5202 2797 5259 Deo
2837 5200 3035 5269 Verbo,
3077 5216 3302 5272 magnus
3350 5201 3513 5255 etiam

1943 5294 2057 5366 ipse
2103 5295 2244 5353 Deus
2294 5305 2517 5354 vocatus
2552 5304 2657 5362 est,
2710 5292 2927 5349 tametsi
2982 5308 3048 5349 ex
3092 5292 3300 5348 setuiue
3344 5288 3514 5349 David

1943 5395 2115 5443 ortua.
3040 5422 3105 5443 ..-

2013 5475 2079 5531 A.
2119 5476 2165 5533 0
2190 5477 2514 5536 immensum
2554 5476 2865 5550 stuporem!
2901 5496 2922 5530 e
2946 5470 3083 5531 cum
3118 5488 3177 5532 ae
3206 5473 3387 5533 dicant
3417 5487 3509 5530 sa·

343 5649 389 5693 ⁸⁸
417 5648 457 5711 il
478 5650 601 5706 Cor.
645 5667 695 5715 ν,
730 5653 811 5706 17.
891 5653 935 5688 ⁸⁸
958 5651 1120 5714 liebr.
1158 5669 1217 5717 u.
1248 5653 1332 5713 14.
1404 5655 1450 5689 ¹⁸
1480 5654 1637 5712 Rom.
1673 5672 1791 5720 viti.
1821 5658 1875 5721 3.
1899 5660 1955 5715 t.
2023 5658 2068 5693 ¹⁰
2101 5657 2380 5718 calaum.
2423 5657 2473 5723 4,.
2552 5660 2598 5693 ⁸⁸
2627 5657 2736 5721 Tit.
2765 5671 2825 5718 n.
2859 5653 3047 5712 tt-ta.
