3809 6125
287 359 394 417 881

1356 362 1443 419 DE
1480 363 1583 422 SS.
1629 365 2005 422 'rntNt‘r-ATE
2040 366 2383 424 ntALOGUS
2421 365 2509 422 W.

3437 362 3547 419 88²2

290 492 413 544 mv,
443 470 505 527 τὸ
541 471 812 539 ῑσθσθενὲς
841 472 919 547 τῷ
944 477 1138 550 Πατρί.
1173 479 1441 553 Παρήχθη
1472 483 1579 553 γὰρ
1614 483 1680 538 δι’
1709 485 1876 538 αὐτοῦ
1908 492 1953 547 Α
1983 486 2146 542 Patre
2180 486 2502 555 potentiam.
2559 482 2664 540 Per
2684 481 2858 553 ipsum
2915 480 3058 538 enim
3082 456 3369 552 -producta
3420 488 3550 539 sunt

291 566 433 637 πρὸς
463 561 676 633 γένεσιν
703 564 770 617 τὰ
798 567 895 618 οὐκ
920 566 1050 621 δντα
1088 568 1240 622 ποτέ.
1282 570 1639 626 Κοινοόουλία
1678 590 1737 626 τε
1776 575 1872 628 καὶ

292 655 566 728 ίσουργία,
593 656 686 708 καὶ
710 658 742 726 ἡ
765 657 902 729 πρὸς
931 660 1038 712 πᾶν
1058 659 1236 716 ὁτιοῦν
1254 662 1530 733 ὁμοιότης,
1563 664 1870 736 γέγραπται

285 749 381 803 διὰ
423 746 690 811 Μωσέως.
737 747 1101 822 Είσκεκόμικε
1140 751 1250 825 γὰρ
1289 753 1419 825 ἡμῖν
1454 754 1681 823 λέγοντα
1714 756 1867 820 Θεὸν,

283 841 447 911 δῆλον
483 837 541 892 δὲ
568 839 673 907 ότι,
707 840 844 911 πρὸς
871 840 960 895 τὸν
987 843 1048 908 ἐξ
1081 843 1275 898 ἑαυτοῦ
1303 846 1398 899 καὶ
1428 847 1605 918 ἑαυτῷ
1636 864 1869 917 συνυφε-

287 931 470 985 στῶτα
518 931 732 999 Λόγον·
767 950 786 984 ι
829 933 1153 1006 Ποιήσωμεν
1185 934 1473 1007 ἄνθρωπον
1517 939 1638 991 κατ’
1686 939 1871 993 είκόνα

281 1022 562 1094 ἡμετέραν
596 1021 688 1074 καὶ
737 1020 859 1075 καθ’
888 1024 1167 1093 ὁμοίωσιν.
1221 1044 1239 1075 ι
1282 1026 1357 1080 Τὸ
1390 1027 1602 1097 γάρτοι,
1654 1046 1673 1079 ι
1710 1028 1868 1099 ποιή-

283 1129 496 1183 σωμεν,
535 1129 556 1164 ι
588 1112 686 1182 οὐχ
710 1112 810 1172 ἐνὶ,
848 1112 1046 1182 πρέποι
1075 1114 1120 1167 δ’
1147 1113 1215 1168 ἂν
1240 1115 1439 1185 μᾶλλον
1463 1120 1576 1181 τοῖς
1599 1119 1740 1191 ὑπὲρ
1773 1120 1868 1173 ἕνα

277 1205 378 1260 καὶ
422 1202 516 1258 δύο
561 1203 722 1257 τισίν.
770 1203 983 1274 Ἐπειδὴ
1010 1204 1086 1271 δὲ,
1123 1206 1296 1274 φειδοῖ
1321 1206 1416 1260 καὶ
1459 1207 1650 1280 ἀγάπῃ
1679 1211 1745 1278 τῇ
1789 1211 1868 1273 είς

273 1297 452 1367 ἡμᾶς,
486 1294 544 1361 ἐξ
573 1295 816 1365 ἐμφύτου
845 1294 940 1348 καὶ
966 1296 1304 1366 θεοπρεποῦς
1341 1297 1677 1369 ἡμερότητος
1705 1299 1869 1352 οἱονεὶ

274 1384 637 1458 κεκινημένος
684 1404 703 1437 ι
750 1386 810 1437 ὲν
858 1388 1041 1458 μορφῇ
1068 1385 1163 1439 τοῦ
1204 1385 1340 1440 Θεοῦ
1371 1389 1467 1441 καὶ
1508 1386 1719 1459 Πατρὺς
1763 1389 1865 1442 ὑπ-

274 1475 484 1546 άρχων,
529 1473 627 1545 οὐχ
682 1475 970 1545 ἁρπαγμὸν
996 1475 1242 1546 ἡγήσατο
1283 1473 1422 1531 εἶναι
1453 1475 1544 1532 ἴσα
1581 1477 1721 1549 Θεῷ,
1751 1478 1866 1531 ἀλλ’

271 1566 469 1620 ἑαυτὸν
497 1565 733 1619 ὲκένωσε
778 1565 988 1636 μορφὴν
1025 1565 1210 1620 δούλου
1259 1566 1462 1635 λαὸὼν,
1503 1568 1602 1623 καὶ
1626 1569 1864 1641 σχήματι

275 1657 531 1729 εὑρεθεὶς
557 1656 635 1721 ὡς
665 1656 972 1729 ἄνθρωπος,
1000 1658 1398 1716 τεταπείνωκεν
1422 1661 1635 1727 ἑαυτὸν,
1666 1678 1684 1712 ι
1716 1663 1866 1724 ποῖος

269 1751 421 1821 ἡμᾶς
461 1748 745 1803 ἀναπείσει
766 1747 943 1817 λόγος,
970 1750 1119 1814 τοὺς,
1149 1751 1202 1803 οἴ
1237 1767 1298 1819 γε
1327 1754 1550 1824 φρονεῖν
1573 1752 1710 1825 ὀρθὰ
1738 1753 1866 1823 περὶ

1979 593 2101 648 quae
2153 577 2440 646 aliquando
2493 590 2598 633 non
2654 584 2827 632 erant.
2885 573 3191 643 Quinetiam
3243 571 3543 630 voluntatis

1978 668 2306 733 communio,
2343 668 2475 724 etin
2503 665 2778 738 operando
2812 663 3113 735 aequalitas,
3144 671 3199 718 et
3228 661 3572 718 omnimoda·

1977 758 2273 814 similitudo
2299 758 2494 815 divinis
2554 755 2776 828 scriptis
2803 765 2889 813 est
2915 770 2944 810 a
2982 754 3165 827 Moyse
3203 754 3540 824 consignata.

1978 850 2193 907 induxit
2234 851 2376 906 enim
2426 850 2581 906 nobis
2624 848 2794 905 Deum
2840 848 3130 924 dicentem,
3192 843 3445 901 nimirum
3475 842 3553 899 ad’

1977 943 2211 999 Verbum
2246 941 2390 1014 quod
2419 942 2612 1012 inipso
2636 950 2693 997 et
2722 954 2843 998 cum
2869 939 2987 1010 ipso
3021 937 3305 994 coexsistit
3334 952 3349 991 z
3388 954 3407 988 ι
3442 933 3545 990 Fa-

1975 1037 2186 1091 ciamus
2215 1033 2488 1089 hominem
2539 1031 2835 1088 secundum
2881 1028 3170 1099 imaginem
3213 1032 3455 1081 nostram
3489 1032 3546 1080 et

1976 1126 2042 1181 ad
2077 1123 2484 1181 similitudinem
2519 1123 2588 1177 ⁸⁸.
2648 1139 2667 1175 ι
2721 1120 2851 1176 tttud
2893 1118 3079 1186 enim,
3132 1135 3152 1170 ι
3198 1116 3482 1181 faciamus,
3518 1130 3542 1166 ι

1975 1232 2082 1272 non
2113 1217 2231 1286 nni,
2255 1216 2348 1274 sed
2376 1216 2618 1287 piuribns
2638 1228 2800 1286 quam
2825 1210 2916 1267 uni
2944 1219 3001 1265 et
3029 1208 3239 1263 duobus
3270 1205 3542 1263 convenit.

1976 1310 2241 1377 Quoniam
2277 1319 2457 1363 autem
2504 1302 2881 1362 misericordia
2913 1309 2966 1357 et
2996 1299 3263 1356 charitate
3291 1312 3417 1370 erga
3446 1293 3547 1351 nos

1975 1416 2041 1455 cx
2073 1416 2168 1456 sua
2197 1407 2253 1455 et
2285 1399 2395 1455 Dco
2436 1395 2780 1453 convenienti
2823 1403 3004 1448 motus
3039 1390 3306 1468 bonitate,
3367 1405 3385 1440 t
3420 1400 3545 1441 eum

1976 1490 2027 1545 in
2078 1487 2249 1544 forma
2282 1486 2377 1541 Dei
2408 1501 2473 1541 ac
2497 1483 2671 1538 Patris
2696 1489 2862 1544 esset,
2898 1493 3006 1534 non
3036 1475 3279 1546 rapinam
3310 1470 3547 1527 arbitra-

1976 1590 2063 1634 tus
2093 1586 2177 1632 est
2205 1591 2325 1631 esse
2349 1589 2406 1630 se
2433 1572 2694 1645 aequalem
2736 1570 2870 1637 Deo,
2916 1568 3009 1624 sed
3066 1564 3415 1632 semetipsum
3448 1575 3546 1617 ex·

1976 1671 2204 1727 inanivit
2230 1668 2457 1723 formam
2490 1663 2631 1720 servi
2668 1661 2962 1731 accipiens,
2996 1666 3053 1713 et
3079 1655 3265 1713 habitu
3294 1654 3546 1708 inventus

1978 1771 2039 1816 ut
2066 1761 2250 1825 homo,
2272 1756 2577 1813 humiliavit
2613 1752 2963 1823 semetipsum
2981 1750 3028 1783 ⁸⁹
3060 1766 3074 1803 ι
3110 1767 3128 1801 ο
3154 1761 3274 1819 quae
3296 1744 3546 1800 nosratio

265 1842 441 1897 αὓτοῦ
466 1840 865 1912 διεσκέμμεθα,
893 1843 1005 1905 τοῖς
1035 1842 1133 1914 τῆς
1161 1842 1447 1907 κενώσεως
1480 1843 1699 1917 μέτροις
1745 1847 1866 1898 ὲπι-
1898 1842 1944 1899 B
1972 1852 2153 1920 adiget
2186 1849 2386 1921 quibus
2417 1856 2561 1902 recta
2596 1844 2843 1899 doctrina
2868 1855 3014 1897 cttrae
3043 1846 3127 1895 est
3148 1876 3165 1905 ,
3210 1831 3546 1889 tttinanitio-

266 1934 435 2004 τιμᾷν
475 1932 574 1985 καὶ
626 1932 1094 2003 κατασμικρύνειν
1134 1932 1454 2002 ἐπείγεσθαι
1494 1934 1586 1988 τὸν
1618 1933 1685 1989 δι’
1715 1935 1863 2007 ἡμᾶς

269 2024 365 2077 καὶ
387 2021 531 2094 ὑπὲρ
554 2023 587 2091 ἡ
597 2022 714 2092 μῶν
739 2021 976 2076 καθέντα
1001 2022 1136 2094 πρὸς
1160 2023 1388 2078 κένωσιν
1412 2024 1511 2096 τὴν
1536 2024 1673 2079 ῑδίαν
1697 2024 1864 2095 ὑπερ-

267 2115 438 2185 οχὴνς
468 2112 606 2167 Τότε
631 2113 734 2186 γὰρ
759 2113 823 2186 δὴ
851 2115 944 2167 καὶ
979 2115 1322 2185 πρωτότοκος
1348 2118 1378 2169 ὁ
1404 2117 1738 2190 Μονογενὴς,
1773 2118 1883 2171 λε-.

269 2203 525 2270 λόγισται
554 2200 612 2255 δὲ
635 2201 730 2254 καῖΙ
759 2203 817 2254 ὲν
848 2201 1060 2264 πολλοῖς
1101 2201 1349 2271 ἀδελφοῖς
1377 2204 1406 2255 ό
1430 2196 1512 2261 εἷς
1549 2219 1612 2256 τε
1639 2201 1735 2256 καὶ
1765 2202 1864 2274 μό·

277 2310 390 2358 νος,
424 2293 499 2358 ὡς
527 2291 654 2357 Υἱὸς
676 2293 741 2346 ἐκ
768 2293 999 2364 Πατρός.
1049 2292 1325 2347 Καθίκετο
1351 2294 1462 2364 γὰρ
1488 2295 1568 2359 εἰς
1595 2294 1864 2349 ταπείνω·

286 2402 398 2449 σιν,
445 2385 539 2439 καὶ
567 2385 771 2458 πέφηνε
821 2385 945 2440 καθ’·
997 2386 1165 2456 ἡμᾶς,
1214 2386 1312 2456 οὐχ
1349 2385 1435 2439 ἶνα
1465 2404 1518 2439 τι
1557 2386 1717 2440 πάθοι
1757 2386 1864 2439 τῶν

281 2477 488 2531 ἀδικεῖν
508 2477 795 2541 εἰωθότων,
817 2477 878 2530 τὸ
920 2473 1058 2530 εἶναι
1100 2476 1233 2542 Θεὸς
1258 2476 1568 2544 ἁποὸαλὼν,
1618 2469 1862 2545 καὶ“Υίδς

276 2566 513 2639 ἀληθῶς,
542 2568 657 2621 ἀλλ’
684 2569 771 2623 ἵνα
797 2569 857 2622 τὸ
883 2569 1042 2639 φύσει
1070 2569 1255 2623 δοῦλον
1282 2571 1375 2623 καὶ
1404 2570 1651 2640 γενητὸν,
1676 2571 1863 2624 τουτέ-

273 2676 394 2713 στιν
417 2659 585 2730 ἡμᾶς,
620 2661 702 2723 είς
727 2659 826 2731 τὴν
851 2660 1003 2731 αὐτῷ
1030 2678 1089 2714 τε
1112 2662 1207 2713 καὶ
1237 2658 1387 2731 μόνῳ
1416 2660 1606 2733 Κυρίῳ
1631 2660 1861 2717 ἐνοῦσαν

269 2750 618 2821 ἀνακομίσειε
642 2749 821 2815 δόξαν,
854 2751 1001 2815 υἱοὺς
1030 2752 1313 2821 ἀποφήνας
1356 2749 1513 2804 Θεοῦ.
1559 2753 1727 2805 Ὅταν
1767 2748 1861 2808 οῦν

269 2842 406 2912 ἡμῖν
438 2841 802 2911 συντάττηται
826 2841 911 2894 διὰ
941 2841 1033 2895 τοῦ
1063 2841 1346 2895 καλεῖσθαι
1376 2844 1738 2915 πρωτότοκος,
1762 2846 1885 2918 οὐχ·

268 2933 432 3003 ἡμεῖς
459 2932 624 2986 αὐτὸν
664 2934 744 2996 είς
785 2932 846 2984 τὸ
881 2932 1032 3003 παρὰ
1057 2933 1218 3002 φύσιν
1246 2932 1635 3005 ὲκόιασόμεθα,
1658 2935 1858 2990 πολλοῦ

268 3040 332 3092 γε
364 3024 465 3078 καὶ
493 3024 574 3076 δεῖ
601 3038 613 3051 ·
656 3023 943 3093 ἀνακομιεῖ
978 3023 1036 3077 δὲ
1068 3024 1264 3095 μᾶλλον
1301 3026 1462 3091 αὐτὸς
1495 3029 1663 3100 ἡμᾶς,
1695 3030 1774 3095 είς
1801 3029 1862 3083 τὸ

262 3117 419 3185 ὑπὲρ
453 3113 614 3182 φύσιν
661 3113 1013 3168 ὲκόεὸιάσθαι
1044 3115 1116 3187 (ἱ)
1147 3115 1348 3184 λέγειν,
1393 3118 1559 3188 ἧγουν
1592 3121 1859 3193 ἡττῆσθαι

266 3207 336 3278 τῇ
367 3204 569 3268 κτίσει,
619 3203 735 3267 πῶς
776 3205 876 3257 οὐκ
920 3204 1271 3274 ἀπόπληκτον
1312 3206 1628 3274 παντελῶςς
1657 3211 1864 3267 Οὐκοῦν

274 3294 573 3365 γενόμενος
600 3294 722 3347 καθ’
749 3294 917 3364 ἡμᾶς,
950 3294 1011 3346 οὐ
1040 3291 1164 3346 καθ’
1193 3294 1339 3365 ἡμᾶς
1384 3293 1539 3351 ἔσται
1581 3296 1766 3367 ποθὲν,
1796 3301 1859 3356 τὸ

274 3385 406 3439 ίδιον
426 3384 838 3458 ἀποδεδληκὼς,
859 3385 975 3440 ἀλλ’
993 3386 1153 3460 ἡμεῖς
1172 3385 1242 3442 δι’
1260 3386 1425 3442 αὐτὸν
1446 3386 1589 3461 ὑπὲρ
1609 3390 1857 3458 ἑαυτοὺς,

272 3478 344 3549 τῇ
373 3474 468 3532 τοῦ
512 3476 785 3549 τιμῶντος
810 3476 995 3549 χάριτι
1032 3474 1093 3530 τδ
1122 3476 1223 3549 τῆς
1266 3476 1403 3542 ίδίας
1432 3477 1646 3546 φύσεως
1687 3481 1857 3555 ὑπερ-

274 3565 614 3638 θρώσκοντες
642 3567 860 3639 μέτρον,
901 3567 998 3622 καὶ
1041 3565 1175 3639 πρὸς
1219 3566 1281 3620 τὸ
1313 3568 1427 3622 ἄνω
1466 3570 1559 3622 καίΙ
1594 3571 1858 3645 ὑπερκεί-

279 3674 445 3728 μενον
474 3658 729 3712 ἀναθέοντ
736 3675 800 3722 ε.ς

1971 1945 2056 1999 nis
2100 1941 2471 1999 conditionem
2508 1950 2758 2008 arguere,
2802 1948 2867 1989 ac
2903 1929 3066 2003 517
3098 1926 3402 1997 deprimere
3432 1932 3545 1978 sta-

1973 2045 2187 2090 tuamus
2219 2048 2344 2089 eum
2380 2031 2469 2101 qni
2494 2037 2717 2101 propter
2750 2040 2851 2083 nos
2880 2032 2935 2080 et
2965 2037 3063 2094 pro
3095 2019 3252 2076 nobis
3283 2016 3541 2088 majesta-

1973 2135 2083 2182 tem
2115 2138 2268 2181 suam
2302 2121 2368 2177 ad
2403 2120 2755 2179 inanitionem
2802 2112 3055 2172 demisit?
3103 2111 3255 2167 Tunc
3310 2107 3452 2165 enim
3488 2113 3545 2160 et

1968 2217 2370 2290 primogenitus
2397 2229 2518 2270 esse
2545 2212 2712 2283 coepit
2750 2209 2839 2266 ille
2898 2205 3217 2277 unigenitus
3238 2243 3255 2271 ,
3305 2202 3545 2270 adeoque

1971 2317 2255 2381 reputatus
2279 2318 2364 2362 est
2398 2306 2450 2361 in
2482 2303 2667 2359 muitis
2700 2299 2961 2356 fratribus
2986 2297 3077 2353 iile
3104 2310 3244 2351 unus
3272 2307 3337 2349 ac
3372 2290 3546 2356 sotus,

1972 2412 2225 2472 tanquam
2264 2398 2434 2455 Filius
2454 2414 2522 2453 ex
2562 2395 2743 2450 Patre.
2789 2389 3015 2448 Demisit
3062 2388 3210 2445 enim
3240 2398 3300 2441 se
3330 2384 3396 2446 ad
3420 2383 3542 2439 ina-

1970 2491 2256 2555 nitionem,
2302 2498 2357 2544 et
2386 2487 2579 2544 similis
2614 2485 2769 2542 nobis
2798 2481 3068 2553 apparuit,
3098 2494 3204 2534 non
3232 2488 3290 2531 ut
3316 2477 3370 2531 in
3404 2475 3540 2531 divi·

1970 2584 2139 2638 nitate
2203 2583 2456 2636 damnum
2499 2577 2718 2649 aliquod
2783 2573 3050 2640 senserit,
3108 2569 3367 2625 desinens
3416 2580 3540 2623 esse

1969 2673 2115 2729 Deus
2146 2686 2210 2727 ac
2237 2669 2409 2725 Filius
2444 2682 2653 2735 revera,
2689 2666 2784 2723 sed
2833 2673 2894 2720 ut
2944 2662 2997 2719 id
3024 2659 3167 2733 quod
3199 2671 3390 2714 natura
3419 2669 3539 2712 ser·

1965 2779 2089 2819 vum
2120 2772 2203 2819 est
2245 2771 2298 2816 et
2337 2770 2613 2828 creatum,
2663 2772 2763 2814 nos
2809 2754 3062 2811 videlicet
3126 2750 3267 2806 iiiios
3298 2748 3391 2805 Dei
3421 2747 3545 2803 red-

1965 2857 2098 2913 dens
2143 2854 2206 2911 ad
2237 2868 2356 2910 eam
2391 2853 2616 2925 gloriam
2673 2848 2995 2906 transferret
3030 2858 3149 2916 quae
3183 2841 3289 2897 sibi
3339 2855 3402 2895 ac
3436 2837 3541 2895 soli

1967 2946 2197 3003 Domino
2247 2945 2411 3001 inest.
2461 2942 2595 2999 Cum
2648 2941 2814 3013 igitur
2841 2940 2986 2994 inter
3020 2947 3120 2991 nos
3155 2941 3443 2990 censeatur
3472 2944 3537 2984 ex

1964 3054 2034 3096 eo
2065 3037 2211 3113 quod
2250 3034 2644 3109 primogenitus
2694 3033 2910 3101 dicitur,
2959 3044 3065 3088 non
3118 3040 3221 3082 nos
3271 3025 3444 3094 ipsum
3472 3019 3538 3075 ad

1966 3131 2171 3203 aliquid
2205 3129 2349 3201 qnod
2396 3129 2465 3184 sit
2492 3137 2689 3198 praeter
2713 3136 2964 3182 naturam
2985 3121 3286 3190 adigemus,
3310 3113 3539 3171 muitum

1970 3220 2148 3285 abest,
2211 3219 2304 3275 sed
2336 3218 2450 3290 ipse
2474 3233 2571 3274 nos
2595 3216 2774 3288 potius
2802 3214 2869 3270 ad
2900 3211 3219 3283 dignitatem
3276 3217 3539 3275 superna·

1967 3310 2194 3367 turaiem
2224 3311 2433 3366 evettet.
2481 3308 2695 3365 Etenim
2723 3304 2964 3362 divinam
2992 3308 3048 3358 et
3075 3295 3409 3354 ineffabilem
3444 3306 3556 3347 ηπ·-

1964 3414 2139 3459 turam
2185 3403 2365 3458 dicere
2412 3402 2464 3457 vi
2512 3402 2759 3457 adactam
2793 3410 2935 3462 esse,
2968 3401 3062 3449 aut
3103 3397 3369 3446 creaturae
3403 3382 3534 3439 sub-

1964 3494 2151 3560 ditam,
2174 3508 2244 3547 an
2270 3507 2377 3548 non
2400 3491 2600 3562 stupidi
2622 3503 2847 3562 prorsus
2874 3492 3037 3542 estac
3058 3474 3556 3544 vecordisiltaque·

1967 3581 2145 3641 iaetus
2173 3582 2333 3641 nobis
2357 3582 2574 3648 similia,
2617 3580 2773 3637 nobis
2813 3574 3011 3634 similis
3036 3586 3144 3628 non
3195 3566 3302 3624 erit
3329 3565 3540 3635 utique,

1969 3671 2173 3730 amisso
2225 3672 2369 3743 quod
2411 3686 2568 3729 suum
2622 3681 2726 3735 est,
2782 3669 2876 3726 sed
2940 3678 3039 3721 nos
3094 3669 3315 3734 propter
3364 3656 3540 3726 ipsum

274 3767 441 3821 snpra
476 3751 768 3821 nosipsos,
803 3750 975 3822 gratia
1012 3749 1132 3820 ejus
1158 3748 1248 3818 qui
1274 3763 1373 3805 nos
1421 3750 1670 3821 honorat,
1720 3755 1856 3813 ultra
1899 3764 2131 3836 propr-im
2156 3777 2363 3824 naturae
2420 3764 2787 3823 condidunem
2853 3758 3050 3825 evecti,
3089 3764 3145 3811 et
3182 3754 3247 3808 ad
3289 3747 3548 3820 superio·

283 3863 396 3905 rem
422 3859 473 3904 et
502 3847 775 3902 excelsum
812 3856 1013 3902 statum
1048 3845 1320 3902 translati.

349 3940 411 3994 Β.
444 3939 568 4003 Πῶς
591 3938 763 4010 ἔφης;

350 4030 416 4084 Α.
445 4030 516 4083 Ἢ
561 4028 669 4101 γὰρ
704 4026 824 4097 οὐχὶ
866 4024 1182 4097 Πνεύματος
1221 4027 1496 4100 γεννητοὶ,
1551 4028 1646 4083 καὶ
1692 4031 1858 4088 τέκνα

274 4120 414 4177 Θεοῦ
442 4119 844 4191 διακεκλὴμεθα
866 4136 880 4183 ;

352 4213 411 4268 Β.
448 4212 577 4267 Ναί.

348 4305 414 4359 Α.
443 4304 730 4375 Τοιγάρτοι
755 4306 849 4358 καὶ
888 4303 1358 4376 προστετάγμεθα,
1392 4303 1604 4375 πατέρα
1639 4304 1737 4375 μὲν
1763 4303 1857 4360 ἐπὶ

2039 3945 2098 4002 Β.
2139 3943 2416 4014 Quomodo
2446 3940 2662 3999 dixisti?

2028 4039 2095 4093 Α.
2133 4036 2325 4093 Annon
2352 4034 2463 4090 nati
2492 4031 2729 4104 Spiritus
2765 4037 2821 4085 et
2866 4026 2958 4083 sslii
2997 4025 3093 4081 Dei
3117 4031 3290 4080 vocati
3317 4022 3556 4082 sumus?

2031 4127 2094 4182 B.
2136 4126 2333 4182 Etiam.

2032 4220 2099 4274 A.
2141 4219 2349 4275 idcirco
2382 4214 2522 4287 iussi
2560 4227 2746 4273 sumus
2784 4211 2948 4268 etiam
2983 4218 3193 4280 patrem
3230 4209 3443 4279 quidem
3484 4210 3538 4266 in

1969 4319 2109 4366 terra
2157 4310 2409 4364 invocare
2453 4305 2764 4370 neminem,
2811 4301 2904 4356 sed
2944 4297 3056 4355 Deo
3101 4307 3351 4368 tanquam
3393 4295 3552 4352 Patri·

276 4397 383 4465 γῆς
427 4395 722 4449 ἀποκαλεῖν
767 4395 987 4467 μηδένα.
1034 4393 1152 4464 Θεῷ
1191 4411 1255 4463 γε
1304 4395 1412 4467 μὴν
1460 4394 1535 4459 ὡς
1570 4395 1747 4469 Πατρὶ
1794 4396 1863 4451 τὰ
1895 4407 1940 4462 1)
1965 4415 2065 4457 nos
2104 4402 2336 4467 tradere,
2372 4406 2594 4468 propter
2641 4411 2762 4452 eum
2801 4392 2891 4465 qui
2934 4391 3077 4447 inter
3112 4404 3212 4445 nos
3250 4397 3407 4444 natus
3456 4397 3542 4444 est

277 4486 402 4540 καθ’
437 4487 664 4550 ἑαυτοὺς
713 4486 1062 4558 προσνέμειν,
1107 4483 1196 4539 διὰ
1217 4485 1309 4540 τὸν
1338 4486 1396 4538 ὲν
1424 4486 1556 4557 ἡμῖν
1601 4487 1864 4556 γεγονότα

278 4577 647 4648 πρωτότοκον,
704 4577 798 4630 καὶ
844 4577 943 4649 οὐχ
989 4576 1177 4648 ἐτέρου
1214 4594 1309 4631 του
1352 4576 1534 4648 χάριν,
1580 4577 1730 4649 ἢῖνα
1769 4580 1865 4633 καὶ

275 4670 441 4739 ἡμεῖς
466 4667 534 4721 δι’
563 4668 744 4735 αὑτὸν,
769 4667 875 4722 υἱοί
896 4672 932 4723 ·.
953 4667 1160 4739 Πρέποι
1185 4667 1296 4740 γὰρ
1323 4668 1389 4722 ἂν
1411 4669 1611 4724 οὑτωσῖΙ
1631 4673 1697 4742 τῇ
1725 4669 1864 4740 μετὰ

281 4758 485 4831 σαρκὸς
520 4760 805 4832 οἰκονομίᾳ
853 4760 882 4812 δ
917 4761 1137 4823 σκοπός.
1183 4759 1292 4814 Ποῦ
1321 4759 1431 4832 γὰρ
1468 4759 1546 4814 ἔτι
1596 4761 1754 4831 σοφὸν
1798 4761 1861 4816 τὸ

279 4850 521 4924 Χριστοῦ
555 4854 871 4924 μυστήριον,
909 4853 958 4905 εί
1003 4852 1109 4924 πρό
1155 4867 1218 4921 γε
1251 4851 1358 4905 τῶν
1400 4851 1574 4906 ἄλλων
1598 4852 1694 4924 τὴν
1726 4854 1860 4908 ἰδίαν

275 4943 445 5008 αὐτὸς
478 4944 704 5014 ἡδίκησε
753 4944 935 5014 φύσιν,
968 4944 1120 4997 οὐδὲν
1166 4943 1368 5016 ὀνήσας
1405 4943 1475 4998 τὰ
1524 4945 1645 4999 καθ’
1673 4947 1857 5018 ἡμᾶς;

278 5033 557 5107 Κατέθορε
592 5036 702 5108 γὰρ
748 5037 826 5101 είς
853 5036 914 5089 τὸ
943 5031 1082 5091 εῖναι
1123 5034 1489 5109 πρωτότοκος,
1531 5035 1618 5090 ἵνα
1644 5036 1859 5104 πολλοῖς

281 5128 665 5198 συντάττηται,
692 5129 867 5182 καίτοι
887 5129 946 5182 τὸ
969 5128 1155 5200 ἕτερος
1179 5122 1435 5183 εἶναικαὶ
1458 5127 1698 5200 ἀμείνων
1719 5129 1861 5184 κατὰ

281 5219 468 5288 φύσιν,
532 5219 683 5289 παρὰ
727 5220 815 5286 τὰ,
869 5214 950 5284 οἷς
995 5220 1061 5275 ἂν
1118 5222 1465 5277 συντάττοιτο
1517 5221 1658 5277 κατά
1688 5238 1753 5291 γε
1802 5221 1865 5276 τὸ

280 5310 514 5376 ἐκείνοις
541 5311 751 5376 δοκοῦν,
780 5310 1077 5382 οὐδαμόθεν
1107 5310 1266 5382 ἔχων.

352 5402 414 5459 Β.
464 5403 604 5459 Ἀλλ’
633 5404 707 5468 ὡς
737 5406 793 5458 ὲν
820 5403 945 5476 δόξῃ
974 5404 1137 5476 φησὶν
1169 5404 1229 5458 οὐ
1266 5403 1501 5476 μετρίως
1538 5401 1852 5476 διενεγκὼν,

358 5580 408 5617 ⁸⁸
443 5582 577 5639 Gen.
610 5598 645 5646 t,
673 5581 762 5637 26.
838 5582 882 5617 ⁸⁹
916 5580 1148 5655 Philipp.
1179 5597 1238 5652 tt,
1266 5580 1382 5638 6-8.

364 5744 445 5808 (t)
482 5744 683 5800 Desunt
723 5744 806 5799 hic
836 5743 1106 5799 nonnulla.

1964 4491 2405 4561 primogenitum,
2430 4502 2530 4542 nec
2573 4485 2730 4540 aliam
2758 4484 2828 4539 ob
2854 4497 3074 4539 causam
3110 4494 3268 4550 qnam
3292 4487 3354 4533 ut
3376 4478 3547 4533 ctiam

1967 4597 2066 4638 nos
2099 4595 2196 4650 per
2227 4579 2400 4648 ipsum
2435 4575 2529 4632 tilii
2563 4578 2752 4632 simus.
2783 4575 2895 4629 lloc
2926 4573 3069 4629 enim
3100 4580 3257 4640 pacto
3290 4584 3418 4625 suus
3455 4568 3540 4622 in-

1967 4670 2270 4729 carnationi
2308 4668 2594 4741 quadrabit
2628 4681 2842 4736 scopus.
2873 4664 2979 4721 Ubi
3011 4663 3155 4720 enim
3187 4662 3400 4717 demum
3434 4659 3539 4716 erit

1968 4765 2187 4836 sapiens
2214 4763 2344 4819 iliud
2370 4759 2572 4818 Christi
2604 4757 2941 4832 mysterium,
2970 4754 3015 4812 si
3045 4767 3157 4826 prae
3185 4751 3395 4809 caeteris
3424 4751 3539 4820 ipse

1968 4864 2177 4911 naturoe
2209 4869 2321 4911 suat
2357 4854 2610 4910 damnum
2647 4849 2820 4906 attulit
2856 4847 3011 4903 nobis
3044 4844 3176 4902 nihii
3212 4840 3450 4913 adjutis?
3479 4841 3537 4896 tn

1969 4945 2455 5018 primogenituram
2494 4943 2691 5001 etenim
2730 4939 2939 5010 irrupit,
2981 4946 3041 4993 ut
3076 4950 3214 4992 unus
3249 4934 3315 4990 de
3354 4932 3538 4988 multis

1970 5046 2310 5105 censeretur,
2324 5035 2592 5108 quamvis,
2614 5042 2671 5088 ut
2694 5031 2767 5087 illi
2789 5022 3119 5092 cristimant‚
3138 5023 3281 5081 nnita
3298 5037 3363 5080 ex
3382 5032 3540 5102 parte

1971 5131 2216 5187 diversus
2251 5138 2343 5183 aut
2377 5125 2718 5201 praestantior
2747 5135 2869 5179 esse
2902 5129 3083 5192 posset
3117 5118 3185 5173 iis
3217 5116 3270 5172 in
3307 5128 3535 5185 quorum

1968 5221 2160 5278 ordine
2188 5228 2463 5278 censetur.

2041 5395 2103 5454 Β.
2142 5398 2213 5453 At
2255 5396 2521 5454 universae
2562 5401 2824 5454 creatnrae
2862 5397 3085 5446 vocatur
3121 5378 3538 5458 primogenitus,
