3809 6125
307 349 444 406 ¹567
1273 350 1352 408 ⁴s.
1385 315 1666 409 ὀιιιιιιι
1684 346 2174 426 νΛιιιιιιιιιιιιιιιιιι
2208 346 2526 406 secutur.
2692 421 2699 427 ,
3419 322 3551 391 ⁴3⁶!

373 463 506 520 Car.
547 465 612 521 V.
647 467 818 535 Quam
849 468 920 523 ob
939 482 1158 523 causam
1182 469 1520 545 exinanitum
1547 468 1765 527 dicatur
1791 466 1886 526 Dei
1922 469 2179 526 Verbum.

370 555 504 613 Cn.
549 556 634 612 Vl.
675 559 956 638 Quomodo
990 575 1129 617 unus
1172 559 1448 616 Christus.

372 648 504 704 Car.
545 649 650 708 vtt.
683 651 963 719 Quomodo
983 668 1124 709 unus
1159 651 1496 709 Emmanuel.

376 738 506 795 Car.
542 739 678 797 Vm.
707 748 878 811 Quam
910 760 1033 801 esse
1055 746 1286 802 dicimus
1314 743 1718 801 adunationem.

375 828 506 887 Car.
548 830 638 887 lx.
673 833 825 901 Quod
872 837 1231 907 incorporalis
1261 834 1567 891 divinitatis
1606 843 1806 902 corpus
1838 826 1980 882 sacta
2005 822 2169 881 suerit
2197 822 2315 892 ipsa
2353 830 2496 880 caro
2524 815 2732 873 babens
2776 810 3012 867 animam
3048 809 3473 881 rationabilem
3502 828 3551 873 et

304 924 449 992 quod
499 923 546 977 si
580 938 641 978 ea
691 942 720 978 a
771 944 832 983 se
882 930 1121 985 dividere
1173 926 1521 990 tolucrimus,
1577 921 1760 992 procul
1804 918 1974 976 dubio
2020 913 2467 972 labefactabimus
2509 905 3006 983 dispensationem,
3059 917 3187 974 quae
3231 906 3290 961 ιιι
3341 909 3551 970 Christo

305 1013 477 1068 intelli
518 1015 644 1070 itur.
2397 1043 2402 1048 -

373 1030 513 1160 cns
544 1106 613 1162 X.
654 1107 805 1175 Quod
833 1108 1071 1163 adunato
1103 1108 1212 1165 Deo
1238 1107 1417 1166 Verbo
1448 1121 1576 1163 vere
1605 1078 1954 1167 humanitati,
1983 1098 2283 1157 inconfusae
2323 1059 2502 1154 tamen
2532 1093 2850 1153 substantiae
2876 1098 3304 1164 permanserint.

374 1199 505 1254 Cn».
545 1198 640 1257 Xl.
677 1201 851 1269 Quod,
883 1217 1006 1257 cum
1034 1211 1182 1259 esset
1223 1201 1365 1258 Deus
1417 1199 1674 1264 Verbum,
1711 1196 1884 1252 sactus
1926 1195 1998 1252 sit
2030 1194 2213 1258 bomo,
2261 1206 2364 1250 nec
2409 1191 2573 1247 homo
2613 1186 2955 1258 simpliciter,
2995 1188 3140 1243 nuda
3172 1189 3550 1260 conjunctione

307 1292 623 1359 honoratus,
654 1304 879 1351 vocatus
905 1297 1070 1352 sit-ad
1100 1311 1281 1366 parem
1308 1294 1624 1367 dignitatem
1651 1291 1742 1347 Dei
1773 1288 1961 1353 Verbi,
1992 1288 2107 1344 sive
2138 1285 2541 1349 auctoritatem,
2577 1282 2721 1341 sicut
2750 1279 3072 1351 quibusdam
3105 1280 3350 1336 videtur.

375 1387 505 1441 Car.
547 1387 664 1443 Xll.
695 1389 849 1457 Quod
872 1390 1122 1446 Christus
1154 1389 1312 1447 Jesus
1334 1397 1553 1445 vocetur
1575 1388 1738 1443 homo
1766 1384 1945 1441 iactus
1971 1382 2116 1440 Deus
2150 1381 2411 1452 Verbum.

263 1476 283 1488 ’
371 1476 501 1534 Cae.
543 1478 682 1536 Xlll.
718 1480 869 1548 Quod
895 1480 1145 1537 Christus
1166 1496 1271 1536 nou
1310 1481 1383 1536 sit
1405 1480 1567 1536 homo
1590 1477 1895 1548 Θεοφόρος,
1928 1491 2031 1532 nec
2060 1472 2379 1543 simpliciter
2415 1473 2471 1527 in
2517 1470 2737 1528 bomine
2782 1468 3107 1526 inhabitarit
3141 1468 3242 1524 Dei
3293 1467 3546 1534 Verbum

253 1619 260 1626 .
306 1569 402 1622 sed
423 1570 592 1639 magis
620 1585 749 1627 caro
777 1572 848 1627 sit
871 1573 1101 1639 tactum,
1126 1572 1243 1627 sive
1266 1572 1432 1628 homo
1459 1570 1752 1641 perfectus,
1776 1566 2075 1624 secundum
2109 1565 2447 1635 Scripturas.

372 1660 503 1716 Cn.
545 1658 681 1716 XlV.
720 1660 869 1716 Dicta
903 1661 1218 1732 apostolica,
1244 1661 1298 1717 in
1332 1660 1534 1732 quibus
1564 1659 1706 1714 Deus
1738 1657 2047 1713 nominatus
2076 1654 2149 1710 sit
2179 1651 2453 1711 Christus.
3457 1736 3463 1742 Ὗ

371 1752 503 1807 Cae.
544 1750 661 1807 XV.
694 1752 975 1819 Quomodo
1003 1762 1255 1825 oporteat
1282 1753 1620 1825 intelligere:
1657 1748 1878 1805 Verbum
1916 1763 2042 1803 caro
2090 1739 2292 1817 sactum
2335 1756 2432 1811 est,
2470 1746 2800 1802 ethabuerit
2841 1747 2897 1802 iu
2942 1746 3099 1801 nobis
3129 1761 3151 1800 .·
3196 1754 3259 1801 ct
3300 1742 3551 1815 quomoda

304 1843 538 1899 mittitur
566 1842 803 1899 Verbum
831 1847 977 1915 quod
1004 1846 1148 1902 Deus
1180 1853 1302 1913 est;
1330 1842 1598 1916 quomodo
1631 1842 1908 1912 proprium
1942 1839 2110 1910 ipsius
2147 1831 2347 1923 dit'titur
2376 1852 2598 1908 corpus.

370 1935 502 1990 Car.
544 1935 687 1991 xvt.
721 1937 1006 2003 Quomodo
1041 1936 1375 2007 intelligatur
1404 1936 1666 2001 Θεοτόκος
1700 1934 1860 2005 Virgo
1890 1941 2100 1989 sancta.
2217 1963 2236 2001 ι

369 2028 499 2082 Car.
541 2026 706 2084 XVll.
743 2029 897 2095 Quod
924 2030 1065 2085 Deus
1092 2029 1405 2084 nominetur
1425 2036 1481 2085 et
1514 2030 1695 2091 bomo,
1733 2039 2007 2095 apparens
2036 2021 2380 2096 unigenitus.

369 2120 500 2176 Cu».
543 2121 730 2177 xvm.
768 2122 844 2177 De
877 2122 1078 2179 Christi
1106 2121 1380 2191 passione,
1411 2119 1554 2193 quod
1583 2118 1712 2175 utile
1745 2119 1834 2174 sit.
1873 2118 2026 2186 Quod
2066 2114 2542 2250 εθοιιβιιιιινιιιίοά
2578 2123 2636 2169 et
2666 2112 2813 2169 aliud
2861 2113 2931 2170 de
2972 2127 3090 2169 uno
3123 2114 3332 2171 eodem
3355 2114 3550 2185 dicitur,

301 2227 402 2269 nec
429 2214 767 2271 dividimus
753 2232 805 2271 tn
835 2214 962 2274 duo.
2193 2249 2210 2270 «-

370 2306 500 2361 Ου’.
540 2305 685 2364 ΧΙΧ.
727 2307 1000 2365 Adversus
1033 2305 1156 2364 illos
1184 2308 1282 2379 qui
1317 2306 1492 2371 aiunt,
1520 2304 1662 2376 quod
1690 2303 1812 2359 sola
1846 2300 2107 2358 relatione
2138 2273 2307 2355 Deum
2332 2299 2568 2356 Verbum
2591 2299 2820 2356 deceant
2851 2297 3123 2356 bumana.

261 2448 272 2461 .
368 2400 483 2455 Etsi
515 2414 677 2470 porro
703 2398 947 2469 quinque
979 2401 1183 2470 capita,
1218 2411 1390 2469 eaque
1429 2396 1661 2468 prolixa,
1687 2409 1807 2467 quae
1831 2392 1999 2465 vulgo
2039 2393 2317 2460 deliciunt,
2353 2390 2629 2448 Marianus
2671 2390 2842 2447 codex
2883 2392 3235 2463 suppeditet,
3268 2395 3353 2448 vix
3398 2398 3542 2452 assim

261 2541 274 2553 ,
302 2500 480 2548 tamen
501 2492 787 2563 spondere,
810 2493 1109 2548 etiamnum
1133 2493 1404 2563 integrum
1426 2506 1563 2563 opus
1588 2490 1699 2559 edi,
1724 2490 1770 2546 si
1799 2506 1902 2561 qua
1928 2490 2064 2548 fides
2091 2488 2378 2560 Anastasio
2412 2486 2640 2544 Sinaitae
2670 2504 2685 2541 z
2716 2486 2850 2543 citat
2871 2485 3023 2541 enim
3057 2484 3260 2543 locum
3282 2490 3352 2545 de
3374 2499 3539 2545 statua

299 2600 514 2659 reperto
565 2589 620 2644 in
668 2603 767 2646 ore
809 2590 996 2660 piscis,
1023 2590 1115 2662 qui
1156 2605 1265 2647 non
1309 2589 1581 2661 reperitur
1625 2590 1680 2646 in
1739 2587 2000 2655 Scholiis,
2042 2581 2343 2655 cujusmodi
2389 2600 2534 2641 nunc
2583 2584 2871 2641 habentur:
2938 2582 3057 2640 Sed
3092 2584 3271 2643 valde
3306 2587 3524 2657 suspicor,

264 2730 278 2739 ,
298 2682 644 2739 Anastasium
672 2684 934 2740 memoria
958 2682 1169 2754 lapsum
1201 2698 1301 2754 pro
1324 2684 1431 2739 alio
1457 2697 1622 2755 opere
1668 2681 1885 2739 Scholia
1932 2681 2180 2751 posuisse
2199 2695 2238 2738 e·
2247 2691 2439 2762 eoque
2486 2677 2821 2749 probabilior
2866 2677 3120 2747 suspicio
3151 2680 3378 2744 videt-r,
3401 2677 3515 2749 qaod

299 2769 495 2827 librum
518 2772 716 2844 ὁδηγοῦ
746 2775 1125 2831 recordatione
1149 2774 1330 2844 potius
1357 2789 1520 2845 quam
1546 2774 1776 2831 lectione
1802 2781 2085 2830 auctorum
2121 2786 2182 2829 se
2205 2769 2579 2846 composuisse
2608 2777 2838 2826 testatus
2862 2769 2958 2834 sit,
2989 2770 3519 2844 moneatqaeideirca

298 2862 557 2923 lectorem
581 2870 650 2923 de
672 2869 1126 2941 recognoscendis
1151 2868 1240 2924 vel
1271 2869 1435 2925 etiam
1467 2866 1821 2924 restituendis
1853 2866 2200 2925 testimoniis.

368 2954 666 3016 Occasione
714 2975 875 3031 porro
907 2959 1272 3029 scholiorum,
1305 2976 1375 3017 ex
1427 2959 1622 3029 quibus
1672 2959 1771 3014 tria
1831 2959 2141 3015 testimonia
2181 2955 2561 3028 'theodoretus
2604 2956 2827 3014 adduxit
2878 2972 2934 3013 ιιι
2983 2958 3252 3015 secundo
3311 2958 3529 3014 Era-ista

297 3044 530 3117 dialogo,
557 3048 968 3118 praetermittere
997 3064 1102 3104 non
1130 3061 1378 3119 possum,
1413 3047 1541 3118 quid
1582 3046 1907 3117 conjecerim
1940 3045 2011 3103 de
2055 3046 2382 3105 testimoniis
2413 3047 2549 3117 illis,
2576 3063 2697 3119 quae
2737 3046 2792 3103 in
2831 3047 3072 3105 concilio
3123 3047 3532 3108 chalcedo-ud

295 3138 469 3191 sancti
504 3137 700 3194 Leonis
723 3138 964 3209 epistola
985 3140 1271 3210 subiuncta
1305 3145 1434 3195 sunt
1460 3155 1477 3194 ε
1508 3153 1574 3195 ea
1599 3153 1795 3210 nempe
1814 3154 1844 3195 a
1879 3137 2226 3197 ‘theodoreto
2261 3137 2520 3213 a'djuncta
2552 3154 2712 3207 esse3
2748 3153 2873 3196 nam
2900 3141 3095 3197 omnia
3126 3143 3360 3199 totidem
3382 3140 3540 3198 verbis

296 3224 352 3280 in
373 3225 586 3295 dialogo
607 3242 765 3296 quem
789 3227 926 3294 dixi,
958 3227 1230 3298 leguntur,
1262 3227 1514 3298 nullaque
1535 3229 1595 3282 tu
1623 3228 1676 3282 in
1704 3236 1812 3283 tota
1839 3228 2069 3298 epistola
2093 3227 2210 3284 sive
2233 3231 2460 3299 utentia,
2486 3228 2605 3286 sive
2628 3229 2917 3304 promissio
2946 3228 3386 3288 afferendorum.
3407 3230 3543 3288 Adde

294 3317 439 3385 quod
470 3316 843 3374 ‘theodoretus
870 3335 900 3374 a
927 3320 1184 3375 Facundo
1216 3319 1419 3375 dicitur
1448 3319 1749 3375 asseruisse
1772 3321 2034 3375 adversus
2066 3318 2387 3396 Palaestinos
2417 3320 2845 3394 etlllyricianos
2870 3320 3250 3379 reclamantes
3277 3322 3543 3393 epistolam

293 3410 513 3477 Leonis,
539 3413 773 3470 adducto
800 3414 1029 3480 scilicet,
1070 3399 1130 3468 ut
1148 3414 1350 3469 babent
1373 3424 1493 3489 aqta
1519 3412 1737 3470 concilii
1763 3413 2228 3470 Chalcedonensis
2248 3452 2266 3480 ,
2291 3414 2636 3480 testimonio,
2670 3414 2812 3485 quod
2843 3416 2987 3471 inter
3012 3415 3315 3487 subjuncta
3341 3417 3541 3490 legitur.

293 3501 412 3560 Non
443 3503 634 3559 suisset
655 3519 782 3559 vero
805 3506 1039 3561 adducto
1069 3521 1225 3577 opus,
1249 3506 1295 3562 si
1321 3506 1434 3577 jam
1455 3505 1695 3578 epistolae
1720 3504 2064 3573 subiunctum
2090 3514 2234 3561 esset
2266 3521 2282 3558 ε
2309 3505 2500 3562 fuisset
2530 3506 2675 3563 euim
2713 3506 2904 3578 procul
2922 3507 3092 3564 dubio
3132 3510 3308 3569 simul
3331 3509 3542 3579 lectam

292 3596 508 3668 aliaque
551 3599 789 3666 pariter,
839 3599 884 3654 si
928 3600 1090 3655 modo
1143 3600 1321 3670 aliqua
1350 3609 1534 3656 essent
1580 3607 1709 3654 tunc
1757 3599 2036 3670 temporis.
2088 3600 2227 3669 Quid
2269 3602 2410 3671 quod
2461 3615 2491 3656 a
2540 3597 2886 3657 Theodoreto
2931 3609 3025 3656 aut
3053 3604 3222 3661 certe
3256 3601 3325 3660 ab
3356 3602 3427 3660 iis
3456 3600 3541 3672 qai

293 3689 616 3745 'theodoreti
671 3691 911 3760 partibus
962 3691 1281 3757 studebant,
1334 3705 1544 3747 versam
1600 3689 1653 3745 in
1709 3703 2015 3745 sermonem
2084 3689 2332 3746 Graecum
2400 3691 2684 3759 epistolam
2740 3692 3013 3763 proditum
3067 3702 3161 3749 est
3188 3734 3208 3762 ,
3256 3694 3366 3752 imo
3411 3703 3469 3750 et
3509 3706 3540 3748 a

293 3784 626 3839 vertentibus
659 3785 924 3851 vitiatam,
953 3789 1094 3856 quod
1126 3795 1459 3856 postremum
1493 3784 1603 3840 Leo
1632 3785 1746 3856 ipse
1778 3786 2025 3855 queritur
2064 3786 2204 3856 apud
2232 3785 2569 3843 Marcianum
2614 3788 3020 3859 imperatorem.
3052 3789 3304 3849 Accedat
3340 3792 3537 3858 etiam,

295 3875 437 3948 quod
472 3876 522 3930 in
555 3875 776 3946 epistola
807 3875 1050 3946 pontifex
1080 3876 1232 3946 plura
1265 3876 1386 3932 iidei
1420 3875 1619 3944 capita,
1652 3888 1760 3929 non
1796 3883 2004 3932 tantum
2034 3876 2298 3932 adversus
2331 3874 2653 3949 Eutychem,
2681 3878 2776 3934 sed
2801 3878 2963 3934 etiam
2995 3890 3194 3938 contra
3233 3881 3537 3940 Nestori-n

294 3981 568 4041 exponat;
600 3985 698 4026 nec
721 3970 826 4026 alia
858 3981 1034 4025 tamen
1067 3972 1370 4026 testimonia
1394 3972 1718 4041 subdantur,
1741 3989 1901 4044 quam
1928 3987 2051 4044 qum
2081 3974 2150 4028 ad
2180 3971 2583 4029 distinctionem
2613 3981 2927 4029 naturarum
2949 3978 3319 4047 asserendam
3342 3979 3537 4043 valent,

296 4074 525 4130 qumque
547 4062 600 4116 in
626 4061 837 4133 dialogo
869 4062 959 4131 qui
995 4063 1192 4117 dicitur
1217 4061 1560 4133 luconsusua,
1592 4064 1833 4120 adbibita
1862 4065 2075 4121 fuerant
2117 4063 2185 4120 ad
2219 4077 2335 4131 eos,
2360 4063 2454 4134 qui
2499 4062 2841 4120 'theodoreto
2879 4064 3296 4135 Apollinaris-i
3330 4071 3540 4126 nomina

296 4154 531 4223 suspecti
565 4165 742 4219 erant,
783 4154 1176 4222 confutandos;
1215 4170 1324 4211 non
1355 4154 1652 4212 afferantur
1675 4172 1796 4228 quae
1821 4172 1891 4216 ex
1925 4156 2079 4215 libris
2105 4166 2295 4213 contra
2324 4155 2631 4212 Nestorium
2672 4154 2915 4227 scriptis,
2949 4157 3003 4211 in
3039 4157 3161 4229 ipso
3186 4161 3354 4216 etiam
3380 4161 3539 4220 citato

296 4246 510 4316 dialogo
535 4246 804 4316 leguntur.

367 4336 567 4404 Quanti
600 4351 727 4393 vero
757 4335 915 4405 pretii
948 4335 1023 4392 sit
1042 4333 1355 4404 opusculum
1386 4334 1551 4403 istud,
1577 4335 1850 4393 aestimare
1885 4335 2013 4392 licet
2043 4335 2125 4392 vel
2156 4338 2281 4393 inde
2304 4339 2562 4405 maxime,
2583 4337 2727 4408 quod
2754 4352 2913 4393 nemo
2949 4336 3066 4394 sere
3090 4340 3538 4412 consequentium

296 4440 670 4497 tractatorum,
700 4433 791 4502 qui
820 4431 1141 4488 auctoritate
1170 4430 1354 4503 cyrilli
1389 4432 1443 4485 in
1482 4432 1738 4502 mysterio
1765 4431 2155 4488 incarnationis
2178 4433 2498 4501 exponendo
2528 4432 2606 4488 uti
2645 4432 2892 4498 voluerit,
2914 4432 3286 4489 testimonium
3318 4433 3535 4505 aliquod

294 4535 360 4575 ex
386 4523 616 4578 Scholiis
641 4537 744 4578 nou
767 4523 1076 4594 sumpserit.
1109 4522 1261 4578 Adde
1287 4522 1429 4592 quod
1463 4522 1700 4595 cyrillus
1722 4521 1839 4593 ipse
1862 4522 2029 4577 videri
2056 4522 2223 4590 possit
2256 4523 2395 4578 hauc
2418 4537 2571 4578 suam
2594 4522 3057 4579 elucubrationem
3100 4526 3536 4586 commendasse,

295 4628 418 4669 cum
450 4616 712 4671 scriberet
743 4617 963 4687 Eulogio
989 4633 1003 4668 :
1030 4615 1426 4685 complectitur,
1446 4615 1642 4685 inquit,
1669 4614 1805 4668 idem
1831 4614 1963 4668 liber
1989 4613 2085 4669 sub
2118 4613 2280 4682 finem
2321 4612 2495 4668 breues
2520 4614 2777 4685 quasdam
2810 4615 2876 4669 de
2910 4614 3109 4670 Ctm‘ati
3150 4617 3535 4687 dispensatione

297 4710 874 4779 expositioaeaes,easque
896 4708 1139 4775 pulchras
1159 4708 1445 4763 admodum
1465 4717 1512 4760 ec
1536 4705 1711 4760 utiles.
1741 4704 1968 4774 Oportet
2001 4705 2143 4759 enim
2186 4704 2554 4774 expositiones
2583 4719 2718 4775 quas
2752 4714 3042 4773 memorat,
3085 4706 3173 4762 vel
3217 4723 3247 4763 a
3279 4707 3537 4774 scholiis,

300 4799 381 4851 vel
413 4814 441 4852 a
476 4811 844 4869 consequente
879 4809 1113 4856 tractatu
1143 4801 1212 4855 de
1237 4799 1616 4855 lucarnatione
1647 4796 1836 4864 Verbi,
1862 4797 1946 4853 vel
1976 4812 2006 4852 a
2040 4796 2250 4868 dialogo
2280 4797 2566 4867 subjuncto
2596 4812 2704 4853 non
2736 4798 2956 4856 differre
2980 4815 2995 4853 z
3018 4813 3202 4870 neque
3224 4801 3373 4857 enim
3396 4800 3537 4857 aliod

297 4892 569 4962 quidpiam
601 4894 839 4961 scripsit,
870 4893 936 4950 de
963 4908 1072 4963 quo
1106 4892 1326 4947 dubium
1353 4905 1475 4947 esse
1506 4890 1695 4960 possit.
1728 4889 1798 4944 At
1840 4888 2021 4944 dill’ert
2046 4889 2287 4960 protecto
2316 4902 2345 4943 a
2376 4899 2743 4960 consequente
2776 4897 3009 4946 tractatu
3046 4891 3141 4961 qui
3183 4905 3376 4948 revera
3405 4904 3540 4948 unus

298 4988 514 5058 quidam
562 5003 740 5042 sermo
770 4999 889 5054 est;
937 4989 1120 5044 differt
1152 4987 1314 5041 etiam
1360 5001 1390 5040 a
1435 4985 1645 5055 dialogo
1684 4998 1807 5040 mox
1845 4983 2030 5039 dicto:
2071 4984 2193 5053 quis
2234 4983 2378 5040 enim
2422 4984 2687 5056 dialogum
2738 4983 3006 5050 ἐκθέσεως
3051 4985 3280 5044 nomine
3319 4985 3538 5059 proprio

299 5078 571 5151 appellet?
594 5078 913 5149 Quanquam
950 5081 1124 5149 potnit
1149 5080 1394 5148 dialogus
1427 5074 1676 5144 subjungi
1709 5073 1963 5140 Scholiis,
1984 5085 2045 5129 ut
2070 5076 2304 5145 epitome
2342 5075 2589 5145 quaedam
2614 5085 2669 5133 et
2698 5075 2844 5131 velut
2866 5075 3192 5147 ὑπόμνημα.

371 5176 543 5244 Quam
602 5185 852 5229 accurata
901 5173 1155 5229 methodo
1216 5172 1290 5238 sjt
1333 5170 1700 5238 conscriptum
1724 5209 1741 5235 ,
1796 5186 1860 5226 ex
1915 5170 2058 5226 serie
2111 5178 2357 5237 apertum
2420 5181 2524 5226 est.
2585 5170 2818 5243 Cyn-illus
2869 5185 2901 5225 a
2953 5171 3288 5243 simplicium
3345 5185 3534 5229 vocam

301 5270 751 5340 interpretatione
785 5284 1011 5325 exorsus
1044 5268 1300 5341 exponit,
1331 5267 1459 5335 quid
1499 5266 1571 5321 sit
1611 5264 1896 5331 Christus,
1932 5267 2060 5336 quid
2107 5265 2439 5339 Emmanuel,
2480 5267 2605 5337 quid
2635 5266 2821 5333 Jesus,
2851 5266 2979 5338 quid
3014 5281 3179 5335 unus,
3220 5268 3355 5339 quid
3384 5268 3531 5326 unio·

304 5362 425 5416 Mox
462 5367 528 5418 ad
561 5361 978 5434 propositiones,
1011 5376 1129 5430 quae
1171 5360 1223 5415 ln
1257 5360 1357 5415 hac
1390 5358 1615 5414 materia
1660 5358 1911 5428 usurpari
1945 5359 2140 5424 solent,
2187 5359 2485 5414 orationem
2537 5359 2830 5414 deflectens
2879 5358 3155 5424 edisserit,
3187 5375 3297 5430 qua
3331 5361 3535 5417 ratione

301 5453 548 5508 Christus
583 5453 652 5507 sit
702 5467 861 5517 unus,
915 5467 1052 5505 uuus
1091 5449 1430 5516 Emmanuel,
1474 5464 1613 5504 unus
1644 5447 1825 5514 JeSttS,
1873 5451 1926 5506 id
1981 5459 2087 5515 est,
2123 5466 2261 5504 unus
2316 5451 2595 5517 Dominus,
2641 5461 2745 5506 ctc.
2791 5451 2925 5506 Tum
2978 5455 3257 5522 quomodo
3301 5457 3532 5515 Verbum

304 5546 514 5597 dicatur
533 5542 892 5603 exinanitum,
925 5540 1074 5594 carni
1106 5541 1340 5606 unitum,
1372 5541 1573 5595 sactum
1604 5540 1800 5604 homo,
1839 5555 1939 5595 nec
1973 5542 2094 5597 ideo
2131 5551 2307 5596 tamen
2340 5553 2602 5598 tutttatutn
2624 5583 2640 5609 ‚
2675 5552 2769 5597 aut
2799 5542 3082 5600 divinitate
3109 5556 3365 5605 exutum.
3400 5547 3533 5607 ssiat

303 5652 409 5702 quo
437 5644 591 5702 pactu
623 5634 871 5687 Christus
905 5648 1009 5687 uon
1032 5633 1298 5690 sithonio
1331 5634 1612 5704 Oeozfdpoc,
1642 5643 1734 5686 aut
1768 5635 1987 5689 tunuiue
2018 5635 2249 5699 afflatuS,
2282 5637 2374 5691 sed
2404 5653 2527 5691 vet-c
2562 5638 2720 5694 bomo
2753 5638 2912 5703 DcuS,
2947 5639 3147 5695 deinde
3191 5657 3301 5712 qna
3331 5641 3530 5697 ratione

309 5727 540 5784 Verbum
573 5725 917 5796 perhibeatur
948 5725 1000 5780 iu
1047 5726 1198 5783 uobis
1225 5727 1489 5795 habitare,
1522 5730 1587 5784 ad
1629 5741 1728 5785 nos
1765 5728 1928 5795 mitti,
1956 5745 2152 5801 corpus
2192 5730 2389 5787 babere
2440 5730 2733 5800 proprium,
2782 5743 2836 5787 et
2877 5731 3151 5803 quomodo
3204 5733 3527 5805 intelligatur
