<?xml version="1.0" encoding="UTF-8"?>
<!DOCTYPE html PUBLIC "-//W3C//DTD XHTML 1.0 Transitional//EN"
    "http://www.w3.org/TR/xhtml1/DTD/xhtml1-transitional.dtd">
<html xmlns="http://www.w3.org/1999/xhtml" xml:lang="en" lang="en">
 <head>
  <title>
</title>
<meta http-equiv="Content-Type" content="text/html;charset=utf-8" />
  <meta name='ocr-system' content='tesseract 3.04.00' />
  <meta name='ocr-capabilities' content='ocr_page ocr_carea ocr_par ocr_line ocrx_word'/>
</head>
<body>
  <div class='ocr_page' id='page_1' title='image "./patrologicursus109migngoog_0274.png"; bbox 0 0 3809 6125; ppageno 0'>
   <div class='ocr_carea' id='block_1_1' title="bbox 267 384 370 440">
    <p class='ocr_par' dir='ltr' id='par_1_1' title="bbox 267 384 370 440">
     <span class='ocr_line' id='line_1_1' title="bbox 267 384 370 440; baseline 0.029 -3"><span class='ocrx_word' id='word_1_1' title='bbox 267 384 370 440; x_wconf 73' lang='lat'><strong>7¹9</strong></span> 
     </span>
    </p>
   </div>
   <div class='ocr_carea' id='block_1_2' title="bbox 1272 367 2514 431">
    <p class='ocr_par' dir='ltr' id='par_1_2' title="bbox 1272 367 2514 431">
     <span class='ocr_line' id='line_1_2' title="bbox 1272 367 2514 431; baseline -0.006 0"><span class='ocrx_word' id='word_1_2' title='bbox 1272 376 1330 431; x_wconf 89' lang='lat' dir='ltr'><strong>S.</strong></span> <span class='ocrx_word' id='word_1_3' title='bbox 1371 373 1648 430; x_wconf 69' lang='lat' dir='ltr'><strong>ct&#39;ntLLt</strong></span> <span class='ocrx_word' id='word_1_4' title='bbox 1687 367 2157 427; x_wconf 70' lang='lat' dir='ltr'><strong>ALExaNontNt</strong></span> <span class='ocrx_word' id='word_1_5' title='bbox 2197 369 2514 426; x_wconf 74' lang='lat' dir='ltr'><strong>AchtEr.</strong></span> 
     </span>
    </p>
   </div>
   <div class='ocr_carea' id='block_1_3' title="bbox 3435 355 3535 415">
    <p class='ocr_par' dir='ltr' id='par_1_3' title="bbox 3435 355 3535 415">
     <span class='ocr_line' id='line_1_3' title="bbox 3435 355 3535 415; baseline -0.01 0"><span class='ocrx_word' id='word_1_6' title='bbox 3435 355 3535 415; x_wconf 69' lang='lat'><strong>7³20</strong></span> 
     </span>
    </p>
   </div>
   <div class='ocr_carea' id='block_1_4' title="bbox 269 475 3535 574">
    <p class='ocr_par' dir='ltr' id='par_1_4' title="bbox 269 475 3535 574">
     <span class='ocr_line' id='line_1_4' title="bbox 269 475 3535 574; baseline -0.01 -15"><span class='ocrx_word' id='word_1_7' title='bbox 269 504 443 574; x_wconf 89' lang='lat' dir='ltr'><strong>prium</strong></span> <span class='ocrx_word' id='word_1_8' title='bbox 483 511 604 556; x_wconf 84' lang='lat' dir='ltr'><strong>esse</strong></span> <span class='ocrx_word' id='word_1_9' title='bbox 634 495 784 551; x_wconf 77' lang='lat' dir='ltr'><strong>aiunt</strong></span> <span class='ocrx_word' id='word_1_10' title='bbox 839 494 928 549; x_wconf 85' lang='lat' dir='ltr'><strong>Dei</strong></span> <span class='ocrx_word' id='word_1_11' title='bbox 978 509 1040 549; x_wconf 83' lang='lat' dir='ltr'><strong>ac</strong></span> <span class='ocrx_word' id='word_1_12' title='bbox 1080 492 1271 550; x_wconf 70' lang='lat' dir='ltr'><strong>Patris</strong></span> <span class='ocrx_word' id='word_1_13' title='bbox 1309 493 1462 559; x_wconf 84' lang='lat' dir='ltr'><strong>iilud,</strong></span> <span class='ocrx_word' id='word_1_14' title='bbox 1511 491 1807 564; x_wconf 78' lang='lat' dir='ltr'><strong>ingenitum</strong></span> <span class='ocrx_word' id='word_1_15' title='bbox 1829 531 1844 556; x_wconf 91' lang='lat'><strong>,</strong></span> <span class='ocrx_word' id='word_1_16' title='bbox 1877 494 1924 551; x_wconf 74' lang='grc' dir='ltr'><strong>Α</strong></span> <span class='ocrx_word' id='word_1_17' title='bbox 1950 490 2018 544; x_wconf 74' lang='grc' dir='ltr'><strong>τὰ</strong></span> <span class='ocrx_word' id='word_1_18' title='bbox 2056 491 2374 560; x_wconf 74' lang='grc' dir='ltr'>τικτόμενα,</span> <span class='ocrx_word' id='word_1_19' title='bbox 2420 489 2512 541; x_wconf 75' lang='grc' dir='ltr'><strong>καὶ</strong></span> <span class='ocrx_word' id='word_1_20' title='bbox 2541 479 2640 541; x_wconf 77' lang='grc' dir='ltr'><strong>ούκ</strong></span> <span class='ocrx_word' id='word_1_21' title='bbox 2684 486 2749 540; x_wconf 84' lang='grc' dir='ltr'><strong>ἂν</strong></span> <span class='ocrx_word' id='word_1_22' title='bbox 2783 484 2986 554; x_wconf 78' lang='grc' dir='ltr'>ἑτέρως</span> <span class='ocrx_word' id='word_1_23' title='bbox 3015 478 3149 548; x_wconf 84' lang='grc' dir='ltr'>ἔχοι,</span> <span class='ocrx_word' id='word_1_24' title='bbox 3181 476 3235 530; x_wconf 91' lang='grc' dir='ltr'><strong>τί</strong></span> <span class='ocrx_word' id='word_1_25' title='bbox 3267 475 3374 548; x_wconf 80' lang='grc' dir='ltr'><strong>τὴν</strong></span> <span class='ocrx_word' id='word_1_26' title='bbox 3407 476 3535 548; x_wconf 68' lang='grc' dir='ltr'><strong>ἀλή-</strong></span> 
     </span>
    </p>
   </div>
   <div class='ocr_carea' id='block_1_5' title="bbox 267 581 1845 833">
    <p class='ocr_par' dir='ltr' id='par_1_5' title="bbox 267 581 1845 833">
     <span class='ocr_line' id='line_1_5' title="bbox 267 581 1842 668; baseline -0.01 -16"><span class='ocrx_word' id='word_1_27' title='bbox 267 595 530 668; x_wconf 87' lang='lat' dir='ltr'><strong>siquidem</strong></span> <span class='ocrx_word' id='word_1_28' title='bbox 553 591 720 661; x_wconf 84' lang='lat' dir='ltr'><strong>patris</strong></span> <span class='ocrx_word' id='word_1_29' title='bbox 745 588 1033 659; x_wconf 83' lang='lat' dir='ltr'><strong>appellatio</strong></span> <span class='ocrx_word' id='word_1_30' title='bbox 1073 586 1201 640; x_wconf 85' lang='lat' dir='ltr'><strong>nibil</strong></span> <span class='ocrx_word' id='word_1_31' title='bbox 1237 585 1380 640; x_wconf 76' lang='lat' dir='ltr'><strong>aliud</strong></span> <span class='ocrx_word' id='word_1_32' title='bbox 1432 585 1484 640; x_wconf 90' lang='lat' dir='ltr'><strong>in</strong></span> <span class='ocrx_word' id='word_1_33' title='bbox 1528 581 1842 651; x_wconf 79' lang='lat' dir='ltr'><strong>nobisipsis</strong></span> 
     </span>
     <span class='ocr_line' id='line_1_6' title="bbox 268 674 1845 758; baseline -0.008 -17"><span class='ocrx_word' id='word_1_34' title='bbox 268 685 571 758; x_wconf 82' lang='lat' dir='ltr'><strong>significare</strong></span> <span class='ocrx_word' id='word_1_35' title='bbox 608 689 806 752; x_wconf 86' lang='lat' dir='ltr'><strong>potest,</strong></span> <span class='ocrx_word' id='word_1_36' title='bbox 848 678 949 734; x_wconf 87' lang='lat' dir='ltr'><strong>nisi</strong></span> <span class='ocrx_word' id='word_1_37' title='bbox 986 678 1088 733; x_wconf 77' lang='lat' dir='ltr'><strong>ltoc</strong></span> <span class='ocrx_word' id='word_1_38' title='bbox 1144 687 1554 746; x_wconf 82' lang='lat' dir='ltr'><strong>unum,·ncmpe</strong></span> <span class='ocrx_word' id='word_1_39' title='bbox 1579 674 1719 745; x_wconf 90' lang='lat' dir='ltr'><strong>quod</strong></span> <span class='ocrx_word' id='word_1_40' title='bbox 1752 687 1845 743; x_wconf 83' lang='lat' dir='ltr'><strong>ge-</strong></span> 
     </span>
     <span class='ocr_line' id='line_1_7' title="bbox 270 774 487 833; baseline -0.023 0"><span class='ocrx_word' id='word_1_41' title='bbox 270 774 487 833; x_wconf 80' lang='lat' dir='ltr'><strong>nuerit?</strong></span> 
     </span>
    </p>
   </div>
   <div class='ocr_carea' id='block_1_6' title="bbox 269 943 1844 1121">
    <p class='ocr_par' dir='ltr' id='par_1_6' title="bbox 269 943 1844 1121">
     <span class='ocr_line' id='line_1_8' title="bbox 331 943 1842 1025; baseline -0.011 -12"><span class='ocrx_word' id='word_1_42' title='bbox 331 958 397 1013; x_wconf 90' lang='lat' dir='ltr'><strong>B.</strong></span> <span class='ocrx_word' id='word_1_43' title='bbox 447 954 650 1025; x_wconf 82' lang='lat' dir='ltr'><strong>Ecquid</strong></span> <span class='ocrx_word' id='word_1_44' title='bbox 681 965 811 1008; x_wconf 70' lang='lat' dir='ltr'><strong>vero</strong></span> <span class='ocrx_word' id='word_1_45' title='bbox 852 962 1040 1004; x_wconf 82' lang='lat' dir='ltr'>censes</span> <span class='ocrx_word' id='word_1_46' title='bbox 1097 948 1250 1004; x_wconf 86' lang='lat' dir='ltr'><strong>nobis</strong></span> <span class='ocrx_word' id='word_1_47' title='bbox 1309 945 1766 1017; x_wconf 82' lang='lat' dir='ltr'><strong>respondendum,</strong></span> <span class='ocrx_word' id='word_1_48' title='bbox 1799 943 1842 999; x_wconf 89' lang='lat' dir='ltr'><strong>si</strong></span> 
     </span>
     <span class='ocr_line' id='line_1_9' title="bbox 269 1037 1844 1121; baseline -0.008 -19"><span class='ocrx_word' id='word_1_49' title='bbox 269 1050 390 1121; x_wconf 78' lang='lat' dir='ltr'><strong>quis</strong></span> <span class='ocrx_word' id='word_1_50' title='bbox 411 1050 728 1115; x_wconf 83' lang='lat' dir='ltr'><strong>interroget,</strong></span> <span class='ocrx_word' id='word_1_51' title='bbox 753 1052 928 1098; x_wconf 86' lang='lat' dir='ltr'><strong>utrum</strong></span> <span class='ocrx_word' id='word_1_52' title='bbox 963 1041 1174 1110; x_wconf 84' lang='lat' dir='ltr'><strong>genitus</strong></span> <span class='ocrx_word' id='word_1_53' title='bbox 1207 1054 1274 1093; x_wconf 87' lang='lat' dir='ltr'><strong>an</strong></span> <span class='ocrx_word' id='word_1_54' title='bbox 1312 1038 1583 1109; x_wconf 80' lang='lat' dir='ltr'><strong>ingenitus</strong></span> <span class='ocrx_word' id='word_1_55' title='bbox 1605 1037 1676 1091; x_wconf 87' lang='lat' dir='ltr'><strong>sit</strong></span> <span class='ocrx_word' id='word_1_56' title='bbox 1704 1038 1844 1091; x_wconf 81' lang='lat' dir='ltr'><strong>Deus</strong></span> 
     </span>
    </p>
   </div>
   <div class='ocr_carea' id='block_1_7' title="bbox 269 1135 1848 1753">
    <p class='ocr_par' dir='ltr' id='par_1_7' title="bbox 270 1135 566 1197">
     <span class='ocr_line' id='line_1_10' title="bbox 270 1135 566 1197; baseline -0.02 -2"><span class='ocrx_word' id='word_1_57' title='bbox 270 1156 333 1197; x_wconf 89' lang='lat' dir='ltr'><strong>ae</strong></span> <span class='ocrx_word' id='word_1_58' title='bbox 359 1135 566 1195; x_wconf 79' lang='lat' dir='ltr'><strong>Pater?</strong></span> 
     </span>
    </p>

    <p class='ocr_par' dir='ltr' id='par_1_8' title="bbox 269 1217 1848 1753">
     <span class='ocr_line' id='line_1_11' title="bbox 339 1217 1844 1288; baseline -0.011 -4"><span class='ocrx_word' id='word_1_59' title='bbox 339 1229 406 1284; x_wconf 81' lang='grc' dir='ltr'><strong>Α.</strong></span> <span class='ocrx_word' id='word_1_60' title='bbox 442 1226 677 1285; x_wconf 82' lang='lat' dir='ltr'><strong>Dixerim</strong></span> <span class='ocrx_word' id='word_1_61' title='bbox 711 1238 857 1288; x_wconf 89' lang='lat' dir='ltr'><strong>eum,</strong></span> <span class='ocrx_word' id='word_1_62' title='bbox 900 1222 944 1276; x_wconf 89' lang='lat' dir='ltr'><strong>si</strong></span> <span class='ocrx_word' id='word_1_63' title='bbox 989 1229 1134 1275; x_wconf 88' lang='lat' dir='ltr'><strong>recte</strong></span> <span class='ocrx_word' id='word_1_64' title='bbox 1160 1218 1364 1274; x_wconf 84' lang='lat' dir='ltr'><strong>sentire</strong></span> <span class='ocrx_word' id='word_1_65' title='bbox 1402 1217 1671 1281; x_wconf 82' lang='lat' dir='ltr'><strong>volumus,</strong></span> <span class='ocrx_word' id='word_1_66' title='bbox 1694 1218 1844 1285; x_wconf 81' lang='lat' dir='ltr'><strong>inge·</strong></span> 
     </span>
     <span class='ocr_line' id='line_1_12' title="bbox 274 1310 1844 1389; baseline -0.011 -12"><span class='ocrx_word' id='word_1_67' title='bbox 274 1323 443 1377; x_wconf 90' lang='lat' dir='ltr'><strong>nitum</strong></span> <span class='ocrx_word' id='word_1_68' title='bbox 472 1318 685 1389; x_wconf 87' lang='lat' dir='ltr'><strong>quidem</strong></span> <span class='ocrx_word' id='word_1_69' title='bbox 712 1330 855 1382; x_wconf 85' lang='lat' dir='ltr'><strong>esse,</strong></span> <span class='ocrx_word' id='word_1_70' title='bbox 886 1322 1256 1367; x_wconf 82' lang='lat' dir='ltr'><strong>verumtamen</strong></span> <span class='ocrx_word' id='word_1_71' title='bbox 1280 1326 1344 1365; x_wconf 82' lang='lat' dir='ltr'><strong>ex</strong></span> <span class='ocrx_word' id='word_1_72' title='bbox 1390 1323 1455 1363; x_wconf 92' lang='lat' dir='ltr'><strong>eo</strong></span> <span class='ocrx_word' id='word_1_73' title='bbox 1501 1310 1642 1379; x_wconf 86' lang='lat' dir='ltr'><strong>quod</strong></span> <span class='ocrx_word' id='word_1_74' title='bbox 1688 1318 1844 1378; x_wconf 75' lang='lat' dir='ltr'><strong>pater</strong></span> 
     </span>
     <span class='ocr_line' id='line_1_13' title="bbox 269 1398 1848 1479; baseline -0.011 -10"><span class='ocrx_word' id='word_1_75' title='bbox 269 1423 372 1479; x_wconf 83' lang='lat' dir='ltr'><strong>cst,</strong></span> <span class='ocrx_word' id='word_1_76' title='bbox 405 1428 508 1468; x_wconf 92' lang='lat' dir='ltr'><strong>non</strong></span> <span class='ocrx_word' id='word_1_77' title='bbox 558 1410 814 1464; x_wconf 90' lang='lat' dir='ltr'><strong>continuo</strong></span> <span class='ocrx_word' id='word_1_78' title='bbox 846 1421 967 1462; x_wconf 86' lang='lat' dir='ltr'><strong>esse</strong></span> <span class='ocrx_word' id='word_1_79' title='bbox 1004 1405 1324 1474; x_wconf 88' lang='lat' dir='ltr'><strong>ingenitum,</strong></span> <span class='ocrx_word' id='word_1_80' title='bbox 1368 1403 1459 1455; x_wconf 88' lang='lat' dir='ltr'><strong>sed</strong></span> <span class='ocrx_word' id='word_1_81' title='bbox 1492 1401 1744 1470; x_wconf 84' lang='lat' dir='ltr'><strong>quoniam</strong></span> <span class='ocrx_word' id='word_1_82' title='bbox 1780 1398 1848 1453; x_wconf 87' lang='lat' dir='ltr'><strong>ab</strong></span> 
     </span>
     <span class='ocr_line' id='line_1_14' title="bbox 273 1494 1842 1574; baseline -0.01 -16"><span class='ocrx_word' id='word_1_83' title='bbox 273 1506 385 1561; x_wconf 91' lang='lat' dir='ltr'><strong>nllo</strong></span> <span class='ocrx_word' id='word_1_84' title='bbox 418 1502 632 1574; x_wconf 81' lang='lat' dir='ltr'><strong>genitus</strong></span> <span class='ocrx_word' id='word_1_85' title='bbox 678 1514 784 1555; x_wconf 87' lang='lat' dir='ltr'><strong>non</strong></span> <span class='ocrx_word' id='word_1_86' title='bbox 840 1506 947 1562; x_wconf 90' lang='lat' dir='ltr'><strong>est,</strong></span> <span class='ocrx_word' id='word_1_87' title='bbox 983 1496 1075 1550; x_wconf 90' lang='lat' dir='ltr'><strong>sed</strong></span> <span class='ocrx_word' id='word_1_88' title='bbox 1122 1503 1207 1550; x_wconf 87' lang='lat' dir='ltr'><strong>est</strong></span> <span class='ocrx_word' id='word_1_89' title='bbox 1258 1494 1392 1547; x_wconf 84' lang='lat' dir='ltr'><strong>citra</strong></span> <span class='ocrx_word' id='word_1_90' title='bbox 1421 1494 1842 1562; x_wconf 83' lang='lat' dir='ltr'><strong>generationem,</strong></span> 
     </span>
     <span class='ocr_line' id='line_1_15' title="bbox 273 1581 1846 1665; baseline -0.011 -15"><span class='ocrx_word' id='word_1_91' title='bbox 273 1610 369 1665; x_wconf 88' lang='lat' dir='ltr'><strong>per</strong></span> <span class='ocrx_word' id='word_1_92' title='bbox 409 1590 812 1664; x_wconf 75' lang='lat' dir='ltr'><strong>generationem</strong></span> <span class='ocrx_word' id='word_1_93' title='bbox 866 1586 1068 1641; x_wconf 80' lang='lat' dir='ltr'><strong>babens</strong></span> <span class='ocrx_word' id='word_1_94' title='bbox 1119 1597 1185 1637; x_wconf 88' lang='lat' dir='ltr'><strong>ex</strong></span> <span class='ocrx_word' id='word_1_95' title='bbox 1228 1584 1410 1652; x_wconf 87' lang='lat' dir='ltr'><strong>seipso</strong></span> <span class='ocrx_word' id='word_1_96' title='bbox 1447 1590 1502 1635; x_wconf 90' lang='lat' dir='ltr'><strong>et</strong></span> <span class='ocrx_word' id='word_1_97' title='bbox 1553 1581 1604 1633; x_wconf 88' lang='lat' dir='ltr'><strong>in</strong></span> <span class='ocrx_word' id='word_1_98' title='bbox 1667 1581 1846 1649; x_wconf 87' lang='lat' dir='ltr'><strong>seipso</strong></span> 
     </span>
     <span class='ocr_line' id='line_1_16' title="bbox 273 1670 1846 1753; baseline -0.007 -19"><span class='ocrx_word' id='word_1_99' title='bbox 273 1683 547 1753; x_wconf 80' lang='lat' dir='ltr'><strong>proprium</strong></span> <span class='ocrx_word' id='word_1_100' title='bbox 587 1680 801 1735; x_wconf 82' lang='lat' dir='ltr'><strong>Filium.</strong></span> <span class='ocrx_word' id='word_1_101' title='bbox 834 1676 1042 1733; x_wconf 82' lang='lat' dir='ltr'><strong>ldcirco</strong></span> <span class='ocrx_word' id='word_1_102' title='bbox 1075 1675 1218 1729; x_wconf 71' lang='lat' dir='ltr'><strong>entim</strong></span> <span class='ocrx_word' id='word_1_103' title='bbox 1248 1675 1409 1729; x_wconf 83' lang='lat' dir='ltr'><strong>etiam</strong></span> <span class='ocrx_word' id='word_1_104' title='bbox 1456 1670 1622 1726; x_wconf 78' lang='lat' dir='ltr'><strong>Patet·</strong></span> <span class='ocrx_word' id='word_1_105' title='bbox 1671 1672 1846 1726; x_wconf 79' lang='lat' dir='ltr'><strong>nonti-</strong></span> 
     </span>
    </p>
   </div>
   <div class='ocr_carea' id='block_1_8' title="bbox 272 1782 451 1830">
    <p class='ocr_par' dir='ltr' id='par_1_9' title="bbox 272 1782 451 1830">
     <span class='ocr_line' id='line_1_17' title="bbox 272 1782 451 1830; baseline -0.017 -1"><span class='ocrx_word' id='word_1_106' title='bbox 272 1782 451 1830; x_wconf 82' lang='lat' dir='ltr'><strong>natur.</strong></span> 
     </span>
    </p>
   </div>
   <div class='ocr_carea' id='block_1_9' title="bbox 1945 569 3535 835">
    <p class='ocr_par' dir='ltr' id='par_1_10' title="bbox 1945 569 3535 835">
     <span class='ocr_line' id='line_1_18' title="bbox 1946 569 3535 652; baseline -0.006 -18"><span class='ocrx_word' id='word_1_107' title='bbox 1946 582 2094 635; x_wconf 86' lang='grc' dir='ltr'>θειαν</span> <span class='ocrx_word' id='word_1_108' title='bbox 2123 580 2610 652; x_wconf 70' lang='grc' dir='ltr'>παραφθείροντες,</span> <span class='ocrx_word' id='word_1_109' title='bbox 2643 578 2774 631; x_wconf 75' lang='grc' dir='ltr'>ἴδιον</span> <span class='ocrx_word' id='word_1_110' title='bbox 2808 572 2947 628; x_wconf 78' lang='grc' dir='ltr'>εἷναί</span> <span class='ocrx_word' id='word_1_111' title='bbox 2979 587 3112 641; x_wconf 79' lang='grc' dir='ltr'>φασι</span> <span class='ocrx_word' id='word_1_112' title='bbox 3138 570 3234 624; x_wconf 80' lang='grc' dir='ltr'><strong>τοῦ</strong></span> <span class='ocrx_word' id='word_1_113' title='bbox 3275 569 3423 623; x_wconf 90' lang='grc' dir='ltr'>Θεοῦ</span> <span class='ocrx_word' id='word_1_114' title='bbox 3446 572 3535 625; x_wconf 70' lang='grc' dir='ltr'><strong>καὶ</strong></span> 
     </span>
     <span class='ocr_line' id='line_1_19' title="bbox 1945 662 3530 743; baseline -0.009 -16"><span class='ocrx_word' id='word_1_115' title='bbox 1945 673 2157 743; x_wconf 81' lang='grc' dir='ltr'>Πατρὸς</span> <span class='ocrx_word' id='word_1_116' title='bbox 2183 672 2243 725; x_wconf 74' lang='grc' dir='ltr'><strong>τὸ</strong></span> <span class='ocrx_word' id='word_1_117' title='bbox 2268 672 2598 741; x_wconf 79' lang='grc' dir='ltr'>ἀγέννητον;</span> <span class='ocrx_word' id='word_1_118' title='bbox 2632 668 2808 722; x_wconf 85' lang='grc' dir='ltr'>καίτοι</span> <span class='ocrx_word' id='word_1_119' title='bbox 2836 666 2936 736; x_wconf 78' lang='grc' dir='ltr'><strong>τῆς</strong></span> <span class='ocrx_word' id='word_1_120' title='bbox 2961 662 3168 735; x_wconf 73' lang='grc' dir='ltr'>πατρὸς</span> <span class='ocrx_word' id='word_1_121' title='bbox 3189 663 3530 733; x_wconf 75' lang='grc' dir='ltr'>ἐπωνυμίας,</span> 
     </span>
     <span class='ocr_line' id='line_1_20' title="bbox 1945 752 3531 835; baseline -0.007 -16"><span class='ocrx_word' id='word_1_122' title='bbox 1945 766 2039 819; x_wconf 74' lang='grc' dir='ltr'><strong>καὶ</strong></span> <span class='ocrx_word' id='word_1_123' title='bbox 2088 767 2173 834; x_wconf 66' lang='grc' dir='ltr'><strong>ἐφ’</strong></span> <span class='ocrx_word' id='word_1_124' title='bbox 2205 766 2360 835; x_wconf 76' lang='grc' dir='ltr'>ἡμῶν</span> <span class='ocrx_word' id='word_1_125' title='bbox 2394 762 2574 817; x_wconf 82' lang='grc' dir='ltr'>αὐτῶν</span> <span class='ocrx_word' id='word_1_126' title='bbox 2612 760 2798 831; x_wconf 67' lang='grc' dir='ltr'>ἕτερον</span> <span class='ocrx_word' id='word_1_127' title='bbox 2832 757 2981 812; x_wconf 75' lang='grc' dir='ltr'>οὐδὲν</span> <span class='ocrx_word' id='word_1_128' title='bbox 3008 752 3352 827; x_wconf 74' lang='grc' dir='ltr'>καταδηλοῦν</span> <span class='ocrx_word' id='word_1_129' title='bbox 3380 755 3531 809; x_wconf 84' lang='grc' dir='ltr'>δυνα-</span> 
     </span>
    </p>
   </div>
   <div class='ocr_carea' id='block_1_10' title="bbox 1933 851 2904 927">
    <p class='ocr_par' dir='ltr' id='par_1_11' title="bbox 1933 851 2904 927">
     <span class='ocr_line' id='line_1_21' title="bbox 1933 851 2904 927; baseline -0.009 -18"><span class='ocrx_word' id='word_1_130' title='bbox 1933 856 2135 927; x_wconf 72' lang='grc' dir='ltr'>μένης,</span> <span class='ocrx_word' id='word_1_131' title='bbox 2164 855 2195 925; x_wconf 81' lang='grc' dir='ltr'><strong>ἢ</strong></span> <span class='ocrx_word' id='word_1_132' title='bbox 2234 855 2412 925; x_wconf 87' lang='grc' dir='ltr'>μόνον,</span> <span class='ocrx_word' id='word_1_133' title='bbox 2441 854 2523 907; x_wconf 80' lang='grc' dir='ltr'><strong>ὅτι</strong></span> <span class='ocrx_word' id='word_1_134' title='bbox 2545 851 2904 922; x_wconf 83' lang='grc' dir='ltr'>γεγέννηκεν;</span> 
     </span>
    </p>
   </div>
   <div class='ocr_carea' id='block_1_11' title="bbox 1947 938 3532 1111">
    <p class='ocr_par' dir='ltr' id='par_1_12' title="bbox 1947 938 3532 1111">
     <span class='ocr_line' id='line_1_22' title="bbox 2019 938 3532 1017; baseline -0.003 -20"><span class='ocrx_word' id='word_1_135' title='bbox 2019 947 2079 1002; x_wconf 90' lang='grc' dir='ltr'><strong>Β.</strong></span> <span class='ocrx_word' id='word_1_136' title='bbox 2122 947 2237 999; x_wconf 83' lang='grc' dir='ltr'>Οἴει</span> <span class='ocrx_word' id='word_1_137' title='bbox 2263 946 2320 999; x_wconf 84' lang='grc' dir='ltr'><strong>δὲ</strong></span> <span class='ocrx_word' id='word_1_138' title='bbox 2367 946 2432 1017; x_wconf 80' lang='grc' dir='ltr'><strong>δή</strong></span> <span class='ocrx_word' id='word_1_139' title='bbox 2473 963 2527 1000; x_wconf 88' lang='grc' dir='ltr'><strong>τι</strong></span> <span class='ocrx_word' id='word_1_140' title='bbox 2564 948 2765 1015; x_wconf 78' lang='grc' dir='ltr'>χρῆναι</span> <span class='ocrx_word' id='word_1_141' title='bbox 2810 940 2990 1009; x_wconf 83' lang='grc' dir='ltr'>λέγειν</span> <span class='ocrx_word' id='word_1_142' title='bbox 3036 940 3207 1011; x_wconf 74' lang='grc' dir='ltr'>ἡμᾶς,</span> <span class='ocrx_word' id='word_1_143' title='bbox 3242 938 3301 992; x_wconf 80' lang='grc' dir='ltr'>εἴ</span> <span class='ocrx_word' id='word_1_144' title='bbox 3324 955 3406 1010; x_wconf 82' lang='grc' dir='ltr'><strong>τῳ</strong></span> <span class='ocrx_word' id='word_1_145' title='bbox 3444 938 3532 992; x_wconf 78' lang='grc' dir='ltr'><strong>καὶ</strong></span> 
     </span>
     <span class='ocr_line' id='line_1_23' title="bbox 1947 1030 3530 1111; baseline -0.006 -19"><span class='ocrx_word' id='word_1_146' title='bbox 1947 1038 2166 1111; x_wconf 76' lang='grc' dir='ltr'>ἔρεσθαι</span> <span class='ocrx_word' id='word_1_147' title='bbox 2194 1037 2406 1109; x_wconf 79' lang='grc' dir='ltr'><strong>δοκοίη,</strong></span> <span class='ocrx_word' id='word_1_148' title='bbox 2436 1038 2640 1108; x_wconf 80' lang='grc' dir='ltr'>πότερα</span> <span class='ocrx_word' id='word_1_149' title='bbox 2671 1033 2928 1104; x_wconf 77' lang='grc' dir='ltr'>γεννητὸς</span> <span class='ocrx_word' id='word_1_150' title='bbox 2959 1032 2992 1105; x_wconf 79' lang='grc' dir='ltr'>ἢ</span> <span class='ocrx_word' id='word_1_151' title='bbox 3023 1032 3323 1103; x_wconf 71' lang='grc' dir='ltr'>ἀγέννητοι,</span> <span class='ocrx_word' id='word_1_152' title='bbox 3354 1030 3386 1083; x_wconf 80' lang='grc' dir='ltr'>ὁ</span> <span class='ocrx_word' id='word_1_153' title='bbox 3407 1030 3530 1095; x_wconf 68' lang='grc' dir='ltr'>Θεὸς</span> 
     </span>
    </p>
   </div>
   <div class='ocr_carea' id='block_1_12' title="bbox 1934 1130 2292 1201">
    <p class='ocr_par' dir='ltr' id='par_1_13' title="bbox 1934 1130 2292 1201">
     <span class='ocr_line' id='line_1_24' title="bbox 1934 1130 2292 1201; baseline -0.006 -17"><span class='ocrx_word' id='word_1_154' title='bbox 1934 1131 2042 1184; x_wconf 76' lang='grc' dir='ltr'><strong>’καὶ</strong></span> <span class='ocrx_word' id='word_1_155' title='bbox 2064 1130 2292 1201; x_wconf 74' lang='grc' dir='ltr'>Πατήρς</span> 
     </span>
    </p>
   </div>
   <div class='ocr_carea' id='block_1_13' title="bbox 1946 1212 3554 1749">
    <p class='ocr_par' dir='ltr' id='par_1_14' title="bbox 1946 1212 3554 1749">
     <span class='ocr_line' id='line_1_25' title="bbox 2014 1212 3525 1294; baseline -0.007 -18"><span class='ocrx_word' id='word_1_156' title='bbox 2014 1224 2081 1278; x_wconf 70' lang='lat' dir='ltr'><strong>A.</strong></span> <span class='ocrx_word' id='word_1_157' title='bbox 2120 1223 2294 1294; x_wconf 81' lang='grc' dir='ltr'>Φαίην</span> <span class='ocrx_word' id='word_1_158' title='bbox 2333 1221 2399 1276; x_wconf 85' lang='grc' dir='ltr'><strong>ἂν</strong></span> <span class='ocrx_word' id='word_1_159' title='bbox 2427 1221 2530 1285; x_wconf 81' lang='grc' dir='ltr'>ὅτι,</span> <span class='ocrx_word' id='word_1_160' title='bbox 2563 1217 2707 1274; x_wconf 86' lang='grc' dir='ltr'>κατά</span> <span class='ocrx_word' id='word_1_161' title='bbox 2739 1235 2803 1288; x_wconf 90' lang='grc' dir='ltr'><strong>γε</strong></span> <span class='ocrx_word' id='word_1_162' title='bbox 2840 1216 2932 1271; x_wconf 69' lang='grc' dir='ltr'><strong>τὸν</strong></span> <span class='ocrx_word' id='word_1_163' title='bbox 2971 1213 3299 1287; x_wconf 78' lang='grc' dir='ltr'>ἀμωμήτως</span> <span class='ocrx_word' id='word_1_164' title='bbox 3346 1212 3525 1283; x_wconf 74' lang='grc' dir='ltr'>ἔχοντα</span> 
     </span>
     <span class='ocr_line' id='line_1_26' title="bbox 1948 1305 3526 1386; baseline -0.005 -17"><span class='ocrx_word' id='word_1_165' title='bbox 1948 1313 2091 1378; x_wconf 83' lang='grc' dir='ltr'>νοῦν,</span> <span class='ocrx_word' id='word_1_166' title='bbox 2126 1312 2421 1386; x_wconf 78' lang='grc' dir='ltr'>ἀγέννητος</span> <span class='ocrx_word' id='word_1_167' title='bbox 2451 1311 2569 1383; x_wconf 79' lang='grc' dir='ltr'>μὲν,</span> <span class='ocrx_word' id='word_1_168' title='bbox 2602 1310 2741 1383; x_wconf 77' lang='grc' dir='ltr'>πλὴν</span> <span class='ocrx_word' id='word_1_169' title='bbox 2766 1309 2866 1381; x_wconf 73' lang='grc' dir='ltr'><strong>οὐχ</strong></span> <span class='ocrx_word' id='word_1_170' title='bbox 2885 1310 2966 1364; x_wconf 87' lang='grc' dir='ltr'><strong>ὅτι</strong></span> <span class='ocrx_word' id='word_1_171' title='bbox 2999 1307 3209 1379; x_wconf 79' lang='grc' dir='ltr'>πατὴρ,</span> <span class='ocrx_word' id='word_1_172' title='bbox 3248 1305 3344 1362; x_wconf 72' lang='grc' dir='ltr'><strong>διὰ</strong></span> <span class='ocrx_word' id='word_1_173' title='bbox 3379 1305 3526 1361; x_wconf 82' lang='grc' dir='ltr'>τοῦτο</span> 
     </span>
     <span class='ocr_line' id='line_1_27' title="bbox 1949 1389 3524 1474; baseline -0.008 -13"><span class='ocrx_word' id='word_1_174' title='bbox 1949 1408 2168 1470; x_wconf 85' lang='grc' dir='ltr'>πάντως</span> <span class='ocrx_word' id='word_1_175' title='bbox 2194 1407 2289 1460; x_wconf 50' lang='lat' dir='ltr'><strong>mi</strong></span> <span class='ocrx_word' id='word_1_176' title='bbox 2335 1406 2650 1474; x_wconf 75' lang='grc' dir='ltr'>ἀγέννητος,</span> <span class='ocrx_word' id='word_1_177' title='bbox 2683 1402 2799 1457; x_wconf 86' lang='grc' dir='ltr'>ἀλλ’</span> <span class='ocrx_word' id='word_1_178' title='bbox 2830 1404 2912 1456; x_wconf 86' lang='grc' dir='ltr'><strong>ὄτι</strong></span> <span class='ocrx_word' id='word_1_179' title='bbox 2971 1400 3049 1472; x_wconf 79' lang='grc' dir='ltr'>μὴ</span> <span class='ocrx_word' id='word_1_180' title='bbox 3079 1398 3357 1471; x_wconf 72' lang='grc' dir='ltr'>ἐγεννήθη</span> <span class='ocrx_word' id='word_1_181' title='bbox 3400 1389 3524 1470; x_wconf 64' lang='grc' dir='ltr'>πρός</span> 
     </span>
     <span class='ocr_line' id='line_1_28' title="bbox 1948 1488 3526 1565; baseline -0.006 -14"><span class='ocrx_word' id='word_1_182' title='bbox 1948 1516 2109 1562; x_wconf 82' lang='grc' dir='ltr'>τινος,</span> <span class='ocrx_word' id='word_1_183' title='bbox 2142 1495 2259 1551; x_wconf 80' lang='grc' dir='ltr'>ἀλλ’</span> <span class='ocrx_word' id='word_1_184' title='bbox 2286 1495 2433 1549; x_wconf 80' lang='grc' dir='ltr'>ἐστιν</span> <span class='ocrx_word' id='word_1_185' title='bbox 2464 1496 2800 1565; x_wconf 80' lang='grc' dir='ltr'>ἀγεννὴτως,</span> <span class='ocrx_word' id='word_1_186' title='bbox 2830 1490 3109 1563; x_wconf 83' lang='grc' dir='ltr'>γεννητῶς</span> <span class='ocrx_word' id='word_1_187' title='bbox 3145 1489 3292 1561; x_wconf 76' lang='grc' dir='ltr'>ἔχων</span> <span class='ocrx_word' id='word_1_188' title='bbox 3321 1488 3383 1555; x_wconf 73' lang='grc' dir='ltr'><strong>ἐξ</strong></span> <span class='ocrx_word' id='word_1_189' title='bbox 3412 1490 3526 1542; x_wconf 75' lang='grc' dir='ltr'>ἐαυ-</span> 
     </span>
     <span class='ocr_line' id='line_1_29' title="bbox 1946 1580 3525 1657; baseline -0.006 -15"><span class='ocrx_word' id='word_1_190' title='bbox 1946 1589 2040 1641; x_wconf 83' lang='grc' dir='ltr'><strong>τοῦ</strong></span> <span class='ocrx_word' id='word_1_191' title='bbox 2062 1588 2156 1642; x_wconf 86' lang='grc' dir='ltr'>καί</span> <span class='ocrx_word' id='word_1_192' title='bbox 2196 1589 2255 1641; x_wconf 77' lang='grc' dir='ltr'><strong>ὲν</strong></span> <span class='ocrx_word' id='word_1_193' title='bbox 2291 1585 2471 1657; x_wconf 80' lang='grc' dir='ltr'>ἑαυτῷ</span> <span class='ocrx_word' id='word_1_194' title='bbox 2497 1586 2589 1639; x_wconf 78' lang='grc' dir='ltr'><strong>τὸν</strong></span> <span class='ocrx_word' id='word_1_195' title='bbox 2632 1586 2766 1640; x_wconf 78' lang='grc' dir='ltr'>ἴδιον</span> <span class='ocrx_word' id='word_1_196' title='bbox 2802 1584 2946 1638; x_wconf 80' lang='grc' dir='ltr'>Υῑόν.</span> <span class='ocrx_word' id='word_1_197' title='bbox 2991 1581 3183 1656; x_wconf 80' lang='grc' dir='ltr'>Ταύτῃ</span> <span class='ocrx_word' id='word_1_198' title='bbox 3212 1581 3326 1653; x_wconf 80' lang='grc' dir='ltr'><strong>γὰρ</strong></span> <span class='ocrx_word' id='word_1_199' title='bbox 3356 1580 3418 1651; x_wconf 76' lang='grc' dir='ltr'><strong>δή</strong></span> <span class='ocrx_word' id='word_1_200' title='bbox 3452 1585 3525 1633; x_wconf 72' lang='grc' dir='ltr'><strong>τοι</strong></span> 
     </span>
     <span class='ocr_line' id='line_1_30' title="bbox 1948 1658 3554 1749; baseline -0.004 -19"><span class='ocrx_word' id='word_1_201' title='bbox 1948 1678 2042 1730; x_wconf 78' lang='grc' dir='ltr'><strong>καὶ</strong></span> <span class='ocrx_word' id='word_1_202' title='bbox 2074 1676 2261 1749; x_wconf 86' lang='grc' dir='ltr'>Πατὴρ</span> <span class='ocrx_word' id='word_1_203' title='bbox 2286 1674 2635 1746; x_wconf 74' lang='grc' dir='ltr'>ὀνομάζεται.</span> <span class='ocrx_word' id='word_1_204' title='bbox 3546 1658 3554 1667; x_wconf 71' lang='grc'><strong>”</strong></span> 
     </span>
    </p>
   </div>
   <div class='ocr_carea' id='block_1_14' title="bbox 339 1848 3527 1949">
    <p class='ocr_par' dir='ltr' id='par_1_15' title="bbox 339 1848 3527 1949">
     <span class='ocr_line' id='line_1_31' title="bbox 339 1848 3527 1949; baseline -0.005 -9"><span class='ocrx_word' id='word_1_205' title='bbox 339 1885 399 1940; x_wconf 87' lang='grc' dir='ltr'><strong>Β.</strong></span> <span class='ocrx_word' id='word_1_206' title='bbox 436 1883 562 1939; x_wconf 84' lang='lat' dir='ltr'><strong>Esto</strong></span> <span class='ocrx_word' id='word_1_207' title='bbox 592 1897 742 1947; x_wconf 79' lang='lat' dir='ltr'><strong>vero,</strong></span> <span class='ocrx_word' id='word_1_208' title='bbox 780 1879 1066 1949; x_wconf 87' lang='lat' dir='ltr'><strong>inquiunt:</strong></span> <span class='ocrx_word' id='word_1_209' title='bbox 1094 1886 1475 1931; x_wconf 70' lang='lat' dir='ltr'><strong>verumtamen</strong></span> <span class='ocrx_word' id='word_1_210' title='bbox 1513 1876 1648 1929; x_wconf 88' lang='lat' dir='ltr'><strong>citra</strong></span> <span class='ocrx_word' id='word_1_211' title='bbox 1678 1888 1843 1945; x_wconf 83' lang='lat' dir='ltr'><strong>gene·</strong></span> <span class='ocrx_word' id='word_1_212' title='bbox 1876 1848 1922 1902; x_wconf 75' lang='lat' dir='ltr'>B</span> <span class='ocrx_word' id='word_1_213' title='bbox 2024 1872 2083 1925; x_wconf 84' lang='lat'><strong>13.</strong></span> <span class='ocrx_word' id='word_1_214' title='bbox 2129 1872 2240 1926; x_wconf 79' lang='grc' dir='ltr'><strong>Καὶ</strong></span> <span class='ocrx_word' id='word_1_215' title='bbox 2292 1872 2434 1925; x_wconf 83' lang='grc' dir='ltr'>ἔστω</span> <span class='ocrx_word' id='word_1_216' title='bbox 2480 1871 2675 1937; x_wconf 85' lang='grc' dir='ltr'>ταῦτα,</span> <span class='ocrx_word' id='word_1_217' title='bbox 2711 1871 2867 1942; x_wconf 73' lang='grc' dir='ltr'>φησὶ,</span> <span class='ocrx_word' id='word_1_218' title='bbox 2914 1871 3056 1944; x_wconf 79' lang='grc' dir='ltr'>πλὴν</span> <span class='ocrx_word' id='word_1_219' title='bbox 3088 1870 3177 1936; x_wconf 83' lang='grc' dir='ltr'><strong>τδ,</strong></span> <span class='ocrx_word' id='word_1_220' title='bbox 3221 1871 3527 1943; x_wconf 74' lang='grc' dir='ltr'>ἀγεννήτυς</span> 
     </span>
    </p>
   </div>
   <div class='ocr_carea' id='block_1_15' title="bbox 249 1963 1842 2575">
    <p class='ocr_par' dir='ltr' id='par_1_16' title="bbox 249 1963 1842 2575">
     <span class='ocr_line' id='line_1_32' title="bbox 271 1963 1842 2040; baseline -0.008 -11"><span class='ocrx_word' id='word_1_221' title='bbox 271 1976 532 2030; x_wconf 85' lang='lat' dir='ltr'><strong>rationem</strong></span> <span class='ocrx_word' id='word_1_222' title='bbox 569 1987 713 2037; x_wconf 90' lang='lat' dir='ltr'><strong>esse,</strong></span> <span class='ocrx_word' id='word_1_223' title='bbox 743 1980 798 2025; x_wconf 88' lang='lat' dir='ltr'><strong>et</strong></span> <span class='ocrx_word' id='word_1_224' title='bbox 838 1984 934 2039; x_wconf 88' lang='lat' dir='ltr'><strong>per</strong></span> <span class='ocrx_word' id='word_1_225' title='bbox 963 1968 1390 2040; x_wconf 72' lang='lat' dir='ltr'><strong>generationem,</strong></span> <span class='ocrx_word' id='word_1_226' title='bbox 1425 1968 1564 2020; x_wconf 88' lang='lat' dir='ltr'><strong>inter</strong></span> <span class='ocrx_word' id='word_1_227' title='bbox 1595 1981 1654 2021; x_wconf 89' lang='lat' dir='ltr'><strong>se</strong></span> <span class='ocrx_word' id='word_1_228' title='bbox 1687 1963 1842 2019; x_wconf 79' lang='lat' dir='ltr'><strong>diffe-</strong></span> 
     </span>
     <span class='ocr_line' id='line_1_33' title="bbox 268 2056 1840 2136; baseline -0.01 -11"><span class='ocrx_word' id='word_1_229' title='bbox 268 2077 407 2135; x_wconf 89' lang='lat' dir='ltr'><strong>rent,</strong></span> <span class='ocrx_word' id='word_1_230' title='bbox 437 2080 611 2136; x_wconf 90' lang='lat' dir='ltr'><strong>neque</strong></span> <span class='ocrx_word' id='word_1_231' title='bbox 632 2064 771 2119; x_wconf 84' lang='lat' dir='ltr'><strong>idem</strong></span> <span class='ocrx_word' id='word_1_232' title='bbox 795 2077 917 2118; x_wconf 88' lang='lat' dir='ltr'><strong>esse</strong></span> <span class='ocrx_word' id='word_1_233' title='bbox 954 2056 1508 2116; x_wconf 80' lang='lat' dir='ltr'><strong>censebuntur.&#39;Nam</strong></span> <span class='ocrx_word' id='word_1_234' title='bbox 1541 2058 1584 2110; x_wconf 84' lang='lat' dir='ltr'><strong>si</strong></span> <span class='ocrx_word' id='word_1_235' title='bbox 1611 2056 1840 2112; x_wconf 80' lang='lat' dir='ltr'><strong>a‘lterum</strong></span> 
     </span>
     <span class='ocr_line' id='line_1_34' title="bbox 267 2147 1842 2222; baseline -0.01 -4"><span class='ocrx_word' id='word_1_236' title='bbox 267 2162 338 2218; x_wconf 79' lang='lat' dir='ltr'><strong>ab</strong></span> <span class='ocrx_word' id='word_1_237' title='bbox 361 2159 531 2215; x_wconf 89' lang='lat' dir='ltr'><strong>altero</strong></span> <span class='ocrx_word' id='word_1_238' title='bbox 561 2170 666 2211; x_wconf 93' lang='lat' dir='ltr'><strong>non</strong></span> <span class='ocrx_word' id='word_1_239' title='bbox 704 2151 906 2219; x_wconf 77' lang='lat' dir='ltr'><strong>differt,</strong></span> <span class='ocrx_word' id='word_1_240' title='bbox 935 2151 1030 2207; x_wconf 81' lang='lat' dir='ltr'><strong>se&#39;d</strong></span> <span class='ocrx_word' id='word_1_241' title='bbox 1059 2151 1199 2206; x_wconf 79' lang='lat' dir='ltr'><strong>idem</strong></span> <span class='ocrx_word' id='word_1_242' title='bbox 1230 2160 1517 2219; x_wconf 87' lang='lat' dir='ltr'><strong>utrumque</strong></span> <span class='ocrx_word' id='word_1_243' title='bbox 1537 2147 1697 2222; x_wconf 57' lang='lat' dir='ltr'><strong>Essl</strong></span> <span class='ocrx_word' id='word_1_244' title='bbox 1723 2162 1842 2203; x_wconf 89' lang='lat' dir='ltr'><strong>esse</strong></span> 
     </span>
     <span class='ocr_line' id='line_1_35' title="bbox 249 2239 1841 2313; baseline -0.011 -3"><span class='ocrx_word' id='word_1_245' title='bbox 249 2250 567 2313; x_wconf 75' lang='lat' dir='ltr'><strong>existimas,</strong></span> <span class='ocrx_word' id='word_1_246' title='bbox 605 2245 838 2301; x_wconf 83' lang='lat' dir='ltr'><strong>invicem</strong></span> <span class='ocrx_word' id='word_1_247' title='bbox 879 2241 1185 2313; x_wconf 85' lang='lat' dir='ltr'><strong>promiscue</strong></span> <span class='ocrx_word' id='word_1_248' title='bbox 1223 2239 1599 2304; x_wconf 78' lang='lat' dir='ltr'><strong>mutabuntur,</strong></span> <span class='ocrx_word' id='word_1_249' title='bbox 1627 2249 1682 2294; x_wconf 91' lang='lat' dir='ltr'><strong>et</strong></span> <span class='ocrx_word' id='word_1_250' title='bbox 1711 2252 1841 2308; x_wconf 87' lang='lat' dir='ltr'><strong>pro-</strong></span> 
     </span>
     <span class='ocr_line' id='line_1_36' title="bbox 268 2329 1840 2413; baseline -0.01 -15"><span class='ocrx_word' id='word_1_251' title='bbox 268 2344 466 2413; x_wconf 85' lang='lat' dir='ltr'><strong>prietas</strong></span> <span class='ocrx_word' id='word_1_252' title='bbox 489 2340 762 2394; x_wconf 78' lang='lat' dir='ltr'>nominum</span> <span class='ocrx_word' id='word_1_253' title='bbox 787 2333 1008 2406; x_wconf 78' lang='lat' dir='ltr'>perinde</span> <span class='ocrx_word' id='word_1_254' title='bbox 1040 2332 1150 2387; x_wconf 76' lang='lat' dir='ltr'><strong>‘erit</strong></span> <span class='ocrx_word' id='word_1_255' title='bbox 1179 2332 1355 2387; x_wconf 81' lang='lat' dir='ltr'><strong>Patris</strong></span> <span class='ocrx_word' id='word_1_256' title='bbox 1383 2345 1448 2386; x_wconf 76' lang='lat' dir='ltr'><strong>ae</strong></span> <span class='ocrx_word' id='word_1_257' title='bbox 1476 2329 1620 2396; x_wconf 85' lang='lat' dir='ltr'><strong>Filii,</strong></span> <span class='ocrx_word' id='word_1_258' title='bbox 1649 2342 1840 2400; x_wconf 85' lang='lat' dir='ltr'><strong>quem·</strong></span> 
     </span>
     <span class='ocr_line' id='line_1_37' title="bbox 267 2418 1842 2492; baseline -0.007 -9"><span class='ocrx_word' id='word_1_259' title='bbox 267 2428 554 2484; x_wconf 74' lang='lat' dir='ltr'><strong>admodum</strong></span> <span class='ocrx_word' id='word_1_260' title='bbox 582 2423 807 2491; x_wconf 87' lang='lat' dir='ltr'><strong>etillud,</strong></span> <span class='ocrx_word' id='word_1_261' title='bbox 843 2420 1285 2492; x_wconf 85' lang='lat' dir='ltr'><strong>incorruptibilis,</strong></span> <span class='ocrx_word' id='word_1_262' title='bbox 1336 2429 1392 2477; x_wconf 89' lang='lat' dir='ltr'><strong>et</strong></span> <span class='ocrx_word' id='word_1_263' title='bbox 1449 2418 1756 2486; x_wconf 77' lang='lat' dir='ltr'><strong>invisibilis,</strong></span> <span class='ocrx_word' id='word_1_264' title='bbox 1788 2426 1842 2473; x_wconf 89' lang='lat' dir='ltr'><strong>et</strong></span> 
     </span>
     <span class='ocr_line' id='line_1_38' title="bbox 267 2527 484 2575; baseline 0.005 -1"><span class='ocrx_word' id='word_1_265' title='bbox 267 2527 484 2575; x_wconf 69' lang='lat' dir='ltr'><strong>caetera.</strong></span> 
     </span>
    </p>
   </div>
   <div class='ocr_carea' id='block_1_16' title="bbox 265 2620 1863 3154">
    <p class='ocr_par' dir='ltr' id='par_1_17' title="bbox 265 2620 1863 3154">
     <span class='ocr_line' id='line_1_39' title="bbox 335 2620 1840 2692; baseline -0.006 -8"><span class='ocrx_word' id='word_1_266' title='bbox 335 2630 401 2684; x_wconf 81' lang='lat' dir='ltr'><strong>A.</strong></span> <span class='ocrx_word' id='word_1_267' title='bbox 441 2624 803 2681; x_wconf 81' lang='lat' dir='ltr'><strong>Indubitatum</strong></span> <span class='ocrx_word' id='word_1_268' title='bbox 830 2623 1032 2692; x_wconf 82' lang='lat' dir='ltr'><strong>utique</strong></span> <span class='ocrx_word' id='word_1_269' title='bbox 1071 2632 1125 2677; x_wconf 87' lang='lat' dir='ltr'><strong>et</strong></span> <span class='ocrx_word' id='word_1_270' title='bbox 1178 2622 1230 2676; x_wconf 92' lang='lat' dir='ltr'><strong>in</strong></span> <span class='ocrx_word' id='word_1_271' title='bbox 1277 2621 1528 2677; x_wconf 77' lang='lat' dir='ltr'><strong>confesso</strong></span> <span class='ocrx_word' id='word_1_272' title='bbox 1573 2630 1658 2675; x_wconf 91' lang='lat' dir='ltr'><strong>est</strong></span> <span class='ocrx_word' id='word_1_273' title='bbox 1699 2620 1840 2691; x_wconf 81' lang='lat' dir='ltr'><strong>apud</strong></span> 
     </span>
     <span class='ocr_line' id='line_1_40' title="bbox 265 2713 1837 2786; baseline -0.005 -11"><span class='ocrx_word' id='word_1_274' title='bbox 265 2736 474 2786; x_wconf 79' lang='lat' dir='ltr'><strong>omneS‚</strong></span> <span class='ocrx_word' id='word_1_275' title='bbox 501 2720 770 2773; x_wconf 85' lang='lat' dir='ltr'><strong>diversum</strong></span> <span class='ocrx_word' id='word_1_276' title='bbox 799 2730 919 2771; x_wconf 87' lang='lat' dir='ltr'><strong>esse</strong></span> <span class='ocrx_word' id='word_1_277' title='bbox 945 2717 1083 2771; x_wconf 88' lang='lat' dir='ltr'><strong>eitra</strong></span> <span class='ocrx_word' id='word_1_278' title='bbox 1117 2716 1519 2785; x_wconf 72' lang='lat' dir='ltr'><strong>generationem</strong></span> <span class='ocrx_word' id='word_1_279' title='bbox 1555 2713 1837 2777; x_wconf 77' lang='lat' dir='ltr'><strong>exsistere,</strong></span> 
     </span>
     <span class='ocr_line' id='line_1_41' title="bbox 266 2802 1840 2879; baseline -0.004 -14"><span class='ocrx_word' id='word_1_280' title='bbox 266 2812 334 2866; x_wconf 79' lang='lat' dir='ltr'><strong>ab</strong></span> <span class='ocrx_word' id='word_1_281' title='bbox 371 2825 437 2865; x_wconf 90' lang='lat' dir='ltr'><strong>eo</strong></span> <span class='ocrx_word' id='word_1_282' title='bbox 466 2812 612 2879; x_wconf 85' lang='lat' dir='ltr'><strong>&#39;quod</strong></span> <span class='ocrx_word' id='word_1_283' title='bbox 645 2823 743 2877; x_wconf 86' lang='lat' dir='ltr'><strong>per</strong></span> <span class='ocrx_word' id='word_1_284' title='bbox 781 2807 1192 2877; x_wconf 73' lang='lat' dir='ltr'><strong>generationem</strong></span> <span class='ocrx_word' id='word_1_285' title='bbox 1229 2816 1311 2861; x_wconf 89' lang='lat' dir='ltr'><strong>est</strong></span> <span class='ocrx_word' id='word_1_286' title='bbox 1341 2825 1354 2861; x_wconf 92' lang='lat'><strong>:</strong></span> <span class='ocrx_word' id='word_1_287' title='bbox 1385 2806 1517 2860; x_wconf 84' lang='lat' dir='ltr'><strong>recti</strong></span> <span class='ocrx_word' id='word_1_288' title='bbox 1569 2802 1712 2859; x_wconf 82' lang='lat' dir='ltr'><strong>enim</strong></span> <span class='ocrx_word' id='word_1_289' title='bbox 1750 2820 1840 2859; x_wconf 81' lang='lat' dir='ltr'><strong>re-</strong></span> 
     </span>
     <span class='ocr_line' id='line_1_42' title="bbox 266 2896 1839 2971; baseline -0.003 -17"><span class='ocrx_word' id='word_1_290' title='bbox 266 2904 419 2971; x_wconf 81' lang='lat' dir='ltr'><strong>rique</strong></span> <span class='ocrx_word' id='word_1_291' title='bbox 445 2901 687 2956; x_wconf 82' lang='lat' dir='ltr'><strong>ordinem</strong></span> <span class='ocrx_word' id='word_1_292' title='bbox 712 2914 819 2954; x_wconf 92' lang='lat' dir='ltr'><strong>non</strong></span> <span class='ocrx_word' id='word_1_293' title='bbox 845 2908 1237 2967; x_wconf 84' lang='lat' dir='ltr'><strong>pervertemus.</strong></span> <span class='ocrx_word' id='word_1_294' title='bbox 1268 2896 1648 2950; x_wconf 71' lang='lat' dir='ltr'><strong>Verumtamen</strong></span> <span class='ocrx_word' id='word_1_295' title='bbox 1677 2898 1727 2949; x_wconf 93' lang='lat' dir='ltr'><strong>in</strong></span> <span class='ocrx_word' id='word_1_296' title='bbox 1755 2896 1839 2950; x_wconf 83' lang='lat' dir='ltr'><strong>his</strong></span> 
     </span>
     <span class='ocr_line' id='line_1_43' title="bbox 271 2986 1863 3055; baseline -0.003 -10"><span class='ocrx_word' id='word_1_297' title='bbox 271 2992 545 3047; x_wconf 87' lang='lat' dir='ltr'><strong>nominum</strong></span> <span class='ocrx_word' id='word_1_298' title='bbox 591 2989 888 3044; x_wconf 77' lang='lat' dir='ltr'><strong>differentia</strong></span> <span class='ocrx_word' id='word_1_299' title='bbox 934 3004 1040 3043; x_wconf 89' lang='lat' dir='ltr'><strong>non</strong></span> <span class='ocrx_word' id='word_1_300' title='bbox 1076 2989 1254 3043; x_wconf 81' lang='lat' dir='ltr'><strong>innuit</strong></span> <span class='ocrx_word' id='word_1_301' title='bbox 1303 2989 1677 3042; x_wconf 74' lang='lat' dir='ltr'><strong>diversitatem</strong></span> <span class='ocrx_word' id='word_1_302' title='bbox 1719 2986 1863 3055; x_wconf 57' lang='lat' dir='ltr'><strong>Dei„</strong></span> 
     </span>
     <span class='ocr_line' id='line_1_44' title="bbox 265 3078 1835 3154; baseline -0.003 -16"><span class='ocrx_word' id='word_1_303' title='bbox 265 3087 321 3138; x_wconf 87' lang='lat' dir='ltr'><strong>in</strong></span> <span class='ocrx_word' id='word_1_304' title='bbox 349 3093 611 3154; x_wconf 87' lang='lat' dir='ltr'><strong>quantum</strong></span> <span class='ocrx_word' id='word_1_305' title='bbox 640 3081 752 3147; x_wconf 87' lang='lat' dir='ltr'><strong>Dei,</strong></span> <span class='ocrx_word' id='word_1_306' title='bbox 778 3082 872 3134; x_wconf 87' lang='lat' dir='ltr'><strong>sed</strong></span> <span class='ocrx_word' id='word_1_307' title='bbox 895 3078 1165 3148; x_wconf 77' lang='lat' dir='ltr'><strong>significat</strong></span> <span class='ocrx_word' id='word_1_308' title='bbox 1187 3080 1358 3134; x_wconf 83' lang='lat' dir='ltr'><strong>sulum</strong></span> <span class='ocrx_word' id='word_1_309' title='bbox 1381 3080 1540 3134; x_wconf 82' lang='lat' dir='ltr'><strong>talem</strong></span> <span class='ocrx_word' id='word_1_310' title='bbox 1565 3096 1668 3135; x_wconf 91' lang='lat' dir='ltr'><strong>non</strong></span> <span class='ocrx_word' id='word_1_311' title='bbox 1693 3095 1835 3148; x_wconf 91' lang='lat' dir='ltr'><strong>esse,</strong></span> 
     </span>
    </p>
   </div>
   <div class='ocr_carea' id='block_1_17' title="bbox 1949 1958 3528 2491">
    <p class='ocr_par' dir='ltr' id='par_1_18' title="bbox 1949 1958 3528 2491">
     <span class='ocr_line' id='line_1_45' title="bbox 1952 1958 3528 2035; baseline 0.002 -20"><span class='ocrx_word' id='word_1_312' title='bbox 1952 1958 2091 2017; x_wconf 78' lang='grc' dir='ltr'>εἶναι</span> <span class='ocrx_word' id='word_1_313' title='bbox 2120 1962 2271 2035; x_wconf 70' lang='grc' dir='ltr'>παρὰ</span> <span class='ocrx_word' id='word_1_314' title='bbox 2294 1963 2357 2017; x_wconf 81' lang='grc' dir='ltr'><strong>τὸ</strong></span> <span class='ocrx_word' id='word_1_315' title='bbox 2384 1962 2678 2034; x_wconf 86' lang='grc' dir='ltr'>γεννητῶς,</span> <span class='ocrx_word' id='word_1_316' title='bbox 2703 1963 2958 2035; x_wconf 83' lang='grc' dir='ltr'>ἐτεροίως</span> <span class='ocrx_word' id='word_1_317' title='bbox 2979 1962 3113 2030; x_wconf 72' lang='grc' dir='ltr'>ἔξει,</span> <span class='ocrx_word' id='word_1_318' title='bbox 3140 1963 3241 2017; x_wconf 73' lang='grc' dir='ltr'><strong>καὶ</strong></span> <span class='ocrx_word' id='word_1_319' title='bbox 3264 1964 3329 2018; x_wconf 81' lang='grc' dir='ltr'><strong>οὗ</strong></span> <span class='ocrx_word' id='word_1_320' title='bbox 3347 1963 3528 2019; x_wconf 65' lang='grc' dir='ltr'>ταύτὸν</span> 
     </span>
     <span class='ocr_line' id='line_1_46' title="bbox 1951 2054 3527 2129; baseline 0.002 -21"><span class='ocrx_word' id='word_1_321' title='bbox 1951 2055 2015 2108; x_wconf 83' lang='grc' dir='ltr'><strong>ἂν</strong></span> <span class='ocrx_word' id='word_1_322' title='bbox 2046 2056 2238 2112; x_wconf 80' lang='grc' dir='ltr'>νοοῖτο.</span> <span class='ocrx_word' id='word_1_323' title='bbox 2270 2056 2332 2108; x_wconf 80' lang='grc' dir='ltr'><strong>Εἰ</strong></span> <span class='ocrx_word' id='word_1_324' title='bbox 2366 2054 2476 2129; x_wconf 75' lang='grc' dir='ltr'><strong>γὰρ</strong></span> <span class='ocrx_word' id='word_1_325' title='bbox 2510 2056 2585 2127; x_wconf 78' lang='grc' dir='ltr'>μὴ</span> <span class='ocrx_word' id='word_1_326' title='bbox 2616 2056 2801 2128; x_wconf 77' lang='grc' dir='ltr'>ἔτερόν</span> <span class='ocrx_word' id='word_1_327' title='bbox 2834 2058 2949 2109; x_wconf 78' lang='grc' dir='ltr'>ἐστι</span> <span class='ocrx_word' id='word_1_328' title='bbox 2979 2056 3077 2111; x_wconf 74' lang='grc' dir='ltr'><strong>καὶ</strong></span> <span class='ocrx_word' id='word_1_329' title='bbox 3116 2054 3332 2128; x_wconf 70' lang='grc' dir='ltr'>ἕτερον,</span> <span class='ocrx_word' id='word_1_330' title='bbox 3356 2055 3527 2111; x_wconf 63' lang='lat' dir='ltr'><strong>etet&amp;</strong></span> 
     </span>
     <span class='ocr_line' id='line_1_47' title="bbox 1950 2139 3526 2217; baseline 0.001 -22"><span class='ocrx_word' id='word_1_331' title='bbox 1950 2139 2088 2197; x_wconf 75' lang='grc' dir='ltr'>εἶναι</span> <span class='ocrx_word' id='word_1_332' title='bbox 2125 2142 2342 2209; x_wconf 83' lang='grc' dir='ltr'>ταύτδν,</span> <span class='ocrx_word' id='word_1_333' title='bbox 2389 2144 2637 2217; x_wconf 83' lang='grc' dir='ltr'>χωρείτω</span> <span class='ocrx_word' id='word_1_334' title='bbox 2666 2144 2829 2199; x_wconf 81' lang='grc' dir='ltr'>πάλιν</span> <span class='ocrx_word' id='word_1_335' title='bbox 2866 2146 2954 2197; x_wconf 72' lang='grc' dir='ltr'><strong>ἐπ’</strong></span> <span class='ocrx_word' id='word_1_336' title='bbox 2982 2146 3193 2215; x_wconf 77' lang='grc' dir='ltr'>ἀμφοῖν</span> <span class='ocrx_word' id='word_1_337' title='bbox 3221 2144 3526 2216; x_wconf 73' lang='grc' dir='ltr'>ἀδιάκριτος</span> 
     </span>
     <span class='ocr_line' id='line_1_48' title="bbox 1950 2234 3526 2309; baseline 0.002 -21"><span class='ocrx_word' id='word_1_338' title='bbox 1950 2236 1984 2306; x_wconf 80' lang='grc' dir='ltr'>ἡ</span> <span class='ocrx_word' id='word_1_339' title='bbox 2026 2234 2319 2306; x_wconf 70' lang='grc' dir='ltr'>μεταῦολὴ,</span> <span class='ocrx_word' id='word_1_340' title='bbox 2367 2236 2461 2289; x_wconf 81' lang='grc' dir='ltr'><strong>καὶ</strong></span> <span class='ocrx_word' id='word_1_341' title='bbox 2489 2238 2523 2308; x_wconf 78' lang='grc' dir='ltr'>ἡ</span> <span class='ocrx_word' id='word_1_342' title='bbox 2552 2236 2662 2290; x_wconf 84' lang='grc' dir='ltr'><strong>τῶν</strong></span> <span class='ocrx_word' id='word_1_343' title='bbox 2715 2237 2997 2307; x_wconf 83' lang='grc' dir='ltr'>ὀνομάτων</span> <span class='ocrx_word' id='word_1_344' title='bbox 3056 2236 3289 2309; x_wconf 69' lang='grc' dir='ltr'>ἰδιότης,</span> <span class='ocrx_word' id='word_1_345' title='bbox 3336 2236 3526 2307; x_wconf 75' lang='grc' dir='ltr'>ὁμοίαις</span> 
     </span>
     <span class='ocr_line' id='line_1_49' title="bbox 1949 2325 3522 2399; baseline 0.002 -20"><span class='ocrx_word' id='word_1_346' title='bbox 1949 2327 2091 2380; x_wconf 82' lang='grc' dir='ltr'>ἔστω</span> <span class='ocrx_word' id='word_1_347' title='bbox 2121 2325 2217 2381; x_wconf 90' lang='grc' dir='ltr'><strong>τοῦ</strong></span> <span class='ocrx_word' id='word_1_348' title='bbox 2247 2326 2462 2399; x_wconf 84' lang='grc' dir='ltr'>Πατρὸς</span> <span class='ocrx_word' id='word_1_349' title='bbox 2483 2327 2576 2382; x_wconf 75' lang='grc' dir='ltr'><strong>καὶ</strong></span> <span class='ocrx_word' id='word_1_350' title='bbox 2609 2327 2704 2381; x_wconf 88' lang='grc' dir='ltr'><strong>τοῦ</strong></span> <span class='ocrx_word' id='word_1_351' title='bbox 2740 2326 2890 2394; x_wconf 86' lang='grc' dir='ltr'>Υίοῦ,</span> <span class='ocrx_word' id='word_1_352' title='bbox 2927 2326 3074 2383; x_wconf 73' lang='grc' dir='ltr'>καθὰ</span> <span class='ocrx_word' id='word_1_353' title='bbox 3116 2329 3215 2383; x_wconf 72' lang='grc' dir='ltr'><strong>καὶ</strong></span> <span class='ocrx_word' id='word_1_354' title='bbox 3241 2327 3306 2383; x_wconf 69' lang='grc' dir='ltr'><strong>τὸ</strong></span> <span class='ocrx_word' id='word_1_355' title='bbox 3333 2327 3522 2399; x_wconf 68' lang='grc' dir='ltr'>ἄφθαρ-</span> 
     </span>
     <span class='ocr_line' id='line_1_50' title="bbox 1949 2414 2864 2491; baseline 0.004 -21"><span class='ocrx_word' id='word_1_356' title='bbox 1949 2435 2038 2481; x_wconf 88' lang='grc' dir='ltr'><strong>τος</strong></span> <span class='ocrx_word' id='word_1_357' title='bbox 2066 2414 2162 2473; x_wconf 71' lang='grc' dir='ltr'><strong>καὶ</strong></span> <span class='ocrx_word' id='word_1_358' title='bbox 2187 2418 2439 2491; x_wconf 79' lang='grc' dir='ltr'>ἀόρατος,</span> <span class='ocrx_word' id='word_1_359' title='bbox 2464 2420 2557 2473; x_wconf 77' lang='grc' dir='ltr'><strong>καὶ</strong></span> <span class='ocrx_word' id='word_1_360' title='bbox 2584 2420 2653 2473; x_wconf 76' lang='grc' dir='ltr'><strong>τὰ</strong></span> <span class='ocrx_word' id='word_1_361' title='bbox 2681 2419 2864 2475; x_wconf 87' lang='grc' dir='ltr'>λοιπά.</span> 
     </span>
    </p>
   </div>
   <div class='ocr_carea' id='block_1_18' title="bbox 1946 2618 3521 3156">
    <p class='ocr_par' dir='ltr' id='par_1_19' title="bbox 1946 2618 3521 3156">
     <span class='ocr_line' id='line_1_51' title="bbox 2017 2618 3494 2694; baseline 0.007 -24"><span class='ocrx_word' id='word_1_362' title='bbox 2017 2620 2080 2670; x_wconf 82' lang='grc' dir='ltr'><strong>Α.</strong></span> <span class='ocrx_word' id='word_1_363' title='bbox 2124 2618 2349 2690; x_wconf 85' lang='grc' dir='ltr'>Ἕτερον</span> <span class='ocrx_word' id='word_1_364' title='bbox 2390 2620 2576 2691; x_wconf 82' lang='grc' dir='ltr'>μέντοι</span> <span class='ocrx_word' id='word_1_365' title='bbox 2610 2620 2672 2674; x_wconf 81' lang='grc' dir='ltr'><strong>τὸ</strong></span> <span class='ocrx_word' id='word_1_366' title='bbox 2718 2621 3036 2693; x_wconf 76' lang='grc' dir='ltr'>ἀγεννὴτως</span> <span class='ocrx_word' id='word_1_367' title='bbox 3073 2618 3210 2678; x_wconf 74' lang='grc' dir='ltr'>εἶναι</span> <span class='ocrx_word' id='word_1_368' title='bbox 3262 2621 3398 2694; x_wconf 65' lang='grc' dir='ltr'>παρὰ</span> <span class='ocrx_word' id='word_1_369' title='bbox 3439 2622 3494 2673; x_wconf 78' lang='grc' dir='ltr'>τὸ</span> 
     </span>
     <span class='ocr_line' id='line_1_52' title="bbox 1948 2696 3501 2786; baseline 0.003 -24"><span class='ocrx_word' id='word_1_370' title='bbox 1948 2709 2221 2781; x_wconf 84' lang='grc' dir='ltr'>γεννητῶς</span> <span class='ocrx_word' id='word_1_371' title='bbox 2250 2712 2645 2777; x_wconf 86' lang='grc' dir='ltr'>ἀνενδοιάστως</span> <span class='ocrx_word' id='word_1_372' title='bbox 2670 2712 2765 2767; x_wconf 77' lang='grc' dir='ltr'><strong>καὶ</strong></span> <span class='ocrx_word' id='word_1_373' title='bbox 2795 2715 3271 2785; x_wconf 64' lang='grc' dir='ltr'>ὁμολογουμένως·</span> <span class='ocrx_word' id='word_1_374' title='bbox 3290 2714 3383 2786; x_wconf 70' lang='grc' dir='ltr'><strong>τὴν</strong></span> <span class='ocrx_word' id='word_1_375' title='bbox 3399 2696 3501 2784; x_wconf 61' lang='grc' dir='ltr'><strong>γαρ</strong></span> 
     </span>
     <span class='ocr_line' id='line_1_53' title="bbox 1946 2800 3514 2879; baseline 0.004 -25"><span class='ocrx_word' id='word_1_376' title='bbox 1946 2800 2041 2854; x_wconf 83' lang='grc' dir='ltr'><strong>τοῦ</strong></span> <span class='ocrx_word' id='word_1_377' title='bbox 2070 2801 2374 2873; x_wconf 72' lang='grc' dir='ltr'>πρέποντάς</span> <span class='ocrx_word' id='word_1_378' title='bbox 2396 2821 2456 2857; x_wconf 82' lang='grc' dir='ltr'><strong>τε</strong></span> <span class='ocrx_word' id='word_1_379' title='bbox 2488 2805 2583 2859; x_wconf 70' lang='grc' dir='ltr'><strong>καὶ</strong></span> <span class='ocrx_word' id='word_1_380' title='bbox 2605 2804 2837 2877; x_wconf 82' lang='grc' dir='ltr'>ἀληθοῦς</span> <span class='ocrx_word' id='word_1_381' title='bbox 2862 2804 3019 2871; x_wconf 83' lang='grc' dir='ltr'>τάξιν</span> <span class='ocrx_word' id='word_1_382' title='bbox 3039 2808 3108 2861; x_wconf 86' lang='grc' dir='ltr'><strong>ού</strong></span> <span class='ocrx_word' id='word_1_383' title='bbox 3130 2806 3514 2879; x_wconf 77' lang='grc' dir='ltr'>πσραλύσομεν.</span> 
     </span>
     <span class='ocr_line' id='line_1_54' title="bbox 1950 2892 3518 2973; baseline 0.006 -28"><span class='ocrx_word' id='word_1_384' title='bbox 1950 2892 2094 2963; x_wconf 81' lang='grc' dir='ltr'>Πλὴν</span> <span class='ocrx_word' id='word_1_385' title='bbox 2122 2892 2181 2948; x_wconf 81' lang='grc' dir='ltr'><strong>ἔν</strong></span> <span class='ocrx_word' id='word_1_386' title='bbox 2214 2911 2280 2962; x_wconf 88' lang='grc' dir='ltr'><strong>γε</strong></span> <span class='ocrx_word' id='word_1_387' title='bbox 2310 2897 2423 2958; x_wconf 82' lang='grc' dir='ltr'>τοῖς</span> <span class='ocrx_word' id='word_1_388' title='bbox 2452 2897 2717 2962; x_wconf 80' lang='grc' dir='ltr'>τοιούτοις</span> <span class='ocrx_word' id='word_1_389' title='bbox 2742 2899 2776 2969; x_wconf 84' lang='grc' dir='ltr'><strong>ἡ</strong></span> <span class='ocrx_word' id='word_1_390' title='bbox 2826 2898 2930 2951; x_wconf 80' lang='grc' dir='ltr'><strong>τῶν</strong></span> <span class='ocrx_word' id='word_1_391' title='bbox 2965 2899 3259 2971; x_wconf 78' lang='grc' dir='ltr'>ὀνομάτων</span> <span class='ocrx_word' id='word_1_392' title='bbox 3286 2897 3518 2973; x_wconf 66' lang='grc' dir='ltr'>διαφορὰ,</span> 
     </span>
     <span class='ocr_line' id='line_1_55' title="bbox 1946 2984 3518 3064; baseline 0.004 -29"><span class='ocrx_word' id='word_1_393' title='bbox 1946 2984 2044 3054; x_wconf 86' lang='grc' dir='ltr'><strong>ούχ</strong></span> <span class='ocrx_word' id='word_1_394' title='bbox 2064 2984 2364 3056; x_wconf 70' lang='grc' dir='ltr'>ἑτερότητα</span> <span class='ocrx_word' id='word_1_395' title='bbox 2397 2986 2472 3050; x_wconf 84' lang='grc' dir='ltr'><strong>ὡς</strong></span> <span class='ocrx_word' id='word_1_396' title='bbox 2495 2987 2653 3055; x_wconf 86' lang='grc' dir='ltr'>Θεοῦ,</span> <span class='ocrx_word' id='word_1_397' title='bbox 2688 2988 2821 3042; x_wconf 77' lang='grc' dir='ltr'>καθὸ</span> <span class='ocrx_word' id='word_1_398' title='bbox 2853 2988 3014 3057; x_wconf 86' lang='grc' dir='ltr'>Θεοῦ,</span> <span class='ocrx_word' id='word_1_399' title='bbox 3045 2990 3421 3064; x_wconf 65' lang='grc' dir='ltr'>ὑπεμφήνειεν</span> <span class='ocrx_word' id='word_1_400' title='bbox 3441 2988 3518 3057; x_wconf 72' lang='grc' dir='ltr'><strong>ἂν,</strong></span> 
     </span>
     <span class='ocr_line' id='line_1_56' title="bbox 1949 3074 3521 3156; baseline 0.008 -29"><span class='ocrx_word' id='word_1_401' title='bbox 1949 3075 2207 3147; x_wconf 81' lang='grc' dir='ltr'>σημαίνει</span> <span class='ocrx_word' id='word_1_402' title='bbox 2234 3074 2291 3131; x_wconf 69' lang='grc' dir='ltr'><strong>δὲ</strong></span> <span class='ocrx_word' id='word_1_403' title='bbox 2324 3079 2507 3148; x_wconf 86' lang='grc' dir='ltr'>μόνον,</span> <span class='ocrx_word' id='word_1_404' title='bbox 2530 3081 2611 3134; x_wconf 82' lang='grc' dir='ltr'><strong>ὅτι</strong></span> <span class='ocrx_word' id='word_1_405' title='bbox 2643 3081 2719 3152; x_wconf 84' lang='grc' dir='ltr'>μὴ</span> <span class='ocrx_word' id='word_1_406' title='bbox 2747 3082 2957 3136; x_wconf 85' lang='grc' dir='ltr'>τοιόσδε</span> <span class='ocrx_word' id='word_1_407' title='bbox 2990 3084 3137 3156; x_wconf 53' lang='grc' dir='ltr'>ἐστι,</span> <span class='ocrx_word' id='word_1_408' title='bbox 3164 3083 3434 3151; x_wconf 76' lang='grc' dir='ltr'>τουτέστι,</span> <span class='ocrx_word' id='word_1_409' title='bbox 3455 3083 3521 3156; x_wconf 68' lang='grc' dir='ltr'><strong>μὴ</strong></span> 
     </span>
    </p>
   </div>
   <div class='ocr_carea' id='block_1_19' title="bbox 267 3169 3521 3254">
    <p class='ocr_par' dir='ltr' id='par_1_20' title="bbox 267 3169 3521 3257">
     <span class='ocr_line' id='line_1_57' title="bbox 267 3169 3521 3254; baseline 0.003 -26"><span class='ocrx_word' id='word_1_410' title='bbox 267 3176 367 3228; x_wconf 80' lang='grc' dir='ltr'><strong>Ιιοο</strong></span> <span class='ocrx_word' id='word_1_411' title='bbox 397 3182 499 3239; x_wconf 88' lang='lat' dir='ltr'><strong>est,</strong></span> <span class='ocrx_word' id='word_1_412' title='bbox 541 3186 647 3226; x_wconf 91' lang='lat' dir='ltr'><strong>non</strong></span> <span class='ocrx_word' id='word_1_413' title='bbox 681 3172 941 3242; x_wconf 82' lang='lat' dir='ltr'><strong>genitum.</strong></span> <span class='ocrx_word' id='word_1_414' title='bbox 990 3171 1130 3239; x_wconf 86' lang='lat' dir='ltr'><strong>Quid</strong></span> <span class='ocrx_word' id='word_1_415' title='bbox 1165 3171 1329 3243; x_wconf 75' lang='lat' dir='ltr'><strong>igitur</strong></span> <span class='ocrx_word' id='word_1_416' title='bbox 1363 3174 1428 3226; x_wconf 86' lang='lat' dir='ltr'><strong>ad</strong></span> <span class='ocrx_word' id='word_1_417' title='bbox 1478 3171 1580 3226; x_wconf 85' lang='lat' dir='ltr'><strong>hoc</strong></span> <span class='ocrx_word' id='word_1_418' title='bbox 1615 3188 1837 3243; x_wconf 83' lang='lat' dir='ltr'><strong>respon·</strong></span> <span class='ocrx_word' id='word_1_419' title='bbox 1867 3195 1911 3254; x_wconf 75' lang='lat' dir='ltr'><strong>c</strong></span> <span class='ocrx_word' id='word_1_420' title='bbox 1946 3169 2361 3239; x_wconf 72' lang='grc' dir='ltr'>γεγεννημένος.</span> <span class='ocrx_word' id='word_1_421' title='bbox 2389 3171 2454 3224; x_wconf 81' lang='grc' dir='ltr'><strong>Τί</strong></span> <span class='ocrx_word' id='word_1_422' title='bbox 2497 3171 2562 3243; x_wconf 79' lang='grc' dir='ltr'><strong>δὴ</strong></span> <span class='ocrx_word' id='word_1_423' title='bbox 2587 3173 2717 3240; x_wconf 81' lang='grc' dir='ltr'>γοῦν</span> <span class='ocrx_word' id='word_1_424' title='bbox 2754 3176 2862 3246; x_wconf 78' lang='grc' dir='ltr'>ἄρα</span> <span class='ocrx_word' id='word_1_425' title='bbox 2903 3174 3043 3247; x_wconf 77' lang='grc' dir='ltr'>πρὸς</span> <span class='ocrx_word' id='word_1_426' title='bbox 3091 3173 3260 3231; x_wconf 73' lang='grc' dir='ltr'>τοῦτό</span> <span class='ocrx_word' id='word_1_427' title='bbox 3283 3193 3444 3248; x_wconf 68' lang='grc' dir='ltr'>φασιν</span> <span class='ocrx_word' id='word_1_428' title='bbox 3475 3174 3521 3231; x_wconf 65' lang='grc' dir='ltr'><strong>«Ι</strong></span> 
     </span>
    </p>
   </div>
   <div class='ocr_carea' id='block_1_20' title="bbox 263 3261 1839 3514">
    <p class='ocr_par' dir='ltr' id='par_1_21' title="bbox 263 3261 1839 3514">
     <span class='ocr_line' id='line_1_58' title="bbox 264 3261 1837 3333; baseline -0.003 -14"><span class='ocrx_word' id='word_1_429' title='bbox 264 3265 464 3319; x_wconf 85' lang='lat' dir='ltr'><strong>debunt</strong></span> <span class='ocrx_word' id='word_1_430' title='bbox 491 3264 581 3333; x_wconf 84' lang='lat' dir='ltr'><strong>qni</strong></span> <span class='ocrx_word' id='word_1_431' title='bbox 615 3263 798 3317; x_wconf 85' lang='lat' dir='ltr'><strong>omnia</strong></span> <span class='ocrx_word' id='word_1_432' title='bbox 838 3263 1000 3317; x_wconf 91' lang='lat' dir='ltr'><strong>simul</strong></span> <span class='ocrx_word' id='word_1_433' title='bbox 1026 3261 1361 3317; x_wconf 75' lang='lat' dir='ltr'><strong>confundunt</strong></span> <span class='ocrx_word' id='word_1_434' title='bbox 1393 3278 1457 3317; x_wconf 88' lang='lat' dir='ltr'><strong>ae</strong></span> <span class='ocrx_word' id='word_1_435' title='bbox 1488 3264 1837 3332; x_wconf 80' lang='lat' dir='ltr'><strong>permiscent,</strong></span> 
     </span>
     <span class='ocr_line' id='line_1_59' title="bbox 265 3352 1839 3424; baseline 0.001 -17"><span class='ocrx_word' id='word_1_436' title='bbox 265 3356 511 3424; x_wconf 80' lang='lat' dir='ltr'><strong>quamvis</strong></span> <span class='ocrx_word' id='word_1_437' title='bbox 549 3355 662 3409; x_wconf 80' lang='lat' dir='ltr'><strong>ltaec</strong></span> <span class='ocrx_word' id='word_1_438' title='bbox 695 3352 966 3409; x_wconf 82' lang='lat' dir='ltr'><strong>subtiliter</strong></span> <span class='ocrx_word' id='word_1_439' title='bbox 989 3363 1039 3406; x_wconf 91' lang='lat' dir='ltr'><strong>et</strong></span> <span class='ocrx_word' id='word_1_440' title='bbox 1079 3363 1237 3408; x_wconf 87' lang='lat' dir='ltr'><strong>acute</strong></span> <span class='ocrx_word' id='word_1_441' title='bbox 1268 3354 1618 3423; x_wconf 80' lang='lat' dir='ltr'><strong>perspiciant,</strong></span> <span class='ocrx_word' id='word_1_442' title='bbox 1649 3369 1839 3424; x_wconf 85' lang='lat' dir='ltr'><strong>supcr-</strong></span> 
     </span>
     <span class='ocr_line' id='line_1_60' title="bbox 263 3443 1066 3514; baseline -0.001 -16"><span class='ocrx_word' id='word_1_443' title='bbox 263 3448 434 3502; x_wconf 77' lang='lat' dir='ltr'><strong>rilinsi</strong></span> <span class='ocrx_word' id='word_1_444' title='bbox 463 3444 780 3514; x_wconf 85' lang='lat' dir='ltr'><strong>cumprimis</strong></span> <span class='ocrx_word' id='word_1_445' title='bbox 819 3453 874 3499; x_wconf 86' lang='lat' dir='ltr'><strong>et</strong></span> <span class='ocrx_word' id='word_1_446' title='bbox 900 3443 1066 3499; x_wconf 81' lang='lat' dir='ltr'><strong>elati?</strong></span> 
     </span>
    </p>
   </div>
   <div class='ocr_carea' id='block_1_21' title="bbox 334 3555 1588 3626">
    <p class='ocr_par' dir='ltr' id='par_1_22' title="bbox 334 3555 1588 3626">
     <span class='ocr_line' id='line_1_61' title="bbox 334 3555 1588 3626; baseline 0.001 -14"><span class='ocrx_word' id='word_1_447' title='bbox 334 3559 396 3612; x_wconf 91' lang='lat' dir='ltr'><strong>B.</strong></span> <span class='ocrx_word' id='word_1_448' title='bbox 447 3556 659 3610; x_wconf 75' lang='lat' dir='ltr'><strong>Accidit</strong></span> <span class='ocrx_word' id='word_1_449' title='bbox 689 3571 817 3626; x_wconf 83' lang='lat' dir='ltr'><strong>ergo</strong></span> <span class='ocrx_word' id='word_1_450' title='bbox 850 3556 958 3611; x_wconf 88' lang='lat' dir='ltr'><strong>Deo</strong></span> <span class='ocrx_word' id='word_1_451' title='bbox 994 3571 1058 3609; x_wconf 84' lang='lat' dir='ltr'><strong>ae</strong></span> <span class='ocrx_word' id='word_1_452' title='bbox 1086 3555 1231 3610; x_wconf 84' lang='lat' dir='ltr'><strong>Patri</strong></span> <span class='ocrx_word' id='word_1_453' title='bbox 1267 3558 1588 3626; x_wconf 82' lang='lat' dir='ltr'><strong>ingenitum.</strong></span> 
     </span>
    </p>
   </div>
   <div class='ocr_carea' id='block_1_22' title="bbox 262 3669 1840 4470">
    <p class='ocr_par' dir='ltr' id='par_1_23' title="bbox 262 3669 1840 4470">
     <span class='ocr_line' id='line_1_62' title="bbox 345 3669 1835 3742; baseline 0.004 -18"><span class='ocrx_word' id='word_1_454' title='bbox 345 3673 410 3724; x_wconf 85' lang='grc' dir='ltr'><strong>Α.</strong></span> <span class='ocrx_word' id='word_1_455' title='bbox 464 3669 683 3724; x_wconf 76' lang='lat' dir='ltr'><strong>Minime</strong></span> <span class='ocrx_word' id='word_1_456' title='bbox 714 3684 845 3724; x_wconf 77' lang='lat' dir='ltr'><strong>vero</strong></span> <span class='ocrx_word' id='word_1_457' title='bbox 873 3684 888 3722; x_wconf 75' lang='grc' dir='ltr'>ε</span> <span class='ocrx_word' id='word_1_458' title='bbox 914 3685 1036 3722; x_wconf 90' lang='lat' dir='ltr'><strong>nam</strong></span> <span class='ocrx_word' id='word_1_459' title='bbox 1061 3670 1222 3724; x_wconf 87' lang='lat' dir='ltr'><strong>simul</strong></span> <span class='ocrx_word' id='word_1_460' title='bbox 1245 3686 1308 3725; x_wconf 88' lang='lat' dir='ltr'><strong>ac</strong></span> <span class='ocrx_word' id='word_1_461' title='bbox 1331 3672 1646 3742; x_wconf 81' lang='lat' dir='ltr'><strong>intelligitur</strong></span> <span class='ocrx_word' id='word_1_462' title='bbox 1673 3673 1835 3739; x_wconf 88' lang='lat' dir='ltr'><strong>Deus,</strong></span> 
     </span>
     <span class='ocr_line' id='line_1_63' title="bbox 264 3750 1840 3838; baseline 0.003 -22"><span class='ocrx_word' id='word_1_463' title='bbox 264 3750 647 3816; x_wconf 55' lang='lat' dir='ltr'><strong>etiatn‘omuia</strong></span> <span class='ocrx_word' id='word_1_464' title='bbox 698 3776 818 3830; x_wconf 85' lang='lat' dir='ltr'><strong>qnae</strong></span> <span class='ocrx_word' id='word_1_465' title='bbox 863 3761 1005 3815; x_wconf 89' lang='lat' dir='ltr'><strong>illius</strong></span> <span class='ocrx_word' id='word_1_466' title='bbox 1051 3770 1177 3815; x_wconf 87' lang='lat' dir='ltr'><strong>sunt</strong></span> <span class='ocrx_word' id='word_1_467' title='bbox 1228 3762 1619 3831; x_wconf 78' lang='lat' dir='ltr'><strong>intelliguntur,</strong></span> <span class='ocrx_word' id='word_1_468' title='bbox 1665 3780 1840 3838; x_wconf 85' lang='lat' dir='ltr'><strong>neque</strong></span> 
     </span>
     <span class='ocr_line' id='line_1_64' title="bbox 265 3853 1838 3924; baseline 0.003 -17"><span class='ocrx_word' id='word_1_469' title='bbox 265 3855 431 3907; x_wconf 86' lang='lat' dir='ltr'><strong>ullum</strong></span> <span class='ocrx_word' id='word_1_470' title='bbox 457 3853 712 3908; x_wconf 85' lang='lat' dir='ltr'><strong>accidens</strong></span> <span class='ocrx_word' id='word_1_471' title='bbox 747 3853 800 3905; x_wconf 92' lang='lat' dir='ltr'><strong>in</strong></span> <span class='ocrx_word' id='word_1_472' title='bbox 842 3853 958 3921; x_wconf 88' lang='lat' dir='ltr'><strong>ipso</strong></span> <span class='ocrx_word' id='word_1_473' title='bbox 986 3859 1163 3921; x_wconf 87' lang='lat' dir='ltr'><strong>potest</strong></span> <span class='ocrx_word' id='word_1_474' title='bbox 1195 3855 1432 3924; x_wconf 86' lang='lat' dir='ltr'><strong>concipi.</strong></span> <span class='ocrx_word' id='word_1_475' title='bbox 1461 3854 1646 3924; x_wconf 84' lang='lat' dir='ltr'><strong>Neque</strong></span> <span class='ocrx_word' id='word_1_476' title='bbox 1676 3860 1838 3913; x_wconf 89' lang='lat' dir='ltr'><strong>mire·</strong></span> 
     </span>
     <span class='ocr_line' id='line_1_65' title="bbox 266 3944 1837 4014; baseline 0 -14"><span class='ocrx_word' id='word_1_477' title='bbox 266 3948 365 4012; x_wconf 88' lang='lat' dir='ltr'><strong>ris,</strong></span> <span class='ocrx_word' id='word_1_478' title='bbox 399 3961 520 3999; x_wconf 89' lang='lat' dir='ltr'><strong>cum</strong></span> <span class='ocrx_word' id='word_1_479' title='bbox 570 3945 710 3999; x_wconf 88' lang='lat' dir='ltr'><strong>idem</strong></span> <span class='ocrx_word' id='word_1_480' title='bbox 759 3945 810 3998; x_wconf 87' lang='lat' dir='ltr'><strong>in</strong></span> <span class='ocrx_word' id='word_1_481' title='bbox 862 3944 1017 3998; x_wconf 87' lang='lat' dir='ltr'><strong>nobis</strong></span> <span class='ocrx_word' id='word_1_482' title='bbox 1064 3945 1195 4014; x_wconf 83' lang='lat' dir='ltr'><strong>ipsis</strong></span> <span class='ocrx_word' id='word_1_483' title='bbox 1226 3948 1615 4014; x_wconf 80' lang='lat' dir='ltr'><strong>propemodum</strong></span> <span class='ocrx_word' id='word_1_484' title='bbox 1656 3948 1837 4003; x_wconf 68' lang='lat' dir='ltr'><strong>videre</strong></span> 
     </span>
     <span class='ocr_line' id='line_1_66' title="bbox 263 4036 1834 4104; baseline 0.001 -12"><span class='ocrx_word' id='word_1_485' title='bbox 263 4041 445 4093; x_wconf 72' lang='lat' dir='ltr'><strong>laceat.</strong></span> <span class='ocrx_word' id='word_1_486' title='bbox 482 4037 743 4104; x_wconf 80' lang='lat' dir='ltr'><strong>Quamvis</strong></span> <span class='ocrx_word' id='word_1_487' title='bbox 779 4036 924 4089; x_wconf 89' lang='lat' dir='ltr'><strong>enim</strong></span> <span class='ocrx_word' id='word_1_488' title='bbox 958 4036 1008 4088; x_wconf 91' lang='lat' dir='ltr'><strong>in</strong></span> <span class='ocrx_word' id='word_1_489' title='bbox 1055 4046 1295 4104; x_wconf 86' lang='lat' dir='ltr'><strong>tempore</strong></span> <span class='ocrx_word' id='word_1_490' title='bbox 1332 4037 1714 4104; x_wconf 85' lang='lat' dir='ltr'><strong>producamur,</strong></span> <span class='ocrx_word' id='word_1_491' title='bbox 1758 4041 1834 4093; x_wconf 89' lang='lat' dir='ltr'><strong>si-</strong></span> 
     </span>
     <span class='ocr_line' id='line_1_67' title="bbox 265 4121 1833 4191; baseline 0.001 -10"><span class='ocrx_word' id='word_1_492' title='bbox 265 4127 376 4182; x_wconf 87' lang='lat' dir='ltr'><strong>mul</strong></span> <span class='ocrx_word' id='word_1_493' title='bbox 419 4137 598 4181; x_wconf 88' lang='lat' dir='ltr'><strong>tamen</strong></span> <span class='ocrx_word' id='word_1_494' title='bbox 645 4141 766 4181; x_wconf 87' lang='lat' dir='ltr'><strong>cum</strong></span> <span class='ocrx_word' id='word_1_495' title='bbox 816 4121 1070 4179; x_wconf 85' lang='lat' dir='ltr'><strong>omnibns</strong></span> <span class='ocrx_word' id='word_1_496' title='bbox 1106 4142 1225 4191; x_wconf 70' lang='lat' dir='ltr'><strong>qua:</strong></span> <span class='ocrx_word' id='word_1_497' title='bbox 1274 4127 1702 4183; x_wconf 83' lang='lat' dir='ltr'><strong>substantialiter</strong></span> <span class='ocrx_word' id='word_1_498' title='bbox 1750 4133 1833 4183; x_wconf 86' lang='lat' dir='ltr'><strong>iu·</strong></span> 
     </span>
     <span class='ocr_line' id='line_1_68' title="bbox 264 4217 1835 4287; baseline -0.001 -13"><span class='ocrx_word' id='word_1_499' title='bbox 264 4227 412 4284; x_wconf 87' lang='lat' dir='ltr'><strong>sunt,</strong></span> <span class='ocrx_word' id='word_1_500' title='bbox 450 4229 507 4272; x_wconf 90' lang='lat' dir='ltr'><strong>et</strong></span> <span class='ocrx_word' id='word_1_501' title='bbox 556 4217 992 4287; x_wconf 85' lang='lat' dir='ltr'><strong>inseparabiliter</strong></span> <span class='ocrx_word' id='word_1_502' title='bbox 1041 4217 1328 4280; x_wconf 61' lang='lat' dir='ltr'><strong>inhaerent,</strong></span> <span class='ocrx_word' id='word_1_503' title='bbox 1363 4218 1658 4272; x_wconf 87' lang='lat' dir='ltr'><strong>nascimur.</strong></span> <span class='ocrx_word' id='word_1_504' title='bbox 1706 4218 1835 4273; x_wconf 84' lang='lat' dir='ltr'><strong>Nul-</strong></span> 
     </span>
     <span class='ocr_line' id='line_1_69' title="bbox 263 4307 1830 4381; baseline 0 -15"><span class='ocrx_word' id='word_1_505' title='bbox 263 4314 371 4366; x_wconf 88' lang='lat' dir='ltr'><strong>lum</strong></span> <span class='ocrx_word' id='word_1_506' title='bbox 410 4311 573 4381; x_wconf 82' lang='lat' dir='ltr'><strong>igitur</strong></span> <span class='ocrx_word' id='word_1_507' title='bbox 607 4310 859 4363; x_wconf 86' lang='lat' dir='ltr'><strong>accidens</strong></span> <span class='ocrx_word' id='word_1_508' title='bbox 890 4308 942 4361; x_wconf 89' lang='lat' dir='ltr'><strong>in</strong></span> <span class='ocrx_word' id='word_1_509' title='bbox 976 4307 1085 4363; x_wconf 88' lang='lat' dir='ltr'><strong>Deo</strong></span> <span class='ocrx_word' id='word_1_510' title='bbox 1111 4307 1236 4376; x_wconf 82' lang='lat' dir='ltr'><strong>jure</strong></span> <span class='ocrx_word' id='word_1_511' title='bbox 1273 4309 1622 4378; x_wconf 83' lang='lat' dir='ltr'><strong>cogitabitur.</strong></span> <span class='ocrx_word' id='word_1_512' title='bbox 1655 4312 1719 4365; x_wconf 83' lang='lat' dir='ltr'><strong>Et</strong></span> <span class='ocrx_word' id='word_1_513' title='bbox 1755 4313 1830 4368; x_wconf 91' lang='lat' dir='ltr'><strong>si·</strong></span> 
     </span>
     <span class='ocr_line' id='line_1_70' title="bbox 262 4398 1833 4470; baseline 0.001 -15"><span class='ocrx_word' id='word_1_514' title='bbox 262 4398 476 4470; x_wconf 79' lang='lat' dir='ltr'><strong>&#39;quidem</strong></span> <span class='ocrx_word' id='word_1_515' title='bbox 520 4400 864 4463; x_wconf 85' lang='lat' dir='ltr'><strong>accidentia,</strong></span> <span class='ocrx_word' id='word_1_516' title='bbox 915 4413 1035 4467; x_wconf 88' lang='lat' dir='ltr'><strong>quae</strong></span> <span class='ocrx_word' id='word_1_517' title='bbox 1075 4399 1237 4452; x_wconf 85' lang='lat' dir='ltr'><strong>etiam</strong></span> <span class='ocrx_word' id='word_1_518' title='bbox 1288 4400 1609 4456; x_wconf 87' lang='lat' dir='ltr'><strong>naturaliter</strong></span> <span class='ocrx_word' id='word_1_519' title='bbox 1649 4402 1833 4457; x_wconf 88' lang='lat' dir='ltr'><strong>insunt</strong></span> 
     </span>
    </p>
   </div>
   <div class='ocr_carea' id='block_1_23' title="bbox 262 4491 1867 4564">
    <p class='ocr_par' dir='ltr' id='par_1_24' title="bbox 262 4491 1867 4564">
     <span class='ocr_line' id='line_1_71' title="bbox 262 4491 1867 4564; baseline 0.002 -17"><span class='ocrx_word' id='word_1_520' title='bbox 262 4492 620 4564; x_wconf 79' lang='lat' dir='ltr'><strong>quorumdam</strong></span> <span class='ocrx_word' id='word_1_521' title='bbox 667 4491 1010 4555; x_wconf 80' lang='lat' dir='ltr'><strong>substantiis,</strong></span> <span class='ocrx_word' id='word_1_522' title='bbox 1062 4505 1170 4545; x_wconf 88' lang='lat' dir='ltr'><strong>non</strong></span> <span class='ocrx_word' id='word_1_523' title='bbox 1206 4493 1390 4561; x_wconf 85' lang='lat' dir='ltr'><strong>utique</strong></span> <span class='ocrx_word' id='word_1_524' title='bbox 1431 4508 1530 4563; x_wconf 88' lang='lat' dir='ltr'><strong>per</strong></span> <span class='ocrx_word' id='word_1_525' title='bbox 1576 4509 1636 4550; x_wconf 88' lang='lat' dir='ltr'><strong>se</strong></span> <span class='ocrx_word' id='word_1_526' title='bbox 1684 4498 1867 4557; x_wconf 69' lang='lat' dir='ltr'><strong>exsi-‚</strong></span> 
     </span>
    </p>
   </div>
   <div class='ocr_carea' id='block_1_24' title="bbox 262 4585 1835 5835">
    <p class='ocr_par' dir='ltr' id='par_1_25' title="bbox 262 4585 1835 5835">
     <span class='ocr_line' id='line_1_72' title="bbox 262 4585 1834 4660; baseline 0.002 -19"><span class='ocrx_word' id='word_1_527' title='bbox 262 4589 517 4642; x_wconf 82' lang='lat' dir='ltr'><strong>stentiam</strong></span> <span class='ocrx_word' id='word_1_528' title='bbox 553 4586 753 4640; x_wconf 88' lang='lat' dir='ltr'><strong>habent</strong></span> <span class='ocrx_word' id='word_1_529' title='bbox 784 4585 1059 4654; x_wconf 83' lang='lat' dir='ltr'><strong>propriam</strong></span> <span class='ocrx_word' id='word_1_530' title='bbox 1084 4601 1148 4639; x_wconf 84' lang='lat' dir='ltr'><strong>ae</strong></span> <span class='ocrx_word' id='word_1_531' title='bbox 1181 4586 1611 4653; x_wconf 84' lang='lat' dir='ltr'><strong>determinatam,</strong></span> <span class='ocrx_word' id='word_1_532' title='bbox 1642 4605 1834 4660; x_wconf 89' lang='lat' dir='ltr'><strong>quem·</strong></span> 
     </span>
     <span class='ocr_line' id='line_1_73' title="bbox 265 4675 1831 4752; baseline 0.003 -20"><span class='ocrx_word' id='word_1_533' title='bbox 265 4678 552 4734; x_wconf 83' lang='lat' dir='ltr'><strong>admodum</strong></span> <span class='ocrx_word' id='word_1_534' title='bbox 598 4677 651 4730; x_wconf 85' lang='lat' dir='ltr'><strong>itt</strong></span> <span class='ocrx_word' id='word_1_535' title='bbox 684 4677 904 4731; x_wconf 80' lang='lat' dir='ltr'><strong>bomine</strong></span> <span class='ocrx_word' id='word_1_536' title='bbox 938 4675 1309 4746; x_wconf 80' lang='lat' dir='ltr'><strong>intelligimus,</strong></span> <span class='ocrx_word' id='word_1_537' title='bbox 1345 4681 1516 4734; x_wconf 81' lang='lat' dir='ltr'><strong>autin</strong></span> <span class='ocrx_word' id='word_1_538' title='bbox 1552 4681 1657 4736; x_wconf 83' lang='lat' dir='ltr'><strong>alia</strong></span> <span class='ocrx_word' id='word_1_539' title='bbox 1693 4697 1831 4752; x_wconf 84' lang='lat' dir='ltr'><strong>qua-</strong></span> 
     </span>
     <span class='ocr_line' id='line_1_74' title="bbox 266 4769 1831 4840; baseline 0.002 -17"><span class='ocrx_word' id='word_1_540' title='bbox 266 4772 407 4840; x_wconf 87' lang='lat' dir='ltr'><strong>piam</strong></span> <span class='ocrx_word' id='word_1_541' title='bbox 455 4785 535 4833; x_wconf 86' lang='lat' dir='ltr'><strong>re,</strong></span> <span class='ocrx_word' id='word_1_542' title='bbox 580 4769 671 4823; x_wconf 85' lang='lat' dir='ltr'><strong>sed</strong></span> <span class='ocrx_word' id='word_1_543' title='bbox 703 4769 883 4836; x_wconf 88' lang='lat' dir='ltr'><strong>potius</strong></span> <span class='ocrx_word' id='word_1_544' title='bbox 919 4769 1065 4821; x_wconf 89' lang='lat' dir='ltr'><strong>circa</strong></span> <span class='ocrx_word' id='word_1_545' title='bbox 1115 4782 1292 4821; x_wconf 79' lang='lat' dir='ltr'><strong>rernm</strong></span> <span class='ocrx_word' id='word_1_546' title='bbox 1339 4770 1672 4827; x_wconf 87' lang='lat' dir='ltr'><strong>substantias</strong></span> <span class='ocrx_word' id='word_1_547' title='bbox 1707 4789 1831 4829; x_wconf 90' lang='lat' dir='ltr'><strong>cer-</strong></span> 
     </span>
     <span class='ocr_line' id='line_1_75' title="bbox 265 4860 1832 4927; baseline 0.006 -13"><span class='ocrx_word' id='word_1_548' title='bbox 265 4869 464 4914; x_wconf 85' lang='lat' dir='ltr'><strong>nuntur</strong></span> <span class='ocrx_word' id='word_1_549' title='bbox 508 4870 597 4912; x_wconf 89' lang='lat' dir='ltr'><strong>aut</strong></span> <span class='ocrx_word' id='word_1_550' title='bbox 641 4860 691 4911; x_wconf 90' lang='lat' dir='ltr'><strong>in</strong></span> <span class='ocrx_word' id='word_1_551' title='bbox 725 4860 895 4926; x_wconf 59' lang='lat' dir='ltr'><strong>ipsis:</strong></span> <span class='ocrx_word' id='word_1_552' title='bbox 928 4873 1151 4927; x_wconf 87' lang='lat' dir='ltr'><strong>ecquem</strong></span> <span class='ocrx_word' id='word_1_553' title='bbox 1191 4861 1390 4917; x_wconf 87' lang='lat' dir='ltr'><strong>habere</strong></span> <span class='ocrx_word' id='word_1_554' title='bbox 1430 4863 1603 4917; x_wconf 90' lang='lat' dir='ltr'><strong>locum</strong></span> <span class='ocrx_word' id='word_1_555' title='bbox 1635 4866 1686 4919; x_wconf 89' lang='lat' dir='ltr'><strong>in</strong></span> <span class='ocrx_word' id='word_1_556' title='bbox 1722 4867 1832 4922; x_wconf 88' lang='lat' dir='ltr'><strong>Deo</strong></span> 
     </span>
     <span class='ocr_line' id='line_1_76' title="bbox 265 4951 1833 5020; baseline 0.006 -16"><span class='ocrx_word' id='word_1_557' title='bbox 265 4951 558 5020; x_wconf 88' lang='lat' dir='ltr'><strong>putandum</strong></span> <span class='ocrx_word' id='word_1_558' title='bbox 611 4960 693 5003; x_wconf 86' lang='lat' dir='ltr'><strong>est</strong></span> <span class='ocrx_word' id='word_1_559' title='bbox 744 4951 893 5015; x_wconf 83' lang='lat' dir='ltr'><strong>illud,</strong></span> <span class='ocrx_word' id='word_1_560' title='bbox 927 4951 1262 5020; x_wconf 80' lang='lat' dir='ltr'><strong>ingenitum?</strong></span> <span class='ocrx_word' id='word_1_561' title='bbox 1319 4954 1374 5009; x_wconf 89' lang='lat' dir='ltr'><strong>Si</strong></span> <span class='ocrx_word' id='word_1_562' title='bbox 1420 4958 1563 5010; x_wconf 88' lang='lat' dir='ltr'><strong>enim</strong></span> <span class='ocrx_word' id='word_1_563' title='bbox 1611 4970 1693 5012; x_wconf 92' lang='lat' dir='ltr'><strong>est</strong></span> <span class='ocrx_word' id='word_1_564' title='bbox 1736 4960 1833 5013; x_wconf 88' lang='lat' dir='ltr'><strong>ali·</strong></span> 
     </span>
     <span class='ocr_line' id='line_1_77' title="bbox 267 5041 1826 5119; baseline 0.006 -24"><span class='ocrx_word' id='word_1_565' title='bbox 267 5043 391 5113; x_wconf 76' lang='lat' dir='ltr'><strong>quid</strong></span> <span class='ocrx_word' id='word_1_566' title='bbox 434 5056 527 5110; x_wconf 90' lang='lat' dir='ltr'><strong>per</strong></span> <span class='ocrx_word' id='word_1_567' title='bbox 580 5055 639 5095; x_wconf 91' lang='lat' dir='ltr'><strong>se</strong></span> <span class='ocrx_word' id='word_1_568' title='bbox 684 5041 998 5119; x_wconf 74' lang='lat' dir='ltr'><strong>ingenitum,</strong></span> <span class='ocrx_word' id='word_1_569' title='bbox 1044 5056 1095 5099; x_wconf 92' lang='lat' dir='ltr'><strong>ct</strong></span> <span class='ocrx_word' id='word_1_570' title='bbox 1144 5047 1514 5102; x_wconf 83' lang='lat' dir='ltr'><strong>exsistentiam</strong></span> <span class='ocrx_word' id='word_1_571' title='bbox 1554 5053 1826 5119; x_wconf 87' lang='lat' dir='ltr'><strong>propriam</strong></span> 
     </span>
     <span class='ocr_line' id='line_1_78' title="bbox 265 5133 1829 5209; baseline 0.005 -22"><span class='ocrx_word' id='word_1_572' title='bbox 265 5137 427 5188; x_wconf 86' lang='lat' dir='ltr'><strong>babet</strong></span> <span class='ocrx_word' id='word_1_573' title='bbox 448 5133 573 5203; x_wconf 86' lang='lat' dir='ltr'><strong>(hoc</strong></span> <span class='ocrx_word' id='word_1_574' title='bbox 603 5142 784 5186; x_wconf 85' lang='lat' dir='ltr'><strong>autem</strong></span> <span class='ocrx_word' id='word_1_575' title='bbox 813 5144 914 5195; x_wconf 88' lang='lat' dir='ltr'><strong>est,</strong></span> <span class='ocrx_word' id='word_1_576' title='bbox 940 5145 994 5189; x_wconf 91' lang='lat' dir='ltr'><strong>ut</strong></span> <span class='ocrx_word' id='word_1_577' title='bbox 1025 5138 1095 5190; x_wconf 87' lang='lat' dir='ltr'><strong>illi</strong></span> <span class='ocrx_word' id='word_1_578' title='bbox 1126 5147 1396 5204; x_wconf 85' lang='lat' dir='ltr'><strong>asserunt,</strong></span> <span class='ocrx_word' id='word_1_579' title='bbox 1427 5141 1703 5209; x_wconf 88' lang='lat' dir='ltr'><strong>proprium</strong></span> <span class='ocrx_word' id='word_1_580' title='bbox 1739 5143 1829 5196; x_wconf 89' lang='lat' dir='ltr'><strong>Dei</strong></span> 
     </span>
     <span class='ocr_line' id='line_1_79' title="bbox 265 5225 1829 5300; baseline 0.006 -22"><span class='ocrx_word' id='word_1_581' title='bbox 265 5241 327 5280; x_wconf 89' lang='lat' dir='ltr'><strong>ae</strong></span> <span class='ocrx_word' id='word_1_582' title='bbox 355 5227 570 5294; x_wconf 80' lang='lat' dir='ltr'><strong>Patris),</strong></span> <span class='ocrx_word' id='word_1_583' title='bbox 596 5226 739 5278; x_wconf 87' lang='lat' dir='ltr'><strong>aliud</strong></span> <span class='ocrx_word' id='word_1_584' title='bbox 764 5225 867 5278; x_wconf 88' lang='lat' dir='ltr'><strong>erit</strong></span> <span class='ocrx_word' id='word_1_585' title='bbox 897 5226 963 5277; x_wconf 84' lang='lat' dir='ltr'><strong>ab</strong></span> <span class='ocrx_word' id='word_1_586' title='bbox 989 5240 1054 5279; x_wconf 91' lang='lat' dir='ltr'><strong>eo</strong></span> <span class='ocrx_word' id='word_1_587' title='bbox 1077 5228 1228 5295; x_wconf 83' lang='lat' dir='ltr'><strong>cnjus</strong></span> <span class='ocrx_word' id='word_1_588' title='bbox 1253 5239 1335 5283; x_wconf 87' lang='lat' dir='ltr'><strong>est</strong></span> <span class='ocrx_word' id='word_1_589' title='bbox 1358 5233 1656 5300; x_wconf 90' lang='lat' dir='ltr'><strong>proprium.</strong></span> <span class='ocrx_word' id='word_1_590' title='bbox 1681 5233 1829 5300; x_wconf 83' lang='lat' dir='ltr'><strong>Quod</strong></span> 
     </span>
     <span class='ocr_line' id='line_1_80' title="bbox 267 5315 1835 5386; baseline 0.004 -19"><span class='ocrx_word' id='word_1_591' title='bbox 267 5315 410 5367; x_wconf 85' lang='lat' dir='ltr'><strong>enim</strong></span> <span class='ocrx_word' id='word_1_592' title='bbox 442 5325 546 5381; x_wconf 84' lang='lat' dir='ltr'><strong>est,</strong></span> <span class='ocrx_word' id='word_1_593' title='bbox 572 5315 802 5384; x_wconf 86' lang='lat' dir='ltr'><strong>alicujus</strong></span> <span class='ocrx_word' id='word_1_594' title='bbox 827 5324 928 5377; x_wconf 89' lang='lat' dir='ltr'><strong>est,</strong></span> <span class='ocrx_word' id='word_1_595' title='bbox 958 5329 1021 5367; x_wconf 86' lang='lat' dir='ltr'><strong>ae</strong></span> <span class='ocrx_word' id='word_1_596' title='bbox 1046 5332 1140 5382; x_wconf 88' lang='lat' dir='ltr'><strong>per</strong></span> <span class='ocrx_word' id='word_1_597' title='bbox 1173 5334 1231 5371; x_wconf 91' lang='lat' dir='ltr'><strong>se</strong></span> <span class='ocrx_word' id='word_1_598' title='bbox 1260 5319 1531 5386; x_wconf 78' lang='lat' dir='ltr'><strong>subsistit,</strong></span> <span class='ocrx_word' id='word_1_599' title='bbox 1558 5322 1701 5374; x_wconf 81' lang='lat' dir='ltr'><strong>alind</strong></span> <span class='ocrx_word' id='word_1_600' title='bbox 1730 5324 1835 5375; x_wconf 88' lang='lat' dir='ltr'><strong>nti-</strong></span> 
     </span>
     <span class='ocr_line' id='line_1_81' title="bbox 270 5405 1830 5485; baseline 0.007 -28"><span class='ocrx_word' id='word_1_601' title='bbox 270 5420 375 5472; x_wconf 75' lang='lat' dir='ltr'><strong>que</strong></span> <span class='ocrx_word' id='word_1_602' title='bbox 412 5413 494 5456; x_wconf 65' lang='lat' dir='ltr'><strong>est</strong></span> <span class='ocrx_word' id='word_1_603' title='bbox 529 5408 594 5458; x_wconf 85' lang='lat' dir='ltr'><strong>ab</strong></span> <span class='ocrx_word' id='word_1_604' title='bbox 631 5421 696 5460; x_wconf 92' lang='lat' dir='ltr'><strong>eo</strong></span> <span class='ocrx_word' id='word_1_605' title='bbox 726 5405 875 5472; x_wconf 83' lang='lat' dir='ltr'><strong>cujus</strong></span> <span class='ocrx_word' id='word_1_606' title='bbox 904 5413 1004 5460; x_wconf 87' lang='lat' dir='ltr'><strong>est.</strong></span> <span class='ocrx_word' id='word_1_607' title='bbox 1051 5406 1225 5474; x_wconf 77' lang='lat' dir='ltr'><strong>Atque</strong></span> <span class='ocrx_word' id='word_1_608' title='bbox 1260 5411 1330 5462; x_wconf 85' lang='lat' dir='ltr'><strong>ita</strong></span> <span class='ocrx_word' id='word_1_609' title='bbox 1365 5411 1578 5466; x_wconf 88' lang='lat' dir='ltr'><strong>demum</strong></span> <span class='ocrx_word' id='word_1_610' title='bbox 1606 5414 1830 5485; x_wconf 79' lang='lat' dir='ltr'><strong>simplex</strong></span> 
     </span>
     <span class='ocr_line' id='line_1_82' title="bbox 270 5494 1832 5576; baseline 0.009 -28"><span class='ocrx_word' id='word_1_611' title='bbox 270 5495 355 5549; x_wconf 87' lang='lat' dir='ltr'><strong>illa</strong></span> <span class='ocrx_word' id='word_1_612' title='bbox 382 5494 558 5549; x_wconf 74' lang='lat' dir='ltr'><strong>Patris</strong></span> <span class='ocrx_word' id='word_1_613' title='bbox 603 5508 795 5550; x_wconf 83' lang='lat' dir='ltr'><strong>nutura</strong></span> <span class='ocrx_word' id='word_1_614' title='bbox 841 5499 1107 5565; x_wconf 78' lang='lat' dir='ltr'><strong>geminata</strong></span> <span class='ocrx_word' id='word_1_615' title='bbox 1157 5509 1266 5563; x_wconf 86' lang='lat' dir='ltr'><strong>cst,</strong></span> <span class='ocrx_word' id='word_1_616' title='bbox 1302 5517 1369 5556; x_wconf 86' lang='lat' dir='ltr'><strong>ex</strong></span> <span class='ocrx_word' id='word_1_617' title='bbox 1409 5515 1563 5571; x_wconf 85' lang='lat' dir='ltr'><strong>patre</strong></span> <span class='ocrx_word' id='word_1_618' title='bbox 1589 5516 1648 5561; x_wconf 88' lang='lat' dir='ltr'><strong>et</strong></span> <span class='ocrx_word' id='word_1_619' title='bbox 1683 5508 1832 5576; x_wconf 82' lang='lat' dir='ltr'><strong>inge-</strong></span> 
     </span>
     <span class='ocr_line' id='line_1_83' title="bbox 266 5586 1834 5652; baseline 0.007 -12"><span class='ocrx_word' id='word_1_620' title='bbox 266 5588 381 5640; x_wconf 80' lang='lat' dir='ltr'><strong>nito</strong></span> <span class='ocrx_word' id='word_1_621' title='bbox 408 5586 722 5652; x_wconf 85' lang='lat' dir='ltr'><strong>composita.</strong></span> <span class='ocrx_word' id='word_1_622' title='bbox 763 5587 1163 5641; x_wconf 79' lang='lat' dir='ltr'><strong>Attendendum</strong></span> <span class='ocrx_word' id='word_1_623' title='bbox 1199 5599 1376 5645; x_wconf 89' lang='lat' dir='ltr'><strong>autem</strong></span> <span class='ocrx_word' id='word_1_624' title='bbox 1414 5603 1496 5648; x_wconf 89' lang='lat' dir='ltr'><strong>est</strong></span> <span class='ocrx_word' id='word_1_625' title='bbox 1544 5610 1648 5650; x_wconf 90' lang='lat' dir='ltr'><strong>non</strong></span> <span class='ocrx_word' id='word_1_626' title='bbox 1683 5611 1834 5650; x_wconf 76' lang='lat' dir='ltr'><strong>vana:</strong></span> 
     </span>
     <span class='ocr_line' id='line_1_84' title="bbox 267 5676 1830 5744; baseline 0.006 -13"><span class='ocrx_word' id='word_1_627' title='bbox 267 5679 473 5731; x_wconf 84' lang='lat' dir='ltr'><strong>illorum</strong></span> <span class='ocrx_word' id='word_1_628' title='bbox 511 5676 788 5744; x_wconf 61' lang='lat' dir='ltr'><strong>sapientiae</strong></span> <span class='ocrx_word' id='word_1_629' title='bbox 823 5679 1182 5744; x_wconf 82' lang='lat' dir='ltr'><strong>persuasioni,</strong></span> <span class='ocrx_word' id='word_1_630' title='bbox 1217 5683 1310 5737; x_wconf 79' lang='lat' dir='ltr'><strong>sed</strong></span> <span class='ocrx_word' id='word_1_631' title='bbox 1338 5685 1558 5741; x_wconf 76' lang='lat' dir='ltr'><strong>vocibus</strong></span> <span class='ocrx_word' id='word_1_632' title='bbox 1584 5687 1830 5742; x_wconf 80' lang='lat' dir='ltr'><strong>Salvato-</strong></span> 
     </span>
     <span class='ocr_line' id='line_1_85' title="bbox 265 5765 1824 5835; baseline 0.009 -14"><span class='ocrx_word' id='word_1_633' title='bbox 265 5769 340 5822; x_wconf 80' lang='lat' dir='ltr'><strong>ris</strong></span> <span class='ocrx_word' id='word_1_634' title='bbox 387 5766 476 5831; x_wconf 76' lang='lat' dir='ltr'><strong>qni</strong></span> <span class='ocrx_word' id='word_1_635' title='bbox 528 5779 678 5821; x_wconf 83' lang='lat' dir='ltr'><strong>suam</strong></span> <span class='ocrx_word' id='word_1_636' title='bbox 723 5776 776 5822; x_wconf 90' lang='lat' dir='ltr'><strong>ct</strong></span> <span class='ocrx_word' id='word_1_637' title='bbox 814 5765 990 5825; x_wconf 81' lang='lat' dir='ltr'><strong>Patris</strong></span> <span class='ocrx_word' id='word_1_638' title='bbox 1041 5779 1286 5829; x_wconf 80' lang='lat' dir='ltr'><strong>naturam</strong></span> <span class='ocrx_word' id='word_1_639' title='bbox 1339 5787 1483 5834; x_wconf 83' lang='lat' dir='ltr'><strong>recte</strong></span> <span class='ocrx_word' id='word_1_640' title='bbox 1541 5779 1824 5835; x_wconf 79' lang='lat' dir='ltr'><strong>admodum</strong></span> 
     </span>
    </p>
   </div>
   <div class='ocr_carea' id='block_1_25' title="bbox 1946 3258 3522 3634">
    <p class='ocr_par' dir='ltr' id='par_1_26' title="bbox 1946 3258 3522 3513">
     <span class='ocr_line' id='line_1_86' title="bbox 1948 3258 3522 3336; baseline 0.009 -25"><span class='ocrx_word' id='word_1_641' title='bbox 1948 3258 2123 3312; x_wconf 83' lang='grc' dir='ltr'>πάντα</span> <span class='ocrx_word' id='word_1_642' title='bbox 2154 3260 2363 3334; x_wconf 84' lang='grc' dir='ltr'>φύρδην</span> <span class='ocrx_word' id='word_1_643' title='bbox 2398 3262 2651 3335; x_wconf 76' lang='grc' dir='ltr'>ἀλλήλοις</span> <span class='ocrx_word' id='word_1_644' title='bbox 2683 3266 3135 3336; x_wconf 81' lang='grc' dir='ltr'>συναναχέοντες,</span> <span class='ocrx_word' id='word_1_645' title='bbox 3160 3268 3350 3323; x_wconf 79' lang='grc' dir='ltr'>καίτοι</span> <span class='ocrx_word' id='word_1_646' title='bbox 3371 3262 3522 3325; x_wconf 64' lang='lat' dir='ltr'><strong>&amp;ab</strong></span> 
     </span>
     <span class='ocr_line' id='line_1_87' title="bbox 1947 3349 3520 3431; baseline 0.01 -29"><span class='ocrx_word' id='word_1_647' title='bbox 1947 3349 2161 3422; x_wconf 76' lang='grc' dir='ltr'>ἔχοντες</span> <span class='ocrx_word' id='word_1_648' title='bbox 2188 3370 2255 3405; x_wconf 91' lang='grc' dir='ltr'>πε</span> <span class='ocrx_word' id='word_1_649' title='bbox 2265 3352 2317 3423; x_wconf 76' lang='lat' dir='ltr'><strong>pt</strong></span> <span class='ocrx_word' id='word_1_650' title='bbox 2346 3352 2522 3407; x_wconf 81' lang='grc' dir='ltr'>ταῦτα</span> <span class='ocrx_word' id='word_1_651' title='bbox 2544 3352 2634 3408; x_wconf 75' lang='grc' dir='ltr'><strong>τὀν</strong></span> <span class='ocrx_word' id='word_1_652' title='bbox 2664 3355 2814 3421; x_wconf 87' lang='grc' dir='ltr'>νοῦν,</span> <span class='ocrx_word' id='word_1_653' title='bbox 2841 3355 3355 3430; x_wconf 74' lang='grc' dir='ltr'>ὲξωφρυωμένοιτε</span> <span class='ocrx_word' id='word_1_654' title='bbox 3376 3358 3520 3431; x_wconf 55' lang='grc' dir='ltr'><strong>ἄμ.</strong></span> 
     </span>
     <span class='ocr_line' id='line_1_88' title="bbox 1946 3441 3376 3513; baseline 0.006 -19"><span class='ocrx_word' id='word_1_655' title='bbox 1946 3441 2038 3494; x_wconf 78' lang='grc' dir='ltr'><strong>καὶ</strong></span> <span class='ocrx_word' id='word_1_656' title='bbox 2069 3443 2454 3511; x_wconf 78' lang='grc' dir='ltr'>ἀναφυσῶντες</span> <span class='ocrx_word' id='word_1_657' title='bbox 2492 3444 2673 3513; x_wconf 83' lang='grc' dir='ltr'>μέγα;</span> <span class='ocrx_word' id='word_1_658' title='bbox 3345 3448 3376 3459; x_wconf 85' lang='grc'><strong>“’</strong></span> 
     </span>
    </p>

    <p class='ocr_par' dir='ltr' id='par_1_27' title="bbox 2016 3553 3518 3634">
     <span class='ocr_line' id='line_1_89' title="bbox 2016 3553 3518 3634; baseline 0.007 -26"><span class='ocrx_word' id='word_1_659' title='bbox 2016 3556 2076 3612; x_wconf 90' lang='grc' dir='ltr'><strong>Β.</strong></span> <span class='ocrx_word' id='word_1_660' title='bbox 2103 3553 2559 3627; x_wconf 76' lang='grc' dir='ltr'>Συμ6έ6ηκενοῧν</span> <span class='ocrx_word' id='word_1_661' title='bbox 2585 3558 2661 3628; x_wconf 79' lang='grc' dir='ltr'><strong>τῷ</strong></span> <span class='ocrx_word' id='word_1_662' title='bbox 2678 3558 2793 3629; x_wconf 82' lang='grc' dir='ltr'>Θεῷ</span> <span class='ocrx_word' id='word_1_663' title='bbox 2812 3560 2907 3613; x_wconf 76' lang='grc' dir='ltr'><strong>καὶ</strong></span> <span class='ocrx_word' id='word_1_664' title='bbox 2925 3562 3103 3634; x_wconf 76' lang='grc' dir='ltr'>Πατρὶ</span> <span class='ocrx_word' id='word_1_665' title='bbox 3131 3563 3197 3618; x_wconf 76' lang='grc' dir='ltr'><strong>τὸ</strong></span> <span class='ocrx_word' id='word_1_666' title='bbox 3219 3564 3518 3634; x_wconf 78' lang='grc' dir='ltr'>ἀγέννητον.</span> 
     </span>
    </p>
   </div>
   <div class='ocr_carea' id='block_1_26' title="bbox 1933 3669 3596 5856">
    <p class='ocr_par' dir='ltr' id='par_1_28' title="bbox 1933 3669 3596 5856">
     <span class='ocr_line' id='line_1_90' title="bbox 2014 3669 3516 3744; baseline 0.006 -23"><span class='ocrx_word' id='word_1_667' title='bbox 2014 3670 2078 3721; x_wconf 86' lang='grc' dir='ltr'><strong>Δ.</strong></span> <span class='ocrx_word' id='word_1_668' title='bbox 2108 3669 2343 3724; x_wconf 79' lang='grc' dir='ltr'>’Ήκιστά</span> <span class='ocrx_word' id='word_1_669' title='bbox 2371 3686 2433 3737; x_wconf 88' lang='grc' dir='ltr'><strong>γε</strong></span> <span class='ocrx_word' id='word_1_670' title='bbox 2456 3688 2469 3700; x_wconf 90' lang='grc'><em>·</em></span> <span class='ocrx_word' id='word_1_671' title='bbox 2528 3671 2644 3741; x_wconf 82' lang='grc' dir='ltr'>ἅμα</span> <span class='ocrx_word' id='word_1_672' title='bbox 2679 3672 2787 3742; x_wconf 74' lang='grc' dir='ltr'><strong>γὰρ</strong></span> <span class='ocrx_word' id='word_1_673' title='bbox 2833 3675 3036 3728; x_wconf 85' lang='grc' dir='ltr'>νοεῖται</span> <span class='ocrx_word' id='word_1_674' title='bbox 3091 3675 3250 3744; x_wconf 82' lang='grc' dir='ltr'>Θεὸς,</span> <span class='ocrx_word' id='word_1_675' title='bbox 3288 3676 3379 3730; x_wconf 76' lang='grc' dir='ltr'><strong>καὶ</strong></span> <span class='ocrx_word' id='word_1_676' title='bbox 3426 3678 3516 3730; x_wconf 69' lang='grc' dir='ltr'><strong>σὺν</strong></span> 
     </span>
     <span class='ocr_line' id='line_1_91' title="bbox 1945 3759 3513 3838; baseline 0.006 -25"><span class='ocrx_word' id='word_1_677' title='bbox 1945 3759 2093 3830; x_wconf 83' lang='grc' dir='ltr'>αὐτῷ</span> <span class='ocrx_word' id='word_1_678' title='bbox 2122 3760 2302 3814; x_wconf 80' lang='grc' dir='ltr'>πάντα</span> <span class='ocrx_word' id='word_1_679' title='bbox 2347 3760 2416 3812; x_wconf 81' lang='grc' dir='ltr'><strong>τὰ</strong></span> <span class='ocrx_word' id='word_1_680' title='bbox 2449 3761 2636 3825; x_wconf 81' lang='grc' dir='ltr'>αὐτοῦ,</span> <span class='ocrx_word' id='word_1_681' title='bbox 2674 3763 2762 3815; x_wconf 66' lang='grc' dir='ltr'><strong>καὶ</strong></span> <span class='ocrx_word' id='word_1_682' title='bbox 2806 3764 2905 3815; x_wconf 71' lang='grc' dir='ltr'><strong>οὐκ</strong></span> <span class='ocrx_word' id='word_1_683' title='bbox 2938 3764 3003 3817; x_wconf 85' lang='grc' dir='ltr'><strong>ἂν</strong></span> <span class='ocrx_word' id='word_1_684' title='bbox 3032 3767 3211 3820; x_wconf 78' lang='grc' dir='ltr'>νοοῖτό</span> <span class='ocrx_word' id='word_1_685' title='bbox 3241 3785 3294 3821; x_wconf 85' lang='grc' dir='ltr'><strong>τι</strong></span> <span class='ocrx_word' id='word_1_686' title='bbox 3325 3767 3513 3838; x_wconf 60' lang='lat' dir='ltr'><strong>cup&amp;-</strong></span> 
     </span>
     <span class='ocr_line' id='line_1_92' title="bbox 1944 3851 3511 3929; baseline 0.006 -27"><span class='ocrx_word' id='word_1_687' title='bbox 1944 3851 2112 3921; x_wconf 72' lang='grc' dir='ltr'>δηκὸς</span> <span class='ocrx_word' id='word_1_688' title='bbox 2166 3853 2252 3903; x_wconf 83' lang='grc' dir='ltr'><strong>ἐπ’</strong></span> <span class='ocrx_word' id='word_1_689' title='bbox 2296 3852 2483 3906; x_wconf 83' lang='grc' dir='ltr'>αὐτοῦ.</span> <span class='ocrx_word' id='word_1_690' title='bbox 2529 3854 2638 3906; x_wconf 75' lang='grc' dir='ltr'><strong>Καὶ</strong></span> <span class='ocrx_word' id='word_1_691' title='bbox 2697 3854 2771 3925; x_wconf 83' lang='grc' dir='ltr'>μὴ</span> <span class='ocrx_word' id='word_1_692' title='bbox 2814 3856 3125 3929; x_wconf 79' lang='grc' dir='ltr'>θαυμάσῃς,</span> <span class='ocrx_word' id='word_1_693' title='bbox 3170 3860 3297 3913; x_wconf 80' lang='grc' dir='ltr'>ἐπεί</span> <span class='ocrx_word' id='word_1_694' title='bbox 3324 3878 3405 3914; x_wconf 83' lang='grc' dir='ltr'><strong>τοι</strong></span> <span class='ocrx_word' id='word_1_695' title='bbox 3429 3860 3511 3914; x_wconf 69' lang='grc' dir='ltr'><strong>καὶ</strong></span> 
     </span>
     <span class='ocr_line' id='line_1_93' title="bbox 1943 3943 3508 4020; baseline 0.008 -25"><span class='ocrx_word' id='word_1_696' title='bbox 1943 3944 2029 4012; x_wconf 78' lang='grc' dir='ltr'><strong>ἐφ’</strong></span> <span class='ocrx_word' id='word_1_697' title='bbox 2059 3943 2216 4014; x_wconf 79' lang='grc' dir='ltr'>ἡμῶν</span> <span class='ocrx_word' id='word_1_698' title='bbox 2271 3945 2451 3998; x_wconf 77' lang='grc' dir='ltr'>αὐτῶν</span> <span class='ocrx_word' id='word_1_699' title='bbox 2486 3946 2628 3999; x_wconf 81' lang='grc' dir='ltr'>οὓτω</span> <span class='ocrx_word' id='word_1_700' title='bbox 2678 3947 2800 4016; x_wconf 82' lang='grc' dir='ltr'>ἕχον</span> <span class='ocrx_word' id='word_1_701' title='bbox 2840 3949 3037 4020; x_wconf 80' lang='grc' dir='ltr'>κομιδῇ</span> <span class='ocrx_word' id='word_1_702' title='bbox 3091 3954 3207 4016; x_wconf 81' lang='grc' dir='ltr'>τοῖς</span> <span class='ocrx_word' id='word_1_703' title='bbox 3254 3952 3508 4007; x_wconf 69' lang='grc' dir='ltr'>ἐθέλουσιν</span> 
     </span>
     <span class='ocr_line' id='line_1_94' title="bbox 1944 4034 3500 4113; baseline 0.007 -26"><span class='ocrx_word' id='word_1_704' title='bbox 1944 4034 2324 4106; x_wconf 79' lang='grc' dir='ltr'>ἀταλαίπωρον</span> <span class='ocrx_word' id='word_1_705' title='bbox 2382 4036 2533 4093; x_wconf 72' lang='grc' dir='ltr'>ἰδεῖν.</span> <span class='ocrx_word' id='word_1_706' title='bbox 2587 4038 2774 4092; x_wconf 85' lang='grc' dir='ltr'>Καίτοι</span> <span class='ocrx_word' id='word_1_707' title='bbox 2820 4040 2927 4110; x_wconf 77' lang='grc' dir='ltr'><strong>γὰρ</strong></span> <span class='ocrx_word' id='word_1_708' title='bbox 2960 4043 3018 4093; x_wconf 82' lang='grc' dir='ltr'><strong>ἐν</strong></span> <span class='ocrx_word' id='word_1_709' title='bbox 3066 4043 3247 4113; x_wconf 84' lang='grc' dir='ltr'>χρόνῳ</span> <span class='ocrx_word' id='word_1_710' title='bbox 3275 4044 3338 4098; x_wconf 82' lang='grc' dir='ltr'><strong>τὸ</strong></span> <span class='ocrx_word' id='word_1_711' title='bbox 3385 4040 3500 4098; x_wconf 62' lang='grc' dir='ltr'>εἶναι</span> 
     </span>
     <span class='ocr_line' id='line_1_95' title="bbox 1942 4127 3499 4206; baseline 0.009 -27"><span class='ocrx_word' id='word_1_712' title='bbox 1942 4127 2195 4198; x_wconf 85' lang='grc' dir='ltr'>λαχόντες</span> <span class='ocrx_word' id='word_1_713' title='bbox 2217 4168 2231 4191; x_wconf 91' lang='grc'>,</span> <span class='ocrx_word' id='word_1_714' title='bbox 2282 4127 2416 4198; x_wconf 82' lang='grc' dir='ltr'>ὁμοῦ</span> <span class='ocrx_word' id='word_1_715' title='bbox 2476 4133 2589 4192; x_wconf 82' lang='grc' dir='ltr'>τοῖς</span> <span class='ocrx_word' id='word_1_716' title='bbox 2645 4131 2917 4195; x_wconf 82' lang='grc' dir='ltr'>ούσιωδῶς</span> <span class='ocrx_word' id='word_1_717' title='bbox 2981 4134 3350 4206; x_wconf 83' lang='grc' dir='ltr'>ἐνυπάρχουσι</span> <span class='ocrx_word' id='word_1_718' title='bbox 3370 4178 3385 4202; x_wconf 90' lang='grc'>,</span> <span class='ocrx_word' id='word_1_719' title='bbox 3427 4135 3499 4191; x_wconf 66' lang='lat' dir='ltr'><strong>a!</strong></span> 
     </span>
     <span class='ocr_line' id='line_1_96' title="bbox 1942 4211 3500 4297; baseline 0.008 -25"><span class='ocrx_word' id='word_1_720' title='bbox 1942 4219 2260 4290; x_wconf 85' lang='grc' dir='ltr'>ἁχωρίστως</span> <span class='ocrx_word' id='word_1_721' title='bbox 2292 4211 2736 4290; x_wconf 76' lang='grc' dir='ltr'>προσπεφυκόσιν</span> <span class='ocrx_word' id='word_1_722' title='bbox 2757 4223 3208 4297; x_wconf 80' lang='grc' dir='ltr'>ἀπογεννώμεθα.</span> <span class='ocrx_word' id='word_1_723' title='bbox 3246 4222 3500 4284; x_wconf 68' lang='grc' dir='ltr'>Οὐδὲνῶτ</span> 
     </span>
     <span class='ocr_line' id='line_1_97' title="bbox 1939 4310 3497 4391; baseline 0.008 -27"><span class='ocrx_word' id='word_1_724' title='bbox 1939 4311 2049 4382; x_wconf 78' lang='grc' dir='ltr'>ἄρα</span> <span class='ocrx_word' id='word_1_725' title='bbox 2071 4311 2227 4363; x_wconf 71' lang='grc' dir='ltr'>νοοῖτ·</span> <span class='ocrx_word' id='word_1_726' title='bbox 2256 4310 2320 4363; x_wconf 86' lang='grc' dir='ltr'><strong>ἂν</strong></span> <span class='ocrx_word' id='word_1_727' title='bbox 2353 4312 2580 4375; x_wconf 80' lang='grc' dir='ltr'>εἰκότως</span> <span class='ocrx_word' id='word_1_728' title='bbox 2610 4314 2700 4366; x_wconf 76' lang='grc' dir='ltr'><strong>ἐπὶ</strong></span> <span class='ocrx_word' id='word_1_729' title='bbox 2721 4313 2857 4367; x_wconf 81' lang='grc' dir='ltr'>Θεοῦ</span> <span class='ocrx_word' id='word_1_730' title='bbox 2889 4316 2949 4369; x_wconf 81' lang='grc' dir='ltr'><strong>τὸ</strong></span> <span class='ocrx_word' id='word_1_731' title='bbox 2974 4317 3327 4390; x_wconf 75' lang='grc' dir='ltr'>συμὸεῦηκὺς</span> <span class='ocrx_word' id='word_1_732' title='bbox 3354 4319 3497 4391; x_wconf 61' lang='lat' dir='ltr'><strong>abu?-</strong></span> 
     </span>
     <span class='ocr_line' id='line_1_98' title="bbox 1942 4403 3500 4482; baseline 0.009 -27"><span class='ocrx_word' id='word_1_733' title='bbox 1942 4403 2052 4456; x_wconf 77' lang='grc' dir='ltr'><strong>Καὶ</strong></span> <span class='ocrx_word' id='word_1_734' title='bbox 2076 4403 2235 4472; x_wconf 71' lang='grc' dir='ltr'>εἴπερ</span> <span class='ocrx_word' id='word_1_735' title='bbox 2264 4403 2380 4456; x_wconf 76' lang='grc' dir='ltr'>ἐστὶ</span> <span class='ocrx_word' id='word_1_736' title='bbox 2413 4404 2480 4456; x_wconf 76' lang='grc' dir='ltr'><strong>τὰ</strong></span> <span class='ocrx_word' id='word_1_737' title='bbox 2516 4405 2923 4476; x_wconf 78' lang='grc' dir='ltr'>συμόεΰηκότα,</span> <span class='ocrx_word' id='word_1_738' title='bbox 2960 4409 2993 4480; x_wconf 80' lang='grc' dir='ltr'>ἢ</span> <span class='ocrx_word' id='word_1_739' title='bbox 3038 4411 3131 4464; x_wconf 78' lang='grc' dir='ltr'><strong>καὶ</strong></span> <span class='ocrx_word' id='word_1_740' title='bbox 3165 4414 3411 4482; x_wconf 74' lang='grc' dir='ltr'>φυσικῶς</span> <span class='ocrx_word' id='word_1_741' title='bbox 3429 4416 3500 4467; x_wconf 70' lang='grc' dir='ltr'><strong>ἐν·</strong></span> 
     </span>
     <span class='ocr_line' id='line_1_99' title="bbox 1940 4496 3499 4576; baseline 0.01 -28"><span class='ocrx_word' id='word_1_742' title='bbox 1940 4496 2068 4548; x_wconf 88' lang='grc' dir='ltr'>όντα</span> <span class='ocrx_word' id='word_1_743' title='bbox 2100 4497 2219 4558; x_wconf 85' lang='grc' dir='ltr'>ταῖς</span> <span class='ocrx_word' id='word_1_744' title='bbox 2251 4513 2411 4550; x_wconf 88' lang='grc' dir='ltr'>τινων</span> <span class='ocrx_word' id='word_1_745' title='bbox 2462 4497 2691 4561; x_wconf 81' lang='grc' dir='ltr'>οὐσίαις,</span> <span class='ocrx_word' id='word_1_746' title='bbox 2722 4499 2821 4552; x_wconf 87' lang='grc' dir='ltr'><strong>ούκ</strong></span> <span class='ocrx_word' id='word_1_747' title='bbox 2856 4502 2914 4553; x_wconf 83' lang='grc' dir='ltr'><strong>ὲν</strong></span> <span class='ocrx_word' id='word_1_748' title='bbox 2940 4502 3174 4576; x_wconf 74' lang='grc' dir='ltr'>ὑπάρξει</span> <span class='ocrx_word' id='word_1_749' title='bbox 3206 4506 3272 4576; x_wconf 84' lang='grc' dir='ltr'><strong>δὴ</strong></span> <span class='ocrx_word' id='word_1_750' title='bbox 3307 4508 3499 4569; x_wconf 67' lang='grc' dir='ltr'>πάντως</span> 
     </span>
     <span class='ocr_line' id='line_1_100' title="bbox 1940 4587 3497 4671; baseline 0.008 -32"><span class='ocrx_word' id='word_1_751' title='bbox 1940 4587 2078 4640; x_wconf 77' lang='grc' dir='ltr'>αὐτὰ</span> <span class='ocrx_word' id='word_1_752' title='bbox 2121 4590 2243 4641; x_wconf 75' lang='grc' dir='ltr'>καθ’</span> <span class='ocrx_word' id='word_1_753' title='bbox 2290 4590 2460 4643; x_wconf 77' lang='grc' dir='ltr'>ἑαυτὰ</span> <span class='ocrx_word' id='word_1_754' title='bbox 2492 4594 2556 4661; x_wconf 79' lang='grc' dir='ltr'><strong>τῇ</strong></span> <span class='ocrx_word' id='word_1_755' title='bbox 2595 4591 2701 4663; x_wconf 76' lang='grc' dir='ltr'>ἰδίᾳ</span> <span class='ocrx_word' id='word_1_756' title='bbox 2727 4593 2823 4645; x_wconf 76' lang='grc' dir='ltr'><strong>καὶ</strong></span> <span class='ocrx_word' id='word_1_757' title='bbox 2870 4593 3233 4671; x_wconf 69' lang='grc' dir='ltr'>διωρισμένη,</span> <span class='ocrx_word' id='word_1_758' title='bbox 3272 4598 3497 4668; x_wconf 66' lang='grc' dir='ltr'>καθάπερ</span> 
     </span>
     <span class='ocr_line' id='line_1_101' title="bbox 1937 4679 3499 4758; baseline 0.01 -27"><span class='ocrx_word' id='word_1_759' title='bbox 1937 4681 2024 4731; x_wconf 78' lang='grc' dir='ltr'><strong>ἐπ’</strong></span> <span class='ocrx_word' id='word_1_760' title='bbox 2059 4679 2346 4751; x_wconf 80' lang='grc' dir='ltr'>ἀνθρώπου</span> <span class='ocrx_word' id='word_1_761' title='bbox 2378 4683 2682 4757; x_wconf 84' lang='grc' dir='ltr'>νοοῦμεν,ἣ</span> <span class='ocrx_word' id='word_1_762' title='bbox 2711 4684 2841 4752; x_wconf 88' lang='grc' dir='ltr'>γοῦν</span> <span class='ocrx_word' id='word_1_763' title='bbox 2874 4687 2960 4755; x_wconf 81' lang='grc' dir='ltr'><strong>ἐφ’</strong></span> <span class='ocrx_word' id='word_1_764' title='bbox 2990 4688 3183 4758; x_wconf 76' lang='grc' dir='ltr'>ἑτέρον</span> <span class='ocrx_word' id='word_1_765' title='bbox 3214 4690 3330 4744; x_wconf 80' lang='grc' dir='ltr'><strong>τῶν</strong></span> <span class='ocrx_word' id='word_1_766' title='bbox 3352 4691 3499 4745; x_wconf 70' lang='grc' dir='ltr'>ὄντων</span> 
     </span>
     <span class='ocr_line' id='line_1_102' title="bbox 1936 4771 3498 4846; baseline 0.009 -22"><span class='ocrx_word' id='word_1_767' title='bbox 1936 4771 2098 4836; x_wconf 70' lang='grc' dir='ltr'>τινὸς,</span> <span class='ocrx_word' id='word_1_768' title='bbox 2140 4775 2332 4843; x_wconf 73' lang='grc' dir='ltr'>ὁρᾶται</span> <span class='ocrx_word' id='word_1_769' title='bbox 2360 4774 2416 4826; x_wconf 77' lang='grc' dir='ltr'><strong>δὲ</strong></span> <span class='ocrx_word' id='word_1_770' title='bbox 2452 4775 2650 4844; x_wconf 83' lang='grc' dir='ltr'>μᾶλλον</span> <span class='ocrx_word' id='word_1_771' title='bbox 2679 4779 2808 4846; x_wconf 78' lang='grc' dir='ltr'>περὶ</span> <span class='ocrx_word' id='word_1_772' title='bbox 2846 4777 2943 4843; x_wconf 85' lang='grc' dir='ltr'><strong>τὰς</strong></span> <span class='ocrx_word' id='word_1_773' title='bbox 2971 4778 3081 4832; x_wconf 82' lang='grc' dir='ltr'><strong>τῶν</strong></span> <span class='ocrx_word' id='word_1_774' title='bbox 3111 4779 3289 4835; x_wconf 76' lang='grc' dir='ltr'>ὅντων</span> <span class='ocrx_word' id='word_1_775' title='bbox 3309 4781 3498 4845; x_wconf 76' lang='grc' dir='ltr'>οὐσίας.</span> 
     </span>
     <span class='ocr_line' id='line_1_103' title="bbox 1936 4862 3501 4939; baseline 0.008 -27"><span class='ocrx_word' id='word_1_776' title='bbox 1936 4862 2102 4931; x_wconf 74' lang='grc' dir='ltr'>ἤγουν</span> <span class='ocrx_word' id='word_1_777' title='bbox 2149 4864 2205 4914; x_wconf 83' lang='grc' dir='ltr'><strong>ἐν</strong></span> <span class='ocrx_word' id='word_1_778' title='bbox 2234 4863 2444 4925; x_wconf 79' lang='grc' dir='ltr'>αὐταῖς,</span> <span class='ocrx_word' id='word_1_779' title='bbox 2482 4867 2631 4917; x_wconf 85' lang='grc' dir='ltr'>ποῖον</span> <span class='ocrx_word' id='word_1_780' title='bbox 2669 4864 2812 4935; x_wconf 85' lang='grc' dir='ltr'>ἔχειν</span> <span class='ocrx_word' id='word_1_781' title='bbox 2840 4867 2895 4918; x_wconf 84' lang='grc' dir='ltr'><strong>ὲν</strong></span> <span class='ocrx_word' id='word_1_782' title='bbox 2924 4866 3047 4938; x_wconf 80' lang='grc' dir='ltr'>Θεῷ</span> <span class='ocrx_word' id='word_1_783' title='bbox 3076 4868 3244 4921; x_wconf 77' lang='grc' dir='ltr'>τόπον</span> <span class='ocrx_word' id='word_1_784' title='bbox 3280 4870 3345 4924; x_wconf 72' lang='grc' dir='ltr'><strong>τὸ</strong></span> <span class='ocrx_word' id='word_1_785' title='bbox 3364 4869 3501 4939; x_wconf 70' lang='grc' dir='ltr'>ἀγίν-</span> 
     </span>
     <span class='ocr_line' id='line_1_104' title="bbox 1936 4956 3501 5032; baseline 0.004 -26"><span class='ocrx_word' id='word_1_786' title='bbox 1936 4971 2096 5025; x_wconf 81' lang='grc' dir='ltr'>νητον</span> <span class='ocrx_word' id='word_1_787' title='bbox 2141 4956 2542 5026; x_wconf 74' lang='grc' dir='ltr'>ύποτοπητέονς</span> <span class='ocrx_word' id='word_1_788' title='bbox 2582 4958 2642 5010; x_wconf 83' lang='lat' dir='ltr'><strong>Et</strong></span> <span class='ocrx_word' id='word_1_789' title='bbox 2690 4959 2800 5028; x_wconf 83' lang='grc' dir='ltr'><strong>γάρ</strong></span> <span class='ocrx_word' id='word_1_790' title='bbox 2846 4958 2962 5011; x_wconf 81' lang='grc' dir='ltr'>ἐστί</span> <span class='ocrx_word' id='word_1_791' title='bbox 3019 4975 3071 5012; x_wconf 85' lang='grc' dir='ltr'><strong>τι</strong></span> <span class='ocrx_word' id='word_1_792' title='bbox 3112 4960 3180 5013; x_wconf 75' lang='grc' dir='ltr'><strong>τὸ</strong></span> <span class='ocrx_word' id='word_1_793' title='bbox 3229 4962 3501 5032; x_wconf 73' lang='grc' dir='ltr'>ἀγέννητον</span> 
     </span>
     <span class='ocr_line' id='line_1_105' title="bbox 1938 5046 3499 5124; baseline 0.004 -25"><span class='ocrx_word' id='word_1_794' title='bbox 1938 5047 2066 5099; x_wconf 77' lang='grc' dir='ltr'>αὐτὸ</span> <span class='ocrx_word' id='word_1_795' title='bbox 2106 5046 2226 5098; x_wconf 74' lang='grc' dir='ltr'>καθ’</span> <span class='ocrx_word' id='word_1_796' title='bbox 2258 5047 2437 5113; x_wconf 79' lang='grc' dir='ltr'>ἑαυτὸ,</span> <span class='ocrx_word' id='word_1_797' title='bbox 2480 5048 2575 5100; x_wconf 73' lang='grc' dir='ltr'><strong>καὶ</strong></span> <span class='ocrx_word' id='word_1_798' title='bbox 2602 5049 2661 5099; x_wconf 83' lang='grc' dir='ltr'><strong>ὲν</strong></span> <span class='ocrx_word' id='word_1_799' title='bbox 2697 5047 2929 5118; x_wconf 77' lang='grc' dir='ltr'>ὑπάρξει</span> <span class='ocrx_word' id='word_1_800' title='bbox 2971 5051 3036 5119; x_wconf 78' lang='grc' dir='ltr'><strong>τῇ</strong></span> <span class='ocrx_word' id='word_1_801' title='bbox 3082 5050 3193 5120; x_wconf 69' lang='grc' dir='ltr'><strong>ἰδίᾳ</strong></span> <span class='ocrx_word' id='word_1_802' title='bbox 3230 5051 3499 5124; x_wconf 75' lang='grc' dir='ltr'>κείμενον·</span> 
     </span>
     <span class='ocr_line' id='line_1_106' title="bbox 1936 5138 3499 5211; baseline 0.003 -21"><span class='ocrx_word' id='word_1_803' title='bbox 1936 5138 2048 5191; x_wconf 78' lang='grc' dir='ltr'>ἐστι</span> <span class='ocrx_word' id='word_1_804' title='bbox 2078 5140 2135 5191; x_wconf 84' lang='grc' dir='ltr'><strong>δὲ</strong></span> <span class='ocrx_word' id='word_1_805' title='bbox 2167 5138 2344 5204; x_wconf 80' lang='grc' dir='ltr'>τοῦτο,</span> <span class='ocrx_word' id='word_1_806' title='bbox 2376 5139 2624 5211; x_wconf 80' lang='grc' dir='ltr'>καθάπερ</span> <span class='ocrx_word' id='word_1_807' title='bbox 2650 5141 2846 5194; x_wconf 82' lang='grc' dir='ltr'>ἐκεῖνοί</span> <span class='ocrx_word' id='word_1_808' title='bbox 2881 5159 3066 5209; x_wconf 81' lang='grc' dir='ltr'>φασιν,</span> <span class='ocrx_word' id='word_1_809' title='bbox 3105 5143 3241 5198; x_wconf 81' lang='grc' dir='ltr'>ἴδιον</span> <span class='ocrx_word' id='word_1_810' title='bbox 3267 5144 3365 5199; x_wconf 81' lang='grc' dir='ltr'><strong>τοῦ</strong></span> <span class='ocrx_word' id='word_1_811' title='bbox 3383 5138 3499 5198; x_wconf 75' lang='grc' dir='ltr'>Θεοῦ</span> 
     </span>
     <span class='ocr_line' id='line_1_107' title="bbox 1936 5230 3495 5302; baseline 0.003 -21"><span class='ocrx_word' id='word_1_812' title='bbox 1936 5230 2027 5282; x_wconf 76' lang='grc' dir='ltr'><strong>καὶ</strong></span> <span class='ocrx_word' id='word_1_813' title='bbox 2057 5230 2295 5300; x_wconf 83' lang='grc' dir='ltr'>Πατρός·</span> <span class='ocrx_word' id='word_1_814' title='bbox 2326 5231 2512 5301; x_wconf 73' lang='grc' dir='ltr'>ἕτερον</span> <span class='ocrx_word' id='word_1_815' title='bbox 2569 5232 2634 5284; x_wconf 84' lang='grc' dir='ltr'><strong>ἂν</strong></span> <span class='ocrx_word' id='word_1_816' title='bbox 2671 5231 2755 5302; x_wconf 82' lang='grc' dir='ltr'>εἴη</span> <span class='ocrx_word' id='word_1_817' title='bbox 2789 5233 2938 5298; x_wconf 73' lang='grc' dir='ltr'>παρὰ</span> <span class='ocrx_word' id='word_1_818' title='bbox 2967 5233 3057 5286; x_wconf 68' lang='grc' dir='ltr'><strong>τὸν</strong></span> <span class='ocrx_word' id='word_1_819' title='bbox 3087 5230 3149 5287; x_wconf 73' lang='grc' dir='ltr'><strong>οῦ</strong></span> <span class='ocrx_word' id='word_1_820' title='bbox 3182 5238 3335 5290; x_wconf 76' lang='grc' dir='ltr'>ἐστιν</span> <span class='ocrx_word' id='word_1_821' title='bbox 3363 5236 3495 5291; x_wconf 73' lang='grc' dir='ltr'>ίδιον.</span> 
     </span>
     <span class='ocr_line' id='line_1_108' title="bbox 1936 5321 3500 5401; baseline 0.007 -29"><span class='ocrx_word' id='word_1_822' title='bbox 1936 5321 2009 5372; x_wconf 85' lang='grc' dir='ltr'><strong>Τὸ</strong></span> <span class='ocrx_word' id='word_1_823' title='bbox 2040 5323 2148 5391; x_wconf 85' lang='grc' dir='ltr'><strong>γάρ</strong></span> <span class='ocrx_word' id='word_1_824' title='bbox 2177 5338 2318 5384; x_wconf 87' lang='grc' dir='ltr'>τινος</span> <span class='ocrx_word' id='word_1_825' title='bbox 2346 5321 2404 5374; x_wconf 82' lang='grc' dir='ltr'><strong>’ὸν</strong></span> <span class='ocrx_word' id='word_1_826' title='bbox 2424 5363 2437 5387; x_wconf 94' lang='grc'>,</span> <span class='ocrx_word' id='word_1_827' title='bbox 2479 5324 2573 5375; x_wconf 76' lang='grc' dir='ltr'><strong>καὶ</strong></span> <span class='ocrx_word' id='word_1_828' title='bbox 2614 5322 2857 5393; x_wconf 78' lang='grc' dir='ltr'>ὑπάρχον</span> <span class='ocrx_word' id='word_1_829' title='bbox 2892 5324 3301 5392; x_wconf 75' lang='grc' dir='ltr'>Ξδιοσυστάτως,</span> <span class='ocrx_word' id='word_1_830' title='bbox 3334 5324 3500 5401; x_wconf 52' lang='lat' dir='ltr'><strong>&amp;cepit</strong></span> 
     </span>
     <span class='ocr_line' id='line_1_109' title="bbox 1937 5411 3501 5485; baseline 0.003 -21"><span class='ocrx_word' id='word_1_831' title='bbox 1937 5429 2037 5464; x_wconf 79' lang='grc' dir='ltr'><strong>που</strong></span> <span class='ocrx_word' id='word_1_832' title='bbox 2065 5414 2279 5476; x_wconf 73' lang='grc' dir='ltr'>πάντως</span> <span class='ocrx_word' id='word_1_833' title='bbox 2310 5414 2427 5466; x_wconf 80' lang='grc' dir='ltr'>ἐστὶ</span> <span class='ocrx_word' id='word_1_834' title='bbox 2461 5415 2610 5485; x_wconf 70' lang='grc' dir='ltr'>παρὰ</span> <span class='ocrx_word' id='word_1_835' title='bbox 2637 5414 2727 5467; x_wconf 74' lang='grc' dir='ltr'><strong>τὸν</strong></span> <span class='ocrx_word' id='word_1_836' title='bbox 2762 5411 2824 5469; x_wconf 68' lang='grc' dir='ltr'><strong>οὗ</strong></span> <span class='ocrx_word' id='word_1_837' title='bbox 2877 5417 3011 5470; x_wconf 80' lang='grc' dir='ltr'>ἐστι.</span> <span class='ocrx_word' id='word_1_838' title='bbox 3045 5419 3158 5471; x_wconf 72' lang='grc' dir='ltr'><strong>Καὶ</strong></span> <span class='ocrx_word' id='word_1_839' title='bbox 3194 5419 3501 5474; x_wconf 80' lang='grc' dir='ltr'>δεδίπλωται</span> 
     </span>
     <span class='ocr_line' id='line_1_110' title="bbox 1934 5503 3596 5582; baseline 0.007 -27"><span class='ocrx_word' id='word_1_840' title='bbox 1934 5503 2117 5556; x_wconf 84' lang='grc' dir='ltr'>λοιπὸν</span> <span class='ocrx_word' id='word_1_841' title='bbox 2144 5506 2177 5574; x_wconf 76' lang='grc' dir='ltr'><strong>ἡ</strong></span> <span class='ocrx_word' id='word_1_842' title='bbox 2234 5503 2378 5573; x_wconf 80' lang='grc' dir='ltr'>ἁπλῆ</span> <span class='ocrx_word' id='word_1_843' title='bbox 2427 5503 2522 5557; x_wconf 89' lang='grc' dir='ltr'><strong>τοῦ</strong></span> <span class='ocrx_word' id='word_1_844' title='bbox 2558 5505 2769 5573; x_wconf 78' lang='grc' dir='ltr'>Πατρὸς</span> <span class='ocrx_word' id='word_1_845' title='bbox 2803 5505 2986 5576; x_wconf 79' lang='grc' dir='ltr'>φύσις,</span> <span class='ocrx_word' id='word_1_846' title='bbox 3023 5508 3087 5560; x_wconf 83' lang='grc' dir='ltr'><strong>ὲκ</strong></span> <span class='ocrx_word' id='word_1_847' title='bbox 3142 5510 3356 5582; x_wconf 79' lang='grc' dir='ltr'>πατρὸς</span> <span class='ocrx_word' id='word_1_848' title='bbox 3384 5509 3502 5581; x_wconf 71' lang='grc' dir='ltr'>ἡμῖν</span> <span class='ocrx_word' id='word_1_849' title='bbox 3593 5562 3596 5567; x_wconf 93' lang='grc'>.</span> 
     </span>
     <span class='ocr_line' id='line_1_111' title="bbox 1934 5597 3498 5669; baseline 0.002 -20"><span class='ocrx_word' id='word_1_850' title='bbox 1934 5597 2026 5650; x_wconf 74' lang='grc' dir='ltr'><strong>καὶ</strong></span> <span class='ocrx_word' id='word_1_851' title='bbox 2078 5597 2371 5666; x_wconf 78' lang='grc' dir='ltr'>ἀγεννήτου</span> <span class='ocrx_word' id='word_1_852' title='bbox 2410 5597 2816 5668; x_wconf 70' lang='grc' dir='ltr'>συντεθειμένη.</span> <span class='ocrx_word' id='word_1_853' title='bbox 2868 5599 3214 5669; x_wconf 79' lang='grc' dir='ltr'>Προσεκτέον</span> <span class='ocrx_word' id='word_1_854' title='bbox 3264 5603 3345 5663; x_wconf 76' lang='grc' dir='ltr'>δὲ,</span> <span class='ocrx_word' id='word_1_855' title='bbox 3389 5599 3498 5668; x_wconf 74' lang='grc' dir='ltr'>οὐχὶ</span> 
     </span>
     <span class='ocr_line' id='line_1_112' title="bbox 1934 5686 3494 5760; baseline 0.004 -23"><span class='ocrx_word' id='word_1_856' title='bbox 1934 5689 2048 5748; x_wconf 70' lang='grc' dir='ltr'>ταῖς</span> <span class='ocrx_word' id='word_1_857' title='bbox 2078 5686 2299 5738; x_wconf 76' lang='grc' dir='ltr'>ἐκείνων</span> <span class='ocrx_word' id='word_1_858' title='bbox 2328 5686 2734 5756; x_wconf 63' lang='grc' dir='ltr'>δοκησισοςίαις</span> <span class='ocrx_word' id='word_1_859' title='bbox 2756 5728 2770 5751; x_wconf 91' lang='grc'>,</span> <span class='ocrx_word' id='word_1_860' title='bbox 2804 5689 2939 5742; x_wconf 70' lang='grc' dir='ltr'>ἀλλὰ</span> <span class='ocrx_word' id='word_1_861' title='bbox 2988 5694 3107 5754; x_wconf 81' lang='grc' dir='ltr'>ταῖς</span> <span class='ocrx_word' id='word_1_862' title='bbox 3132 5692 3228 5744; x_wconf 84' lang='grc' dir='ltr'><strong>τοῦ</strong></span> <span class='ocrx_word' id='word_1_863' title='bbox 3260 5691 3494 5760; x_wconf 64' lang='grc' dir='ltr'>Σωτῆρος</span> 
     </span>
     <span class='ocr_line' id='line_1_113' title="bbox 1933 5774 3489 5856; baseline 0.002 -25"><span class='ocrx_word' id='word_1_864' title='bbox 1933 5781 2155 5848; x_wconf 80' lang='grc' dir='ltr'>φωναῖς,</span> <span class='ocrx_word' id='word_1_865' title='bbox 2194 5774 2252 5832; x_wconf 74' lang='grc' dir='ltr'>εὖ</span> <span class='ocrx_word' id='word_1_866' title='bbox 2297 5778 2440 5848; x_wconf 68' lang='grc' dir='ltr'>μάλα</span> <span class='ocrx_word' id='word_1_867' title='bbox 2470 5779 2921 5849; x_wconf 77' lang='grc' dir='ltr'>ὃιαγινώσκοντος</span> <span class='ocrx_word' id='word_1_868' title='bbox 2964 5785 3064 5856; x_wconf 70' lang='grc' dir='ltr'><strong>τήν</strong></span> <span class='ocrx_word' id='word_1_869' title='bbox 3105 5801 3161 5839; x_wconf 83' lang='grc' dir='ltr'><strong>τε</strong></span> <span class='ocrx_word' id='word_1_870' title='bbox 3186 5783 3377 5840; x_wconf 76' lang='grc' dir='ltr'>ἑαυτοῦ</span> <span class='ocrx_word' id='word_1_871' title='bbox 3411 5780 3489 5834; x_wconf 69' lang='grc' dir='ltr'><strong>καὶ</strong></span> 
     </span>
    </p>
   </div>
  </div>
 </body>
</html>
