3809 6125
218 245 356 302 1475

1379 254 1470 311 m:
1496 252 2023 316 JNCARNATmNss
2058 257 2318 317 noum.

3321 262 3460 321 1474

214 359 630 432 συνεισφέρεται
651 376 668 395 ·
695 362 907 436 τροπῆς
945 363 1005 418 et
1037 366 1334 440 εἰσιούσης,
1368 368 1493 424 οὔτε
1537 370 1672 445 Θεὸς
1697 371 1794 425 ἐπὶ
1821 378 1869 437 A
1895 374 2188 430 comitatur
2219 393 2234 432 z
2272 374 2419 432 sacta
2472 374 2705 445 denique
2736 377 3057 445 mutatione,
3100 391 3276 449 neque
3312 379 3460 438 Deus

211 454 310 525 τῆς
341 452 477 519 ἰδίας
503 452 653 525 μένοι
688 452 756 509 ἂν
791 454 1029 524 φύσεως,
1071 455 1196 513 οὔτε
1237 458 1522 533 ἄνθρωπος
1552 463 1649 516 ἐπὶ
1690 462 1790 535 τῆς

210 545 438 609 οίκείας.
496 544 736 617 ’Δνάγκη
809 544 920 618 γὰρ
972 547 1237 619 ἐκστῆναι
1280 550 1390 606 τῶν
1455 552 1556 624 τῆς
1601 552 1790 618 οὐσίας

208 636 355 709 ὅρων
383 636 666 709 ἑκάτερον,
693 635 790 690 καὶ
811 637 952 709 μήτε
977 637 1069 692 τὸν
1095 636 1230 694 Θεὸν
1253 638 1621 712 γνωρίζεσθαι
1631 641 1787 708 Θεὸν,

214 727 354 800 μήτε
397 728 492 783 τὸν
531 726 837 800 ἄνθρωπον,
881 727 1168 799 ἄνθρωπον
1204 728 1303 802 (i).
1347 730 1519 786 Τοῦτο
1564 731 1622 786 δὲ
1668 732 1792 788 οὐδὲ

210 818 305 873 επὶ
328 819 429 891 τῆς
460 817 554 873 τοῦ
577 817 871 891 ἀνθρώπου
915 820 1264 892 κατασκευῆς
1305 820 1461 877 λάὸοι
1504 822 1571 878 ἀν
1598 840 1694 889 1τις
1726 818 1788 879 εὖ

210 910 446 983 φρονῶν.
482 910 557 965 oo
589 909 700 983 γὰρ
743 909 824 983 τῷ
857 909 1071 983 σώματι
1103 912 1204 986 τῆν
1248 912 1426 986 ψυχὴν
1463 915 1789 987 κεκρᾶσθαι,

209 999 327 1055 ἀλλ’
352 998 615 1073 ἡνῶσθαι,
644 999 741 1055 καὶ
771 1000 1061 1072 συνῆφθαι,
1086 1002 1181 1055 καὶ
1204 1003 1394 1069 οἰκεῖν,
1424 1003 1521 1057 καὶ
1544 1005 1791 1075 ἐνεργεῖν

212 1108 412 1164 φαμεν.
445 1092 558 1146 Καὶ
585 1090 711 1146 οὔτε
752 1093 856 1165 τὴν
881 1093 1062 1165 ψυχὴν
1093 1092 1313 1166 θνητὴν,
1356 1093 1482 1149 οὔτε
1518 1095 1583 1151 τδ
1629 1096 1791 1166 σῶμα

210 1184 354 1238 εῖποι
382 1200 470 1249 τις
497 1183 564 1237 ἀν
588 1183 879 1251 ἀθάνατον,
926 1185 1001 1256 μὴ
1036 1185 1232 1258 κομιδῇ
1264 1187 1617 1258 παραπαίων,
1655 1187 1792 1243 ἀλλά

210 1275 311 1345 τὴν
353 1274 454 1346 μὲν
496 1274 767 1345 ἑκατέραν
805 1273 1042 1347 [φύσιν]
1087 1276 1428 1352 διαιροῦμεν,
1476 1278 1539 1333 ἒν
1569 1278 1627 1333 δὲ
1653 1277 1792 1344 ζῶον

212 1366 552 1438 γνωρίζομεν
571 1365 634 1420 τὸ
653 1364 712 1432 ἐξ
732 1365 957 1421 ἐκείνων
975 1365 1126 1439 [cod.
1157 1366 1391 1440 ἐκείνου]
1414 1369 1789 1441 συγκείμενον·

194 1452 310 1519 4καὶ
325 1454 592 1527 ἑκατέραν
623 1453 723 1526 μὲν
766 1454 930 1525 φύσιν
979 1455 1331 1530 διῃρημένοις
1367 1456 1629 1529 ὀνόμασιν
1673 1457 1793 1513 evo-

214 1545 482 1616 μάζομεν,
531 1545 632 1617 τὴν
666 1546 767 1617 μὲν
794 1544 994 1617 ψυχὴν,
1024 1545 1086 1600 τὸ
1110 1546 1167 1600 δὲ
1200 1546 1381 1618 σῶμα,
1421 1548 1482 1601 τὸ
1519 1548 1575 1601 δὲ
1605 1547 1666 1615 ἐξ
1687 1551 1792 1620 άμ-

213 1638 458 1710 φοτέρων
491 1639 823 1709 συνεστηκὸς
852 1637 991 1704 ζῶον
1031 1638 1204 1710 ἑτέρῳ
1232 1639 1506 1710 καλοῦμεν
1529 1639 1788 1711 ὀνόματι·

1892 465 1949 521 in
2004 466 2220 538 propria
2256 475 2448 524 natura
2492 468 2850 538 permanebit,
2905 486 3079 541 neque
3116 472 3246 530 item
3294 473 3461 535 bomo
3514 494 3517 497 “

1890 557 1948 613 in
1977 572 2098 613 sua.
2142 557 2378 616 Necesse
2430 567 2519 616 est
2564 560 2709 615 enim
2757 570 2817 616 ut
2843 570 3069 632 uterque
3114 578 3183 619 ex
3228 567 3463 636 propi-ns

1890 647 2203 703 substantia
2261 647 2458 704 linibus
2512 649 2737 707 decedat
2787 667 2806 717 ;
2845 649 2919 705 ita
2980 662 3040 706 ut
3088 668 3266 723 neque
3317 654 3461 713 Deus

1890 739 2141 794 videatur
2172 737 2283 807 iam
2315 738 2478 804 Deus,
2516 754 2691 809 neque
2716 740 2875 796 homo
2905 742 3031 797 item
3077 744 3264 801 bomo.
3293 746 3459 816 Atqui

1893 827 1997 884 boc
2031 842 2098 885 ne
2130 828 2183 884 in
2215 828 2451 885 bominis
2479 829 2699 899 quidem
2724 839 2994 887 structura
3023 834 3306 903 quisquam
3334 851 3463 908 pru-

1890 916 2023 973 dens
2074 918 2174 973 sibi
2209 919 2552 989 persuadeat.
2597 918 2714 975 Non
2757 920 2901 976 enim
2962 923 3176 991 corpori
3219 925 3460 981 animam

1891 1017 2227 1075 concretam,
2254 1010 2347 1064 sed
2373 1010 2579 1064 unitam
2612 1010 3025 1081 copulatamque
3047 1012 3463 1072 inhabitantem-

1888 1112 1998 1169 que
2022 1108 2076 1155 et
2102 1097 2263 1154 simul
2290 1110 2602 1169 operantem
2645 1100 2893 1157 dicimus.
2937 1099 3119 1172 Neque
3153 1102 3285 1157 item
3344 1104 3465 1160 ani-

1890 1203 2033 1244 mam
2064 1191 2367 1255 mortalem,
2402 1205 2577 1261 neque
2611 1206 2807 1261 corpus
2836 1192 3141 1248 immortale
3167 1194 3459 1264 quisquam

1896 1277 2043 1334 dicet
2072 1279 2174 1333 nisi
2200 1280 2374 1349 {plane
2408 1281 2710 1351 desipiens;
2751 1282 2846 1338 sed
2886 1293 3173 1355 utramque
3211 1295 3461 1341 naturam

1888 1368 2272 1436 discernimus,
2326 1387 2493 1426 unum
2539 1380 2718 1428 tamen
2757 1373 2957 1429 animal
2999 1370 3353 1446 agnoscimus
3395 1391 3464 1431 ex

1890 1458 2001 1517 illis
2028 1447 2387 1530 compositum
2420 1479 2434 1517 t
2469 1470 2524 1518 et
2578 1472 2866 1533 utramque
2912 1472 3162 1520 naturam
3231 1467 3465 1522 diversis

1891 1552 2206 1609 nominibus
2237 1553 2559 1618 vocitamus,
2581 1557 2818 1610 animam
2843 1555 3053 1611 scilicet
3073 1568 3238 1628 atque
3263 1572 3464 1630 corpus

1890 1640 2123 1698 dicimus
2153 1658 2168 1709 ;
2199 1644 2341 1714 qnod
2374 1658 2503 1698 vero
2528 1658 2596 1698 ex
2627 1653 2856 1713 utraque
2874 1660 2932 1700 re
2953 1648 3217 1702 conflatur
3234 1646 3460 1713 animal,

212 1730 498 1804 ἄνθρωπον
543 1731 653 1803 γὰρ
698 1730 1182 1803 προσαγορεύομεν
1224 1730 1324 1804 (2).
1374 1730 1557 1785 Ταῦτα
1606 1731 1788 1787 τοίνυν
1815 1721 1861 1780 Β
1889 1728 1997 1785 alio
2014 1731 2235 1786 nomine
2254 1745 2533 1797 vocamus,
2554 1732 2828 1788 hominem
2860 1734 3070 1790 scilicet
3096 1736 3459 1793 nominamus.

212 1823 310 1877 καὶ
351 1822 446 1877 ἰπὶ
475 1821 576 1895 τῆς
610 1821 924 1894 οἰκονομίας
975 1820 1073 1894 τὴν
1117 1822 1304 1878 εἰκόνα
1350 1821 1626 1889 λαδόντες,
1684 1820 1788 1893 τῆς

215 1911 565 1985 βλασφημίας
582 1911 987 1984 ἀπαλλαγῶμεν
1017 1912 1260 1985 ιἐκείνης’»
1307 1913 1401 1967 καὶ
1456 1912 1556 1986 τὴν
1590 1913 1790 1984 κρᾶσιν

213 2005 607 2070 καταλιπόντες
635 2005 832 2077 (5),τῷ
854 2005 954 2077 τῆς
981 2003 1228 2071 ένὼσεως
1242 2006 1336 2059 καὶ
1368 2004 1666 2088 συναφείας
1693 2005 1790 2061 καὶ

214 2098 500 2161 κοινωνίας
542 2097 767 2169 ὀνόματι
805 2097 1076 2170 χρώμενοι
1099 2096 1498 2168 «διατελέσωμεν
1526 2112 1542 2127 ·
1575 2097 1790 2166 φύσεων

218 2188 317 2261 μὲν
365 2179 528 2260 [cod.
567 2188 807 2261 φύσεως]
835 2188 1126 2261 διάκρισιν,
1159 2187 1454 2261 προσώπου
1496 2188 1552 2242 δὲ
1593 2188 1789 2243 ἕνωσιν

213 2279 659 2351 δογματίζοντες.
719 2277 878 2334 Οὕτω
926 2279 1027 2350 τὴν
1088 2280 1299 2350 Ἀρείου
1359 2278 1456 2333 καὶ
1520 2278 1790 2349 Εὐνομίαν

217 2372 567 2443 βλασφημίαν
611 2370 997 2443 ὲλέγξομεν,τά
1056 2372 1157 2442 μὲν
1206 2371 1479 2436 ταπεινῶς
1525 2371 1796 2443 εἰρημένα

216 2464 312 2518 καὶ
359 2463 723 2534 πεπραγμένα
749 2461 828 2533 τῷ
857 2461 1067 2533 Σωτῆρι
1100 2461 1340 2533 Χριστῷ,
1385 2460 1793 2531 προσάπτοντες

215 2556 281 2625 τῇ
311 2552 405 2607 τοῦ
433 2553 619 2607 δούλου
650 2556 852 2624 μορφῇ·
876 2550 945 2606 τὰ
970 2553 1026 2607 δὲ
1055 2551 1235 2622 ὑψηλά
1264 2550 1358 2606 καὶ
1390 2549 1669 2621 θεοπρεπῆ
1698 2550 1794 2604 καὶ

220 2642 466 2714 μεγάλα,
530 2645 596 2714 τῇ
639 2642 816 2713 ὑψηλῇ
882 2640 980 2694 καὶ
1038 2638 1247 2711 μεγάλη
1296 2640 1393 2693 καὶ
1438 2639 1620 2693 πάντα
1667 2636 1794 2693 νοῦν

219 2730 623 2804 ύπερὸαινούσῃ
670 2729 1014 2790 ἀνατιθέντες
1036 2727 1273 2798 θεότητι.

219 2823 341 2879 ΛΡ·
381 2823 511 2877 ”on
546 2821 657 2892 τῆς
685 2820 974 2891 ἡμετέρας
1000 2821 1238 2890 φύσεως
1267 2818 1307 2887 ἡ
1357 2819 1446 2885 εἰς
1490 2815 1794 2899 οὐρανοΐζς

291 2892 489 2960 ὰνάνίη
545 2912 601 2959 ις
658 2891 766 2958 τὰς
814 2890 921 2945 τοῦ
978 2891 1324 2957 Πνεύματος
1374 2888 1597 2958 δωρεὰς
1649 2888 1797 2958 vuar

256 2963 265 2970 '
293 2962 477 3032 προεξ
551 2978 705 3016 wer.

1886 1818 2014 1878 flaec
2050 1821 2219 1893 igitur
2250 1823 2415 1878 etiam
2451 1825 2505 1879 in
2544 1823 2610 1878 iis
2656 1838 2780 1893 quae
2815 1825 3048 1880 attinent
3093 1827 3160 1881 ad
3210 1828 3463 1882 incarna-

1890 1913 2092 1971 tionem
2121 1913 2351 1985 exempii
2383 1916 2559 1971 instar
2586 1923 2882 1978 sumentes,
2925 1930 2956 1970 a
3002 1915 3335 1986 blasphemia
3371 1917 3461 1972 ilia

1887 2005 2201 2063 cavebimus
2225 2021 2242 2072 ς
2274 2015 2329 2061 et
2345 2006 2548 2062 omissa
2572 2004 2942 2070 concretione,
2960 2006 3236 2062 vocabulis
3257 2006 3464 2062 aduna-

1891 2096 2075 2165 tionis,
2133 2096 2551 2169 coniunctionis,
2596 2106 2653 2151 et
2685 2093 3105 2154 'communionis
3151 2108 3464 2157 constanter

1890 2196 2111 2243 utemur
2147 2204 2164 2255 ;
2197 2198 2517 2242 naturarum
2576 2186 3005 2253 distinctionem,
3054 2203 3296 2257 personae
3332 2204 3464 2246 vero

1888 2273 2154 2330 unitatem
2221 2272 2678 2343 dogmatizantes.
2747 2275 2841 2330 Sic
2903 2274 3018 2330 Arii
3089 2283 3145 2330 et
3212 2275 3462 2332 Eunomii

1891 2364 2283 2434 blasphemiam
2317 2364 2675 2422 refutabimus
2699 2383 2714 2431 ;
2739 2366 3023 2422 humiliter
3062 2365 3275 2436 quidem
3307 2366 3464 2423 ·dicta

1891 2464 1947 2511 et
1968 2452 2110 2510 sacta
2142 2470 2172 2509 a
2198 2454 2489 2511 servatore
2525 2455 2745 2513 Christo
2805 2457 2947 2513 servi
2976 2456 3163 2513 formae
3196 2460 3468 2530 applican-

1893 2556 1977 2603 tes
2007 2539 2303 2616 :sublimia
2360 2559 2539 2603 autem
2575 2557 2629 2603 et
2660 2549 2769 2604 Deo
2821 2550 2980 2619 digna
3016 2564 3080 2607 ac
3110 2565 3305 2621 magna
3360 2566 3457 2606 su-

1892 2637 2043 2693 blimi
2094 2648 2150 2694 et
2191 2653 2397 2709 magnae
2444 2650 2502 2695 et
2536 2640 2716 2695 onmia
2769 2641 3053 2697 excedenti
3105 2642 3467 2700 attribuentes

1894 2728 2184 2783 divinitati.

1895 2817 2062 2891 835
2095 2838 2144 2874 m
2180 2817 2416 2880 xxxin.
2470 2820 2626 2888 Quod
2683 2835 2873 2878 noslroe
2924 2834 3126 2879 naturoe
3174 2825 3230 2878 in
3282 2826 3467 2883 coelttm

1894 2891 2205 2961 assumptio,
2235 2890 2462 2963 Spiritus
2490 2893 2659 2947 saneti
2686 2893 2826 2947 dona
2870 2894 3014 2948 nobis
3057 2899 3465 2965 computruerit.

303 3053 466 3110 Ἀλλά
519 3051 710 3124 καιρὸς
767 3051 1098 3122 ἀναδραμεῖν
1159 3052 1254 3106 ἐπὶ
1300 3052 1362 3107 τὸ
1410 3051 1792 3125 προκείμενον.
1819 3046 1864 3108 C
1967 3046 2073 3106 Sed
2102 3046 2215 3118 iam
2249 3058 2458 3121 tempus
2512 3058 2597 3107 est
2635 3050 2943 3107 revertendi
2990 3052 3064 3108 ad
3104 3053 3467 3123 propositum.

237 3144 593 3217 ’Δναληφθείς
625 3143 805 3197 τοίνυν
843 3142 924 3201 εἰς
964 3140 1231 3212 οὐρανοὺς
1271 3142 1300 3194 ό
1339 3142 1618 3211 Δεσπότης
1663 3145 1799 3214 Χρι-

225 3239 371 3306 στὸς,
401 3236 497 3293 καὶ
545 3234 737 3290 ἑαυτὸν
770 3231 957 3304 ὥσπερ
993 3229 1253 3302 ἐχέγγυον
1285 3229 1389 3300 τῆς
1430 3230 1541 3284 τῶν
1584 3231 1802 3304 ἀνθρώ·

226 3348 345 3387 πων
390 3329 612 3402 εἰρήνης
664 3321 1043 3399 προσενεγκὼν
1075 3320 1152 3393 τῷ
1191 3321 1387 3392 Πατρὶ,
1433 3325 1643 3396 πέμπει
1686 3325 1802 3392 τοῖς

184 3416 191 3426 ’
226 3423 531 3497 ἀνθρώποις
577 3420 676 3495 τὴν
725 3418 885 3491 χάριν
929 3415 1023 3470 τοῦ
1066 3415 1408 3486 Πνεύματος,
1440 3415 1628 3489 ῶσπερ
1677 3413 1804 3471 τινὰ

225 3516 336 3570 τῶν
381 3510 804 3586 ἐπηγγελμένων
854 3510 1076 3579 ἀγαθῶν
1160 3507 1478 3582 ἀρῤαᾶῶνα,
1525 3509 1804 3584 παιδοτρί-

230 3609 367 3681 6ην,
410 3608 505 3662 καὶ
555 3603 896 3677 γυμναστὴν,
955 3601 1069 3658 τῶν
1129 3603 1231 3675 τῆς
1271 3599 1555 3667 εύσεὸείας
1598 3601 1802 3671 ἀγωνι-

231 3698 382 3771 στὴν,
423 3696 640 3767 φύλακα
667 3692 777 3748 τῶν
806 3691 1170 3747 πιστευόντων
1198 3691 1519 3763 ἀκοίμητον,
1551 3690 1667 3762 φῶς
1690 3689 1801 3748 τῶν

228 3790 562 3865 προσιόντων
591 3784 851 3857 ἀσὸεστόν
872 3801 934 3840 τε
961 3775 1058 3840 καὶ
1080 3783 1404 3858 ἀνέσπερον,
1429 3782 1537 3838 τῶν
1555 3781 1804 3854 ψυχικῶν

227 3879 556 3953 τραυμάτων
589 3876 953 3951 θεραπευτὴν,
1000 3875 1184 3949 ἰατρὸν
1208 3877 1319 3931 τῶν
1351 3875 1457 3930 ὑπὸ
1490 3875 1590 3946 τῆς
1619 3875 1801 3946 ἀμαρ-

226 3973 348 4035 τίας
392 3971 692 4044 γινομένων
741 3968 1095 4042 τραυμάτων,
1133 3967 1441 4040 στρατηγὸν
1497 3965 1801 4039 ἀριστεύειν

228 4063 370 4121 κατὰ
398 4062 491 4117 τοῦ
528 4043 776 4117 δίαδόλου
808 4061 1150 4125 διδάσκοντα,
1186 4057 1528 4130 ὑποπτέρους
1552 4058 1677 4123 τοὺς
1703 4075 1804 4128 χα-

232 4154 517 4226 μαιπετεῖς
546 4150 934 4223 ἐργαζόμενον,
967 4149 1093 4215 τοὺς
1125 4149 1348 4220 γηῖνους
1385 4149 1485 4219 τὴν
1511 4146 1619 4203 τῶν
1639 4148 1803 4220 οὐρα-

228 4245 334 4301 νῶν
368 4242 640 4299 πολιτείαν
668 4241 1010 4305 παιδεύοντα,
1039 4243 1398 4315 καταφρονεῖν
1426 4239 1648 4315 σαρκδς,
1679 4241 1803 4296 ἐπι-

232 4336 510 4412 μελεῖσθαι
539 4334 740 4407 ψυχῆς,
793 4332 1075 4388 διαπτύειν
1124 4333 1195 4387 τά
1249 4332 1517 4406 παρόντα,
1552 4331 1802 4413 ἐφίεσθαι

228 4430 338 4486 τῶν
369 4429 691 4502 μελλόντων,
720 4425 855 4497 όρᾷν
875 4424 946 4479 τά
964 4423 1390 4496 προσδοκώμενα
1425 4425 1514 4479 διὰ
1547 4423 1798 4486 πίστεως,

233 4524 397 4596 μηδὲν
420 4519 672 4593 ἡγεῖσθαι
699 4518 807 4572 τῶν
832 4519 890 4572 ὲν
922 4515 999 4588 τῷ
1033 4515 1133 4588 βίῳ
1155 4514 1423 4586 λαμπρὸν,
1448 4515 1606 4586 δόξης
1633 4530 1800 4568 κατα-

230 4615 415 4686 γελᾷν,
446 4613 555 4667 τῶν
590 4610 687 4666 τοῦ
736 4599 966 4664 πλούτου
999 4606 1285 4679 ῥευμάτων
1326 4605 1618 4677 ύπερορᾷν,
1649 4605 1800 4678 ὤραν

233 4707 484 4778 σώματος
529 4702 604 4768 ὡς
642 4702 802 4766 ἄνθος
848 4702 983 4772 όρᾷν
1032 4697 1449 4768 μαραινόμενον,
1495 4694 1571 4767 μὴ
1615 4694 1806 4766 ἀλγεῖν

234 4797 581 4869 πενομένους,
624 4795 700 4866 μὴ
731 4790 986 4847 ἀνιᾶσθαι
1015 4788 1321 4854 νοσοῦντας,
1351 4786 1561 4860 χαίρειν
1584 4788 1804 4844 ἀδικου-

238 4890 452 4964 μένους,
481 4885 942 4958 λεηλατουμένους
971 4879 1379 4953 εὐφραίνεσθαι,
1406 4879 1591 4952 φέρειν
1615 4896 1805 4952 καρτε·

239 4981 405 5055 ρικῶς
448 4980 518 5035 τά
558 4979 729 5042 δεινὰ,
778 4974 1178 5048 ύπερεύχεσθαι
1208 4972 1316 5028 τῶν
1359 4968 1796 5038 ἀντιδικούντων,

309 5137 383 5212 (l)
423 5137 740 5205 Perspicua,
776 5132 913 5189 mira
958 5147 1023 5187 ac
1086 5128 1444 5202 peremptoria
1484 5126 1669 5202 Cyrilll
1710 5128 1799 5184 ‹lo-

236 5209 517 5268 ctrina.de
556 5216 868 5259 naturarum
910 5204 965 5258 in
1001 5200 1222 5256 Cliristo
1261 5197 1795 5280 distinctionengo

240 5294 368 5335 vero
407 5279 637 5335 lectores
680 5287 828 5329 mcos
871 5286 1196 5340 magnopere
1239 5271 1443 5335 hortor,
1486 5278 1543 5325 ut
1584 5269 1791 5323 editam

238 5351 377 5418 apud
406 5363 506 5405 nos
520 5345 717 5412 Script.
745 5341 883 5407 Vct„
907 5350 947 5396 t.
975 5338 1062 5406 Vl,
1076 5355 1270 5397 novam
1295 5339 1585 5396 Theoriani
1614 5336 1790 5394 firmet

237 5435 358 5475 cnm
390 5417 638 5473 Armenis
671 5414 839 5486 Syris«
862 5424 928 5466 ne
958 5409 1582 5481 ‹iacobitistlieologicam
1617 5409 1698 5463 dis
1739 5422 1792 5462 u·

240 5489 496 5544 tationem
537 5485 764 5552 adeant,
805 5426 895 5536 uin
940 5494 1027 5535 res
1067 5482 1182 5536 baee
1220 5479 1640 5537 luculentissime
1682 5423 1800 5534 inn-

238 5566 467 5614 stratur.

312 5626 389 5698 (a)
431 5625 508 5681 En
535 5624 727 5682 animae
752 5632 807 5681 et
833 5619 1076 5694 corporis
1102 5618 1157 5676 in
1185 5619 1342 5677 unico
1367 5618 1585 5676 bomine
1613 5632 1802 5690 propo·

1896 3141 2222 3212 Assumptus
2266 3141 2449 3211 itaque
2498 3142 2551 3196 in
2600 3141 2798 3198 coelum
2863 3141 3114 3200 cbristus
3182 3144 3465 3211 Dominus,

1896 3245 2066 3301 seque
2101 3231 2268 3288 veluti
2297 3234 2547 3288 numana
2572 3231 2727 3302 pacis
2761 3247 3077 3304 sponsorem
3110 3234 3264 3291 Patri
3309 3237 3469 3293 exiii-

1896 3321 2052 3389 bens.
2107 3323 2271 3379 mittit
2318 3325 2386 3379 ad
2427 3323 2678 3380 homines
2707 3324 2948 3393 Spiritus
2983 3327 3158 3382 saneti
3211 3330 3465 3400 gratiam,

1896 3424 1996 3469 ceu
2015 3413 2303 3483 quamdam
2328 3415 2722 3483 promissorum
2758 3416 3020 3473 hortorum
3063 3420 3306 3486 arrham,
3351 3436 3470 3478 rna-

1897 3502 2147 3574 gistrum,
2178 3515 2538 3575 gymnastam,
2573 3507 2784 3576 piorum
2815 3511 3217 3580 agonothetam,
3251 3512 3467 3583 vigilem

1898 3591 2237 3650 credentium
2262 3595 2565 3659 custodem,
2598 3597 2777 3653 lnmen
2811 3596 3181 3654 accedentium
3218 3602 3284 3655 ad
3308 3602 3469 3658 fldem

1899 3681 2338 3754 inexstinguibile
2388 3694 2446 3740 et
2501 3686 2721 3742 minime
2769 3686 3081 3757 occiduum,
3138 3689 3468 3760 spiritalium

1907 3775 2192 3833 vulnerum
2226 3787 2559 3843 curatorem,
2594 3777 2970 3848 impositarum
2996 3794 3036 3835 a
3066 3781 3304 3848 peccatis
3344 3782 3462 3848 pla-

1899 3882 2093 3939 garum
2124 3868 2393 3924 medicum
2424 3883 2444 3935 ;
2471 3869 2659 3924 ducem
2687 3869 2784 3938 qui
2829 3868 3060 3926 feliciter
3085 3884 3210 3926 eum
3256 3872 3470 3930 diabole

1900 3973 2143 4031 pugnare
2167 3958 2350 4026 docet,
2378 3969 2435 4015 et
2480 3958 2823 4015 altivolantes
2856 3960 3143 4016 l'aeientem
3186 3964 3277 4034 qui
3319 3965 3469 4022 liumi

1901 4048 2187 4116 reptabant
2210 4064 2227 4112 ς
2260 4049 2350 4116 qui
2369 4059 2616 4103 terrenos
2642 4048 2708 4102 ad
2729 4048 3005 4105 coelestem
3028 4051 3189 4106 vitam
3213 4052 3468 4120 instituit,

1903 4150 2067 4208 atque
2091 4148 2150 4194 ut
2169 4153 2392 4195 carnem
2420 4147 2789 4207 contemnant,
2820 4140 3013 4196 animm
3039 4157 3223 4197 euram
3252 4155 3467 4212 gerant,

1902 4227 2187 4300 praesentia
2204 4229 2489 4299 despuant,
2514 4226 2568 4283 su
2577 4227 2710 4284 turis
2729 4227 2956 4294 inhient,
2973 4244 3037 4286 ea
3059 4244 3179 4300 quae
3197 4246 3292 4302 per
3308 4232 3468 4290 tidem

1905 4328 2288 4388 exspectantur
2326 4333 2437 4390 prae
2476 4317 2653 4374 oculis
2685 4317 2940 4384 habeant,
2984 4317 3119 4374 niltil
3168 4319 3227 4375 in
3269 4322 3472 4380 mundo

1907 4408 2240 4479 splendidum
2290 4418 2502 4480 putent,
2556 4410 2786 4482 gloriam
2839 4410 3123 4478 irrideant,
3158 4411 3469 4469 divitiarum

1910 4506 2178 4555 torrentes
2230 4499 2555 4569 despiciant,
2600 4499 2845 4570 corporis
2881 4498 3338 4568 pulchritudinem
3370 4517 3469 4560 ceu

1903 4589 2087 4645 florem
2144 4590 2410 4645 caducum
2464 4599 2732 4660 spectent,
2778 4604 2844 4645 ne
2884 4590 3070 4660 inopes
3123 4591 3360 4663 doleant,
3403 4607 3472 4648 ne

1903 4677 2090 4748 aegroti
2110 4691 2255 4747 egre
2274 4677 2473 4743 ierant,
2509 4688 2569 4733 ut
2595 4677 2709 4735 laesi
2737 4680 3032 4749 gaudeant,
3055 4680 3267 4749 spoliati
3296 4680 3474 4737 laeten-

1907 4778 2017 4834 tur,
2047 4765 2259 4824 fortiter
2279 4783 2548 4825 aerumnas
2572 4770 2822 4835 tolerent,
2851 4779 3009 4827 orent
3042 4785 3143 4841 pro
3172 4772 3470 4829 adversan-

1903 4860 2082 4925 tibus,
2113 4858 2438 4915 benedicant
2494 4860 2968 4927 maledicentibus,
3002 4871 3166 4932 atque
3200 4863 3473 4939 omnimo-

1911 4951 2056 5017 dam,
2083 4959 2143 5005 ιιι
2163 4951 2330 5007 setnel
2356 4952 2560 5018 dicam,
2589 4951 2980 5022 philosophiam
3011 4965 3310 5010 sectentur.
3345 4953 3474 5012 uaee

1901 5128 2064 5185 situm
2111 5136 2258 5213 reete
2297 5130 2629 5202 exemplum,
2670 5144 2776 5202 quo
2816 5144 3069 5202 perverse
3108 5131 3476 5191 abutebantur.

1903 5197 2387 5342 Ἀῗξΐρέἕέίὲῗιοτ·
2410 5268 2552 5325 hanc
2590 5269 2855 5326 cautelam
2896 5278 3017 5341 post
3054 5278 3211 5327 natos
3249 5284 3475 5326 errores

1896 5339 2146 5410 exposcit
2174 5338 2427 5411 cyrillus.
2456 5338 2668 5395 Etenim
2699 5341 2859 5409 panlo
2886 5350 3012 5396 ante
3042 5338 3336 5410 Gregorius
3366 5336 3471 5395 N»-

1896 5411 2209 5474 zianzcnns,
2237 5415 2376 5465 orat.
2403 5409 2494 5473 58,
2523 5409 2609 5475 13,
2638 5408 2725 5466 ed.
2753 5411 2978 5476 noviss„
3011 5421 3048 5462 t.
3076 5409 3119 5473 1,
3146 5423 3198 5476 p.
3225 5408 3353 5476 671,
3376 5408 3472 5465 ad-

1897 5479 2004 5533 buc
2028 5479 2298 5535 scribebat
2326 5481 2391 5534 de
2417 5494 2581 5550 opere
2608 5480 3032 5535 incarnationis:
3057 5480 3119 5534 Ὢ
3143 5480 3243 5550 τῆς
3267 5477 3469 5549 καινῆς

1899 5547 2100 5620 μίξεως
2124 5548 2143 5604 ί
2166 5545 2213 5603 ὣ
2239 5547 2339 5619 τῆς
2368 5547 2669 5622 παραδόξου
2699 5549 2987 5622 κράσεωςί
