3809 6125
284 317 396 369 9θῖ)

1357 323 1442 380 DE
1481 322 1583 380 SS.
1624 322 1846 380 'rmNrt
1861 323 2000 379 Au:
2038 323 2384 383 [innocus
2421 326 2512 382 tv.

3436 327 3537 382 906

280 426 380 483 τοῦ
403 421 760 500 ’Πνεύματοςς
792 434 1192 506 Περιποποιὸς,
1226 442 1301 507 ὡς
1336 441 1532 509 ἔοικεν,
1569 445 1862 514 ἀναφανεῖ-
1893 454 1941 509 Α
1971 444 2123 499 tum?
2149 443 2333 501 Inanis
2359 458 2426 501 ac
2457 445 2777 515 superfluus.
2802 456 2861 502 ut
2881 448 3096 519 opinor,
3119 446 3372 517 deinceps
3438 460 3536 515 ap-

279 537 372 574 ται
419 519 627 586 λοιπὸν,
672 525 983 594 προστιθεὶς
1030 531 1274 600 είκαίως,
1334 534 1364 587 δ
1417 534 1511 588 καὶ
1557 536 1607 587 εί
1660 536 1734 605 μή
1783 551 1867 599 τις

277 610 456 665 nono
483 611 671 682 τυχὸν,
696 614 757 667 τὸ
786 613 916 682 γοῦν
947 620 1089 676 κατὰ
1100 621 1264 692 φύσιν
1286 625 1676 695 διακεκτῆσθαι
1707 626 1864 697 μέτα,

279 702 376 756 καὶ
404 700 619 758 οῖκοθεν
646 703 762 774 ἔχει
783 710 915 779 παρ’
953 711 1145 786 ἐτέρου
1177 715 1252 789 μὴ
1279 714 1480 771 λαθών.
1523 716 1685 784 Ἀλλ’,
1711 711 1866 789 οἶμαί

278 808 345 861 γε
377 791 464 863 δὴ,
492 795 722 847 τουτωνὶ
755 800 1050 856 παστισοῦν
1085 803 1244 874 ὀρθός
1272 821 1333 858 τε
1370 806 1466 859 καὶ
1484 806 1731 878 ἀπλανὴς
1762 821 1865 859 κα-

276 884 658 954 ταμειδιάσειε
681 885 856 955 λόγος.
889 890 1052 956 Θείας
1082 894 1192 965 γὰρ
1217 894 1432 967 φύσεως
1451 899 1717 965 κοινωνοὶ,
1741 897 1866 969 σχέ-

279 993 367 1030 σει
387 978 454 1047 τῇ
484 977 623 1046 πρὸς
644 976 774 1033 Υίὸν
803 980 892 1033 διά
916 982 1011 1036 τοῦ
1040 984 1177 1038 Πνεύ
1186 1002 1375 1057 ματος,
1416 988 1520 1043 οὐκ
1544 989 1603 1043 ἐν
1624 988 1753 1061 ψιλῇ
1778 989 1867 1042 δο-

277 1068 444 1139 κησει
475 1066 696 1137 μᾶλλον,
743 1068 860 1122 ἀλλ’
895 1072 955 1125 ὲν
995 1073 1225 1147 ἀληθείᾳ
1255 1077 1454 1144 πάντες
1496 1079 1664 1151 ἐσμὲν
1690 1081 1740 1134 οῖ
1768 1096 1866 1133 πε-

274 1159 658 1226 πιστευκότες,
697 1161 794 1214 καὶ
843 1164 1254 1236 μεμορφώμεθα
1282 1168 1421 1239 πρὸς
1455 1167 1612 1234 Θεὸν,
1637 1168 1775 1244 πρὸς
1802 1169 1864 1222 τὸ

274 1252 420 1323 ὑπὲρ
437 1252 616 1306 κτίσιν
637 1252 832 1317 κάλλος
857 1254 1227 1328 ἀναστοιχειού
1235 1275 1404 1328 μενοι.
1423 1258 1742 1331 Μορφοῦται
1758 1258 1866 1330 γὰρ

192 1387 198 1391 .
271 1344 335 1397 ἐν
357 1345 490 1415 ἡμῖν
511 1344 764 1416 ἀρρήτως
775 1345 1028 1418 Χριστὸς,
1045 1348 1142 1418 οὐχ
1167 1347 1242 1411 ὡς
1271 1349 1497 1420 γενητὸς
1521 1349 1581 1403 ὲν
1595 1351 1862 1419 γενητοῖς,

272 1433 392 1487 ἀλλ’
422 1433 500 1497 ὡς
528 1434 796 1505 ἀγένητος
829 1434 923 1488 καὶ
951 1435 1082 1500 Θεὸς
1105 1438 1165 1491 ὲν
1180 1441 1382 1509 γενητῇ
1406 1439 1503 1493 καὶ
1521 1437 1866 1509 πεποιημένῃ

272 1522 459 1593 φύσει,
491 1522 628 1595 πρὸς
653 1523 788 1578 ίδίαν
820 1524 1003 1578 εἰκόνα
1020 1527 1443 1598 μεταχαράττων·
1469 1525 1561 1584 διὰ
1582 1527 1680 1581 τοῦ
1695 1526 1866 1583 Πνεύ-

273 1633 470 1688 ματος,
499 1616 594 1671 καὶ
639 1616 776 1686 πρὸς
822 1616 884 1669 τὸ
910 1617 1050 1690 ὑπὲρ
1081 1619 1256 1673 κτίσιν
1299 1618 1516 1691 ἀξίωμα
1555 1619 1657 1692 τὴν
1687 1618 1864 1673 κτίσιν

274 1704 609 1781 μετατιθεὶς,
639 1706 931 1771 τουτέστιν,
961 1709 1126 1780 ἡμᾶς,

1971 536 2204 606 parebit,
2252 553 2375 593 cum
2433 538 2634 594 frustra
2678 540 2841 596 addat
2888 540 2945 597 id
2992 540 3136 610 quod
3158 539 3367 595 etiamsi
3419 537 3538 608 quis

1969 626 2109 682 sorte
2142 626 2295 692 nolit,
2323 637 2502 683 tamen
2534 637 2727 684 natura
2766 629 3292 702 contingitadipisci‚
3316 638 3370 684 et
3419 644 3449 682 a
3483 643 3539 685 se

1968 714 2154 778 babet,
2183 729 2284 772 nec
2298 716 2368 772 ab
2394 716 2499 773 alio
2530 720 2763 789 accepit.
2795 719 2899 776 Sed
2932 722 3131 793 quivis,
3158 720 3372 790 opinor,
3391 729 3540 775 recta

1967 814 2024 860 et
2044 804 2311 877 inculpata
2329 817 2507 864 mente
2519 810 2777 879 praeditus
2796 811 2895 866 bos
2908 811 3161 868 irriserit.
3176 810 3381 866 Divinae
3395 810 3539 865 enim

1968 902 2175 948 naturae
2195 894 2489 965 participes
2519 896 2833 954 habitudine
2861 900 2927 954 ad
2944 900 3141 956 Filium
3153 915 3254 971 per
3276 898 3536 972 Spiritum

1968 999 2075 1039 non
2094 984 2206 1040 sola
2233 985 2509 1055 opinione,
2526 987 2621 1042 sed
2658 990 2885 1045 veritate
2904 1005 3113 1056 sumus,
3140 1000 3405 1062 quotquot
3428 1005 3542 1047 cre-

1968 1073 2165 1139 dimus,
2203 1084 2259 1130 et
2283 1076 2604 1148 configurati
2626 1093 2816 1135 sumus
2836 1080 2968 1148 Deo,
2992 1082 3058 1136 ad
3081 1082 3539 1151 pulchritudinem

1967 1177 2087 1232 quae
2116 1172 2199 1217 est
2224 1178 2387 1232 supra
2416 1175 2725 1223 creaturam
2750 1169 3050 1225 reformati.
3083 1171 3376 1228 Formatur
3390 1174 3537 1228 enim

1967 1253 2021 1308 in
2052 1254 2207 1309 nobis
2235 1253 2485 1312 Christus
2546 1257 2910 1328 ineffabiliter,
2960 1277 3068 1319 non
3103 1272 3164 1319 ut
3200 1273 3421 1321 creatus
3454 1265 3541 1320 in-

1966 1344 2184 1409 creatiS‚
2215 1347 2309 1401 sed
2331 1355 2389 1402 ut
2425 1347 2698 1405 increatus
2723 1365 2790 1406 ac
2819 1350 2962 1407 Deus
2998 1352 3051 1407 in
3083 1361 3262 1409 creata
3303 1362 3360 1410 et
3397 1355 3538 1409 sacta

1968 1444 2178 1500 natura,
2202 1437 2268 1491 ad
2293 1449 2445 1491 snam
2469 1438 2756 1509 imaginem
2790 1442 3183 1498 transformans
3230 1457 3328 1514 per
3367 1441 3541 1516 Spiri-

1970 1532 2176 1589 tum,et
2206 1525 2272 1580 ad
2301 1527 2614 1597 dignitatem
2655 1539 2904 1587 creatura
2951 1534 3282 1604 superiorem
3321 1544 3535 1591 creatu-

1969 1630 2107 1683 ram,
2145 1616 2196 1672 id
2226 1625 2311 1674 est
2327 1632 2449 1686 noe,
2480 1620 2830 1679 transferens.

345 1799 412 1851 Β,
444 1798 613 1852 οὐδὲν
650 1795 743 1852 οὖν
787 1798 896 1870 ἄρα
944 1800 1007 1854 τὸ
1047 1800 1352 1856 ἀποσοσοῡν
1386 1801 1419 1873 ἢ
1467 1799 1735 1871 gemmam
1766 1802 1866 1871 τῆς
1893 1782 1940 1838 Β
2041 1792 2102 1851 Β.
2133 1792 2274 1849 Nihil
2303 1803 2391 1851 est
2424 1796 2589 1868 igitur
2608 1798 2751 1869 quod
2772 1799 3121 1869 Unigenitum
3171 1818 3201 1857 a
3243 1819 3368 1860 vera
3403 1805 3540 1860 lilia-

268 1889 516 1963 ἀληθοῦς
545 1890 792 1962 υίότητος
814 1891 906 1945 τὸν
929 1892 1231 1965 Μονογενῆ,
1255 1892 1614 1964 γεγεννῆσθαι
1632 1892 1691 1946 δὲ
1728 1891 1866 1964 μᾶλ-

267 1980 366 2035 λον
403 1980 593 2047 αὐτὸν,
622 1981 720 2035 καὶ
742 1981 804 2036 οὐ
828 1984 1158 2055 γεγενῆσθαι
1184 1984 1448 2057 δώσομεν.

347 2078 415 2129 A.
437 2074 567 2138 Nat,
593 2075 755 2145 εἴπερ
783 2073 1039 2138 αὐτὸνείς
1068 2074 1200 2129 Θεὸν
1228 2075 1396 2140 ὅντως
1426 2073 1863 2147 παραδεξόμεθα,

270 2168 378 2223 καὶ
419 2166 789 2238 προσκυνήσει
836 2168 900 2236 τῇ
942 2166 1078 2237 πρὸς
1119 2166 1278 2237 ἡμῶν
1313 2167 1542 2222 καὶτῶν
1566 2166 1736 2237 ἀγίων
1765 2167 1859 2235 ἀγ·

278 2258 459 2328 γέλων
507 2255 894 2327 ὸκτετιμῆσθαι
927 2257 1161 2327 πρέπειν
1195 2257 1421 2329 οἰόμεθα
1447 2258 1577 2324 δεῖν,
1622 2258 1719 2313 καὶ
1743 2261 1866 2323 ταῖς

286 2352 393 2421 τῆς
426 2347 666 2419 θεότητος
718 2348 1017 2419 ὑπεροχαῖς
1046 2348 1142 2401 καὶ
1172 2349 1353 2413 δόξαις
1383 2350 1680 2419 στεφανοῦν
1702 2348 1866 2415 ἀξιώ-

293 2456 476 2513 σομεν,
520 2439 607 2495 ἵνα
648 2439 723 2511 μὴ
752 2440 1017 2511 παρέντες
1042 2440 1133 2494 τὸν
1167 2440 1424 2512 Ποιητὴν,
1451 2442 1544 2494 καὶ
1575 2440 1674 2513 τὴν
1695 2440 1866 2506 ὅντως

284 2532 529 2607 βασιλίδα
556 2534 666 2587 τῶν
687 2534 824 2587 ὅλων
852 2532 1218 2604 παραθέοντες
1241 2532 1424 2603 φύσιν,
1453 2536 1519 2605 τῇ
1557 2534 1734 2590 κτίσει
1765 2534 1864 2588 λα-

275 2625 582 2698 τρεύωμεν,
615 2627 709 2681 καὶ
763 2626 862 2697 τὴν
900 2624 994 2679 τοῦ
1048 2627 1312 2697 ἀγενήτου
1351 2624 1509 2692 δόξαν
1540 2624 1620 2696 τῷ
1651 2625 1865 2698 γενητῷ

273 2715 635 2789 διαιρούμενοι,
665 2715 886 2779 δικαίως
932 2715 1241 2787 ἀκούωμεν·
1278 2733 1298 2770 ι
1347 2715 1478 2769 Ἰδοὺ
1519 2715 1649 2780 λαὸς
1679 2716 1864 2789 μωρὸς

274 2810 373 2863 καὶ
410 2810 689 2882 ἀκάρδιος.
731 2827 751 2861 ε

345 2902 410 2956 Β.
443 2902 520 2955 Οὐ
549 2900 660 2973 γὰρ
686 2900 751 2972 δὴ
783 2901 1025 2955 κάκεῖνοι
1053 2904 1212 2971 φαῖεν
1237 2902 1326 2970 ἀν,
1347 2904 1432 2958 ὅτι
1466 2903 1562 2957 καὶ
1592 2902 1721 2969 Υἱός
1745 2905 1862 2958 ἐστι

270 2990 371 3043 καὶ
402 2991 562 3053 Θεός.

347 3084 418 3137 A.
449 3083 562 3135 Καὶ
581 3079 699 3142 πῶς
721 3080 821 3135 οὐκ
848 3081 1194 3153 ἀπόπληκτον
1221 3084 1316 3136 καὶ
1342 3085 1744 3154 καταγέλαστον
1769 3103 1860 3140 κο-

274 3173 439 3243 μιδῇ,
472 3170 533 3223 τὸ
558 3169 732 3240 ψιλοῖς
762 3171 859 3240 μὲν
901 3172 1151 3242 ὀνόμασι,
1199 3172 1294 3227 καὶ
1322 3176 1440 3238 ταῖς
1475 3176 1860 3250 τῶν-κλήσεων

269 3265 567 3335 διαφοραῖς
606 3262 859 3333 καθάπερ
897 3266 954 3317 ὲν
985 3262 1158 3316 εἰκόνι
1195 3264 1291 3316 καὶ
1323 3265 1513 3345 ‘uam
1539 3268 1860 3338 καταχρίειν

272 3354 465 3423 αὐτὸν,
501 3355 891 3428 παραιρεῖσθαι
918 3354 975 3408 δὲ
1001 3353 1159 3427 δόξης
1183 3354 1284 3427 τῆς
1307 3353 1664 3428 θεοπρεποῦς,
1699 3375 1863 3413 κατα·

271 3449 527 3513 τιθέντας
557 3449 616 3503 ὲν
651 3451 898 3520 γενητοῖς
917 3463 935 3515 ς
957 3448 1041 3517 1Ἢ
1080 3448 1185 3504 οὐκ
1209 3447 1441 3512 ἀκαλλὲς
1477 3449 1636 3520 ἄγαν,
1679 3451 1741 3506 τὸ
1765 3470 1862 3505 πε-

272 3541 539 3613 ποιῆσθαι
571 3541 755 3611 λέγειν
779 3540 962 3607 αὐτὸν,
999 3539 1156 3612 εἰπερ
1183 3541 1301 3594 ἐστὶ
1321 3542 1473 3608 Θεὸς,
1507 3542 1584 3607 ὡς
1615 3560 1859 3616 προσκυ-

273 3634 466 3707 νητός;

350 3724 412 3776 Β.
440 3717 513 3777 Εὖ
548 3722 749 3790 λέγεις,
1628 3782 1643 3799 ⁸

346 3817 413 3869 A.
451 3814 515 3869 Et
542 3817 639 3886 μὲν
668 3813 761 3870 οὗν
785 3815 850 3868 τὸ
865 3815 976 3871 δεῖν
1005 3815 1211 3871 οἴεσθαι
1234 3819 1492 3888 χρηστοῖς
1518 3819 1666 3890 ἡμᾶς
1694 3838 1860 3876 κατα-

275 3903 558 3976 γοητεύειν
586 3904 763 3974 λόγοις
789 3904 1064 3977 μεθέντες,
1087 3907 1164 3971 ὠς
1189 3909 1460 3963 ἀπωτάτω
1495 3911 1594 3981 τῆς
1629 3911 1861 3983 ἀληθοῦς

274 3995 532 4068 Θεότητος
587 3996 934 4067 ἐκπέμπουσι
956 3999 1048 4052 τὸν
1067 3999 1217 4062 Υίὸν,
1248 3998 1683 4074 ἀπημφιεσμένῃ
1703 4002 1860 4057 τοῦτο

275 4087 543 4157 λεγόντων
570 4093 742 4160 φωνῇ,
787 4089 881 4143 καὶ
903 4090 1328 4160 δυσφημούντων
1368 4093 1691 4162 ἀναφανδόν.
1709 4095 1863 4148 Ἀντ-

275 4179 599 4237 ακούσονται
645 4182 753 4253 γὰρ
798 4182 960 4245 εὐθὺς
995 4181 1131 4253 πρός
1177 4198 1236 4235 τε
1294 4183 1455 4254 ἡμῶν
1515 4184 1696 4240 αὐτῶν
1764 4188 1860 4242 καὶ

273 4274 386 4328 τῶν
417 4273 588 4342 ἀγίων
639 4273 902 4342 ἀγγέλων·
947 4292 967 4325 ι
1001 4272 1304 4347 Πορεύεσθε
1339 4275 1416 4346 τῷ
1453 4276 1595 4345 φωτὶ
1617 4276 1710 4330 τοῦ
1756 4295 1862 4331 πυ-

274 4364 374 4437 ρὸς
402 4364 577 4435 ὑμῶν,
608 4365 704 4420 καὶ
725 4369 790 4437 τῇ
836 4365 1016 4434 φλογὶ,
1054 4361 1088 4438 ἦ
1120 4365 1472 4430 έξεκαύσατε.
1517 4384 1537 4420 ι
1575 4368 1856 4440 Τετραψό-

1970 1885 2116 1941 tione
2145 1886 2367 1958 repellat
2395 1898 2491 1943 aut
2519 1891 2929 1963 arceatz531
2955 1894 3083 1964 quin
3144 1895 3323 1965 potius
3386 1897 3540 1966 geni-

1968 1984 2081 2032 tum
2112 1977 2311 2048 ipsum,
2345 1989 2659 2037 nouantem
2715 1981 2912 2039 factum
2981 2000 3104 2041 esse
3154 1987 3533 2045 concedemus.

2033 2068 2104 2123 A.
2137 2068 2214 2124 lta
2245 2078 2351 2135 est,
2375 2070 2639 2141 siquidem
2660 2073 2832 2144 ipsum
2862 2075 2916 2130 in
2934 2074 3101 2132 Deum
3149 2091 3337 2135 revera
3360 2080 3540 2136 susci·

1966 2157 2196 2231 piemus‚
2228 2171 2284 2217 et
2311 2163 2625 2221 adoratione
2664 2180 2787 2220 cum
2838 2179 2869 2221 a
2896 2168 3074 2236 nobis,
3106 2177 3217 2223 tum
3267 2185 3295 2224 a
3332 2172 3540 2229 sanctis

1966 2251 2174 2323 angelis
2200 2256 2633 2324 prosequendum
2661 2258 2991 2328 putabimus,
3025 2267 3082 2316 et
3105 2260 3406 2319 divinitatis
3437 2264 3537 2319 bo*

1969 2343 2190 2399 neribus
2218 2353 2272 2399 et
2292 2344 2462 2416 gloria
2492 2346 2639 2402 illum
2671 2349 3008 2415 ornabimuS,
3038 2365 3107 2406 ne
3148 2345 3544 2420 praeterenntes'

1967 2432 2279 2490 Creatorem
2304 2444 2360 2490 et
2379 2436 2748 2494 universitatis
2771 2440 3013 2509 reginam
3034 2448 3279 2495 naturam
3312 2451 3530 2511 praeter·

1965 2525 2127 2591 vecti,
2155 2536 2463 2582 creaturam
2490 2526 2757 2595 colamus,
2785 2538 2841 2583 et
2864 2529 3089 2585 increati
3118 2530 3343 2600 gloriam
3381 2528 3559 2588 crea-‘

1967 2625 2023 2672 to
2054 2614 2480 2689 largientesjure
2500 2620 2829 2678 audiamus:
2867 2638 2887 2675 ι
2927 2620 3070 2678 Ecce
3113 2620 3347 2694 populus
3389 2622 3527 2678 stul-

1968 2719 2052 2767 tus
2082 2719 2139 2766 et
2163 2711 2284 2767 sine
2313 2712 2480 2771 corde
2498 2711 2565 2768 ⁸⁸.
2604 2731 2624 2767 ι

2036 2888 2096 2945 Β.
2129 2886 2271 2945 Sane
2296 2889 2441 2947 enim
2466 2904 2807 2962 nequaquam
2834 2892 2999 2950 etiam
3039 2892 3116 2952 illi
3135 2895 3370 2954 dixerint
3390 2896 3535 2967 quod

1964 2982 2137 3039 Filius
2158 2983 2315 3039 sitae
2333 2982 2498 3040 Deus.
2721 3035 2726 3043 .

2035 3075 2101 3131 A.
2135 3074 2404 3146 Numquid
2433 3089 2563 3131 vero
2591 3076 2813 3132 stultum
2845 3090 2910 3134 ac
2931 3077 3085 3134 valde
3118 3078 3403 3135 ridiculum
3430 3088 3535 3144 est,

1968 3167 2128 3224 nudis
2162 3168 2377 3239 quidem
2417 3166 2747 3231 nominibus.
2770 3179 2825 3225 et
2847 3169 3231 3226 vocabulorum
3266 3182 3532 3241 praestan-

1963 3262 2035 3316 tia
2060 3259 2205 3315 velut
2238 3259 2293 3314 in
2325 3259 2558 3330 imagine
2588 3273 2653 3315 ac
2689 3259 2900 3328 pictura
2923 3260 3097 3332 ipsum
3138 3262 3375 3328 illinere,
3446 3265 3530 3319 di-

1961 3354 2087 3409 vina
2116 3368 2247 3410 vero
2269 3352 2437 3424 gloria
2465 3351 2719 3424 spoliare,
2752 3367 2877 3408 eum
2902 3353 3045 3410 inter
3084 3363 3365 3410 creaturas
3422 3355 3534 3412 col-

1961 3446 2221 3504 locando?
2284 3446 2479 3500 Annon
2554 3435 3002 3501 absurdissimum
3047 3453 3135 3500 est
3198 3446 3384 3503 dicere
3454 3446 3533 3516 ip-

1961 3554 2079 3597 sum
2103 3535 2307 3593 lactum
2363 3548 2503 3602 esse,
2569 3534 2834 3605 siquidem
2865 3544 2952 3593 est
3002 3535 3164 3604 Deus,
3218 3546 3278 3593 ut
3306 3540 3535 3594 adoran-

1961 3630 2099 3686 dus?

2032 3721 2095 3777 B.
2122 3720 2288 3777 Recte
2324 3720 2425 3776 ais.

1957 3840 1962 3845 ·
2028 3816 2092 3869 A.
2124 3815 2183 3872 Si
2212 3828 2344 3885 ergo
2380 3811 2597 3884 rejectis
2619 3810 2870 3883 benignis
2898 3811 3004 3868 illis
3050 3812 3248 3883 quibus
3301 3828 3398 3869 nos
3447 3815 3535 3869 de·

1960 3908 2152 3966 liniunt
2176 3904 2537 3969 sermonibus,
2557 3918 2589 3960 a
2622 3917 2749 3959 vera
2774 3904 2976 3960 deitate
3000 3906 3312 3975 longissime
3334 3906 3528 3961 Filium

1960 4005 2263 4064 removent,
2309 4003 2496 4065 aperta
2550 3993 2695 4050 istud
2777 4008 2911 4049 voce
2937 3993 3249 4063 loquantur,
3274 4005 3327 4051 et
3354 3997 3531 4066 palam

1957 4091 2355 4162 blasphement.
2388 4087 2466 4143 llli
2485 4087 2629 4141 enim
2654 4101 2683 4141 a
2713 4085 2871 4141 nobis
2900 4094 2957 4141 et
2988 4087 3197 4142 sanctis
3228 4087 3435 4158 angelis
3461 4103 3530 4143 ex

1957 4186 2189 4243 adverso
2217 4181 2400 4238 statim
2430 4180 2649 4236 audient
2674 4197 2689 4236 ι
2722 4197 2742 4234 ι
2764 4177 3121 4234 Ambulntein
3153 4177 3359 4250 lumine
3388 4179 3532 4249 ignis

1951 4276 2147 4341 -vestri,
2188 4283 2243 4329 et
2281 4272 2335 4327 iu
2363 4269 2581 4326 flamma
2620 4283 2781 4340 quam
2823 4266 3182 4322 succendistis
3217 4267 3283 4320 ⁸⁸.
3339 4285 3361 4320 ι
3421 4266 3530 4322 Nus

1958 4367 2103 4425 enim
2129 4365 2196 4420 ad
2232 4374 2438 4421 rectem
2464 4363 2607 4416 viam
2641 4368 3041 4422 convertemur,
3081 4356 3249 4413 Deum
3289 4370 3414 4413 esse
3468 4372 3533 4411 ac

277 4455 420 4528 μεθα
456 4456 565 4527 γὰρ
612 4458 777 4528 ἡμεῖς
820 4460 900 4521 είς
933 4452 1087 4528 οἶμον
1115 4456 1214 4529 τὴν
1247 4457 1483 4530 ἀπλανῆ,
1529 4458 1662 4513 Θεὸν
1708 4455 1851 4514 εἶναι
1883 4472 1931 4532 1)
1956 4472 2143 4515 verum
2183 4455 2468 4511 credentes
2522 4451 2759 4508 Verbum
2808 4451 2951 4520 qnod
2989 4463 3056 4505 ex
3104 4446 3218 4503 Deo
3267 4446 3529 4503 ineffabili

273 4548 370 4602 καὶ
427 4547 604 4618 ἀληθῆ
659 4547 1008 4612 πιστεύοντες
1077 4548 1169 4601 τὸν
1228 4550 1295 4602 ἐκ
1360 4548 1494 4603 Θεοῦ
1570 4550 1849 4623 πεφηνότα

271 4640 448 4709 Λόγον
465 4641 608 4694 κατὰ
628 4640 727 4710 τὴν
757 4640 992 4714 ἄρρητον
1013 4639 1282 4712 γέννησιν.
1309 4640 1371 4694 Et
1399 4641 1456 4695 δὲ
1482 4643 1565 4706 είς
1586 4643 1713 4697 νοῦν
1739 4644 1847 4699 ίόν·

271 4734 368 4797 τες
408 4731 504 4786 τὸν
546 4733 609 4786 οὐ
662 4731 869 4806 σφόδρα
919 4731 1163 4802 δυσμαθῆ
1210 4731 1304 4787 καὶ
1346 4732 1574 4802 ἠλίθιον,
1614 4732 1848 4807 ἀπαρνοι

277 4821 382 4894 μὶν
419 4822 520 4877 οὐκ
562 4822 796 4887 ἔσονται,
841 4821 1314 4891 καταναρκῶντες,
1360 4818 1515 4894 οἶμαί
1561 4840 1699 4890 που,
1746 4827 1848 4898 τὴν

270 4915 605 4986 δυσφημίαν,
633 4914 767 4968 Θεὸν
801 4914 860 4968 δὲ
891 4912 1054 4967 αὐτὸν
1078 4912 1362 4983 ὁμολογεῖν
1395 4916 1722 4984 ἀγνωκότες,
1750 4920 1850 4990 τῆς

272 5006 376 5080 μὲν
428 5006 522 5062 τοῦ
567 5007 705 5063 Θεοῦ
762 5010 857 5062 καὶ
902 5009 1114 5081 Πατρὸς
1172 5008 1359 5072 οὐσίας
1421 5008 1846 5081 ύποδιδάζουσι,

269 5099 610 5172 ἀμείνονα-δέ
645 5102 819 5171 πωςῆ
849 5102 987 5155 κατὰ
1028 5100 1205 5155 κτίσιν
1238 5098 1376 5156 εἷναί
1415 5117 1570 5171 φασι,
1596 5100 1848 5176 καθάπερ

270 5188 332 5240 δν
358 5188 668 5260 μεταιχμίῳ
693 5188 929 5252 τιθέντες
952 5186 1166 5257 φύσεως
1191 5190 1455 5261 ἀγενήτου
1484 5189 1577 5245 καὶ
1593 5193 1846 5264 γενητῆς·

271 5277 598 5340 ἀκουόντων,
648 5278 730 5330 ὅτι
771 5275 1024 5348 θεότητος
1072 5279 1234 5346 φύσις
1282 5278 1399 5343 πῶς
1428 5279 1496 5354 ἂν
1536 5282 1710 5336 νοοῖτο
1736 5282 1852 5338 διό-

270 5382 455 5438 φορος·
484 5367 617 5431 Θεὸς
648 5367 758 5438 γὰρ
785 5367 859 5432 ὡς
880 5367 1016 5439 πρὸς
1044 5366 1176 5421 Θεὸν
1209 5369 1312 5423 οὒκ
1337 5370 1404 5423 ἂν
1435 5371 1689 5442 ἐτεροίως
1731 5373 1846 5446 ἔχοι

270 5458 414 5513 aar&
441 5474 505 5527 γε
525 5460 588 5512 τὸ
610 5455 751 5513 εἶναι
781 5460 935 5524 Θεὸς,
966 5459 1214 5531 καθάπερ
1238 5460 1433 5533 ἀμέλει
1456 5463 1551 5517 καὶ
1581 5463 1666 5533 icp'
1687 5465 1846 5537 ἡμῶν

265 5547 451 5605 αὸτῶν
487 5551 830 5623 καταθρήσαι
869 5568 953 5616 τις
1002 5551 1087 5606 ἀν.
1139 5552 1288 5607 Μίαν
1327 5553 1438 5627 γὰρ
1485 5551 1624 5612 εἶναί
1662 5574 1844 5629 φαμεν

346 5723 615 5782 ⁸Herem.
648 5741 700 5790 v,
727 5726 817 5782 2¹.
889 5726 934 5758 ⁸⁸
967 5724 1066 5782 isa.
1104 5745 1154 5791 ι,
1190 5727 1275 5782 ll.

553 5822 827 5885 Ριτιιοι.
870 5825 986 5886 Gn.
1017 5823 1254 5887 Lxxv.

1956 4547 2309 4623 generatione
2338 4542 2556 4615 prodiit.
2606 4540 2762 4609 Quod
2813 4540 2863 4597 si
2915 4540 3156 4595 animum
3212 4539 3531 4596 adhibentes

1957 4657 2063 4699 non
2087 4638 2244 4694 valde
2266 4633 2552 4692 indocilem
2576 4640 2672 4688 aut
2704 4631 3001 4701 stupidum,
3056 4644 3165 4688 non
3212 4630 3531 4688 inficiabun-

1957 4741 2048 4790 tur
2072 4729 2313 4802 quidem,
2345 4725 2675 4788 minuentes,
2724 4720 2936 4790 opinor,
2979 4719 3375 4788 quodammodo
3409 4721 3527 4776 bln-

1958 4805 2283 4896 spbemiam,
2300 4817 2395 4876 sed
2416 4817 2585 4872 Deum
2604 4815 2776 4885 ipsum
2798 4809 2954 4866 lateri
2975 4809 3115 4878 apud
3134 4817 3530 4876 sestntuentes,

1958 4917 2053 4974 Dei
2080 4914 2295 4986 quidem
2324 4926 2390 4966 ac
2428 4907 2605 4963 Patris
2627 4903 2931 4961 substantia
2958 4899 3272 4956 inferiorem
3299 4900 3525 4967 iaciunt,

1957 5006 2379 5084 praestantiorem
2409 5014 2536 5056 vero
2564 4995 2958 5068 quodammodo
3005 5007 3167 5063 quam
3223 5001 3527 5050 creaturam

1954 5115 2078 5158 esse
2099 5098 2269 5162 aiunt,
2300 5093 2447 5150 velut
2476 5091 2531 5146 in
2566 5087 2857 5144 meditullio
2908 5093 3116 5141 naturas
3170 5085 3426 5153 increata
3471 5095 3529 5142 ct

1952 5199 2151 5248 creatae
2179 5190 2354 5258 ipsum
2380 5192 2659 5253 ponentes,
2684 5178 2925 5244 audiant,
2947 5178 3216 5248 quomodo
3270 5178 3526 5234 divinita-

1953 5282 2024 5337 tis
2048 5288 2242 5334 natura
2280 5273 2606 5342 intelligatur
2653 5283 2774 5327 esse
2803 5268 3053 5334 diversa3
3099 5266 3241 5321 Deus
3270 5263 3416 5319 enim
3455 5264 3525 5320 ad

1951 5373 2119 5430 Deum
2152 5374 2495 5439 comparatus
2514 5363 2759 5420 diversus
2790 5372 2911 5417 esse
2942 5371 3048 5413 non
3079 5362 3279 5425 potest,
3330 5363 3525 5425 quate·

1951 5478 2053 5521 nus
2081 5461 2226 5518 Deus
2242 5471 2347 5526 εει,
2385 5453 2841 5530 quemadmodum
2864 5447 3143 5506 scilicetin
3188 5447 3345 5504 nobis
3388 5462 3523 5518 quo·

1948 5569 2055 5627 que
2084 5555 2215 5626 ipsis
2254 5552 2554 5609 videreest.
2585 5545 2757 5604 Unam
2783 5543 2927 5600 enim
2976 5555 3099 5599 esse
3148 5539 3376 5598 dicimus
3417 5540 3525 5595 liu-

3088 5805 3179 5868 u&
