3809 6125
272 296 410 353 2259
465 272 485 287 “

1399 305 1591 373 QUOD
1630 307 1819 367 UNUS
1858 310 1969 368 Sl'r
2007 310 2379 377 CHRISTUS.

3382 316 3519 373 1270

266 414 486 483 ἔχοντες
517 416 598 481 είς
629 417 690 473 τὸ
710 419 953 491 ἄμεινον,
980 421 1080 496 τὴν
1114 422 1204 479 διά
1228 424 1292 495 γί
1335 445 1480 500 φημι
1507 429 1604 483 τοῦ
1629 430 1849 489 πάντων
1874 443 1924 500 Α
1949 451 2156 504 sumus,
2194 454 2294 510 per
2329 436 2628 509 Christum,
2678 416 2917 510 inquam,
2965 437 3205 495 omnium
3265 436 3522 495 Servato-

263 503 427 573 ἡμῶν
454 506 708 578 Σωτῆρος
733 510 992 581 Χριστοῦ.

339 596 402 650 Β.
447 596 680 670 Συνίημι
707 600 737 653 ὀ
759 601 885 671 φής.

337 688 402 740 Α.
446 689 546 753 Τίς
573 690 620 744 δ’
647 691 715 746 ἂν
743 694 837 749 καὶ
889 699 1063 760 νοοῖτο
1108 699 1248 773 πρὸς
1283 702 1443 774 ἡμῶν
1473 707 1504 759 ό
1553 709 1844 779 παραπλη-

269 778 402 843 σίως
431 782 564 851 ἡμῖν
593 786 949 858 μετεσχηκὼς
990 790 1222 862 αἵματος
1243 794 1336 849 καὶ
1365 797 1588 869 σαρκὸς,
1624 798 1700 862 ὼς
1728 799 1846 853 ἐτε-

273 888 364 942 ρος
392 870 470 927 ὢν
503 875 633 945 παρ’
661 876 810 947 ἡμᾶς
842 880 986 934 κατὰ
1018 883 1214 951 φύσιν;
1238 885 1317 942 Οὐ
1341 886 1454 961 γάρ
1481 904 1564 942 τοι
1598 891 1732 962 φαίη
1760 908 1848 955 τις

270 959 338 1016 ἂν
364 962 637 1037 ἀνθρώπῳ
669 967 922 1039 πρέπειν,
970 971 1030 1025 τὸ
1076 973 1491 1050 άνθρωττόσητος
1534 983 1843 1052 μετασχεῖν.

277 1055 344 1108 ‘0
373 1055 483 1125 γάρ
526 1056 643 1111 ἐστι
688 1060 829 1116 κατά
868 1063 1052 1134 φύσιν,
1083 1066 1200 1131 πῶς
1228 1067 1295 1124 άν
1320 1082 1406 1134 τις
1436 1072 1610 1125 νοοῖτο
1640 1071 1845 1140 λαθὼν,

270 1146 348 1207 ὡς
393 1147 580 1220 ἕτερον
621 1150 679 1205 ὅν
723 1169 776 1208 τι
810 1156 940 1229 παρ’
979 1160 1117 1230 ὅπερ
1157 1160 1335 1228 ἐστίν;
1359 1156 1488 1233 Ἆρ’
1524 1164 1585 1216 οὐ
1627 1164 1761 1218 πολὺ
1790 1165 1851 1219 τὸ

270 1239 421 1305 εἰκὸς
446 1243 474 1296 ὁ
504 1242 660 1313 λόγος
691 1246 839 1317 ἐχει;

343 1420 407 1474 Β.
446 1420 596 1474 Πάνυ
634 1422 733 1492 μὲν
764 1418 876 1478 οὖν.

343 1512 407 1566 Α.
445 1512 716 1585 Ἂορειδι
747 1516 813 1587 δὴ
852 1517 946 1571 και
994 1517 1218 1591 ἑτέρως,
1257 1521 1333 1585 ὡς
1382 1485 1600 1580 ἀνόσιόν
1628 1524 1688 1579 τι
1736 1526 1852 1579 ἐστι

273 1607 371 1661 καὶ
407 1608 646 1679 άπηχές.
677 1611 741 1665 τὸ
767 1612 1014 1685 ἀναιρεῖν
1047 1616 1345 1687 πειρᾶσθαι
1372 1618 1468 1673 τοῦ
1499 1618 1638 1676 Θεοῦ
1674 1621 1849 1691 Λόγου

273 1698 374 1769 τὴν
429 1701 494 1753 ἐκ
525 1704 784 1770 γυναικὸς
839 1706 985 1760 κατὰ
1041 1706 1219 1779 σάρκα
1265 1710 1541 1782 γέννησιν.
1580 1709 1711 1767 ’Τίνι
1744 1713 1854 1784 γὰρ

1945 542 2079 587 rem.
2193 555 2198 560 ·

2017 620 2078 680 Β.
2109 622 2352 693 intelligo
2370 622 2499 695 quid
2531 623 2686 679 veiis.

2017 712 2084 767 Α.
2120 713 2256 780 Quis
2280 728 2409 770 vero
2438 712 2771 785 intelligatur
2804 728 2832 767 a
2864 712 3019 769 uobis
3045 712 3135 783 qui
3166 711 3391 783 perinde
3441 720 3522 767 at-

1946 818 2053 875 que
2074 818 2171 859 nos
2196 804 2478 875 sanguinis
2528 819 2594 861 ac
2650 803 2835 859 carnis
2870 802 3142 873 particeps
3192 801 3370 858 iactus
3424 803 3520 867 sit,

1948 902 2204 965 tanquam
2238 893 2487 950 diversus
2511 909 2543 949 a
2575 891 2732 950 nohis
2759 893 3053 949 secundnm
3100 891 3389 947 naturam?
3417 891 3524 947 Ne-

1947 994 2053 1051 que
2077 982 2222 1037 enim
2253 983 2519 1053 quispiam
2558 982 2757 1038 dixerit
2780 981 3076 1037 convenire
3135 979 3366 1047 homini,
3424 980 3527 1034 hu-

1949 1073 2227 1128 manitatis
2266 1073 2585 1144 participem
2638 1070 2934 1128 fleri.Nam
2980 1071 3033 1127 id
3072 1071 3216 1141 quod
3252 1070 3524 1125 naturaiie

1952 1174 2036 1220 ter
2064 1171 2173 1231 est,
2197 1179 2308 1235 quo
2337 1174 2494 1235 pacto
2534 1164 2659 1236 quis
2687 1162 2964 1233 accepisse
2998 1159 3353 1232 intelligatur,
3370 1158 3523 1229 quasi

1950 1254 2095 1311 aliud
2118 1255 2189 1311 sit
2211 1270 2371 1325 quam
2393 1256 2536 1326 quod
2561 1256 2687 1311 est?
2727 1252 2917 1311 Nonne
2964 1252 3060 1309 tihi
3120 1260 3526 1309 consentaneus

1952 1360 2082 1425 vcro
2106 1360 2290 1403 sermo
2320 1362 2472 1403 meus
2494 1348 2747 1404 videtur?
2832 1366 2837 1369 ·

2023 1435 2083 1491 B.
2113 1436 2365 1494 Omnino.

2021 1529 2084 1586 A.
2118 1531 2249 1586 Vide
2272 1538 2453 1587 autem
2478 1531 2642 1586 etiam
2686 1530 2789 1585 alia
2842 1529 3055 1585 ratione
3076 1543 3238 1599 quam
3274 1528 3523 1599 impium,

1952 1634 2227 1691 quamque
2246 1622 2539 1677 absurdum
2566 1622 2637 1677 sit
2663 1620 2825 1677 Verbi
2871 1636 2936 1676 ex
2970 1620 3196 1675 nudiere
3221 1618 3521 1675 secundum

1953 1725 2175 1765 earnem
2206 1711 2540 1767 nativitatem
2572 1711 2760 1767 tollere
2797 1710 3004 1765 conari.
3040 1709 3158 1776 Quo
3195 1710 3341 1765 enim
3370 1717 3530 1780 pacto

273 1790 462 1863 τρόπῳ
491 1791 884 1866 ζωοποιήσειεν
907 1796 972 1851 ἂν
997 1798 1061 1851 τὸ
1093 1798 1256 1871 σῶμα
1290 1800 1483 1869 αὑτοῦ,
1513 1803 1562 1857 εί
1591 1803 1667 1877 μὴ
1701 1805 1851 1858 ἐστιν
1882 1802 1926 1857 Β
1952 1801 2231 1859 vivificare
2259 1805 2429 1873 possit
2461 1816 2657 1874 corpus
2685 1817 2864 1867 suum,
2898 1801 3000 1856 uisi
3022 1800 3095 1855 sit
3138 1800 3415 1871 proprium
3444 1798 3529 1869 ip-

277 1880 410 1935 ῑδιον
434 1880 622 1945 αὐτοῦ,
647 1882 707 1947 ὃς
732 1884 851 1937 ἐστι
885 1884 997 1956 ζωή
1020 1901 1035 1952 ;
1068 1884 1186 1950 πῶς
1217 1887 1277 1941 τὸ
1298 1883 1439 1960 αἷμα
1477 1888 1655 1964 Ἰησοῦ
1681 1889 1853 1945 καθα·

281 1973 420 2045 ρίζει
444 1976 596 2045 ἡμᾶς
623 1974 734 2030 ἀπὸ
758 1977 940 2048 πάσης
969 1979 1263 2051 ἁμαρτίας,
1285 1977 1446 2053 εἴπερ
1473 1980 1625 2038 ἐστὶν
1645 1980 1858 2053 άνθρώ·

276 2081 383 2120 που
403 2065 586 2120 κοινοῦ
619 2067 717 2121 καὶ
739 2068 893 2133 ὄντος
922 2070 1014 2140 ὑφ’
1044 2070 1358 2141 ἁμαρτίανς
1391 2072 1510 2136 πιῖις
1531 2073 1857 2130 ἀπέστειλεν

275 2155 307 2210 ὁ
334 2155 466 2221 Θεὸς
499 2158 596 2212 καὶ
621 2159 814 2231 Πατὴρ
838 2160 930 2214 τὸν
960 2161 1089 2215 Υίὸν
1110 2160 1300 2229 αὐτοῦ,
1333 2163 1626 2235 γενόμενον
1663 2165 1730 2219 ἐκ
1756 2181 1858 2234 γυ-

279 2247 490 2313 ναικὸς,
521 2249 814 2321 γενόμενον
870 2251 976 2307 ὑπὸ
1021 2252 1221 2323 νόμον;
1263 2254 1381 2319 πῶς
1426 2253 1716 2329 κατίκρινε
1758 2256 1859 2329 τὴν

278 2339 558 2412 ἁμαρτίαν
587 2341 648 2394 ἐν
674 2345 743 2415 τῇ
773 2343 973 2415 σαρκί;
1001 2346 1076 2399 Οὔ
1103 2345 1213 2418 γὰρ
1241 2341 1313 2418 ἦν
1333 2345 1625 2419 ἀνθρώπου
1651 2348 1859 2414 κοινοῦ,

280 2432 376 2486 καὶ
427 2433 870 2505 τυραννουμένην
931 2435 1151 2506 ἔχοντος
1212 2438 1332 2509 μεθ’
1389 2438 1553 2508 apem
1604 2438 1711 2493 ὑπὸ
1760 2440 1861 2512 τῆς

280 2524 556 2599 ἁμαρτίας
595 2527 698 2596 τὴν
733 2524 920 2596 φύσιν,
961 2526 1025 2581 τὸ
1066 2530 1394 2600 κατακρῖναι
1430 2513 1860 2601 τὴνῖἑμαρτίαν.

236 2671 249 2680 ,
294 2615 447 2670 Ἐπεὶ
469 2616 528 2672 δὲ
560 2616 719 2688 σῶμα
765 2618 960 2688 γέγονε
1007 2618 1103 2673 τοῦ
1134 2620 1476 2693 πλημμελεῖν
1513 2621 1616 2677 οὐκ
1638 2622 1863 2689 είδότος,

291 2707 542 2780 ταύτῃτοι
583 2710 679 2765 καὶ
717 2710 866 2783 μάλα
900 2713 1128 2778 είκότως
1156 2712 1258 2786 τὴν
1295 2712 1399 2784 τῆς
1440 2709 1720 2790 ἁμαρτίας
1760 2715 1866 2769 άπ-

285 2800 535 2856 εσείσατο
574 2804 887 2877 τυραννίδα,
929 2804 1024 2860 καὶ
1072 2805 1175 2878 τὴν
1222 2805 1459 2877 ἰδιότητα
1517 2803 1740 2862 πῙουτεῖ
1768 2805 1864 2860 τοῦ

287 2891 579 2964 ἀφράστως
605 2896 744 2967 αὐτῇ
792 2896 888 2951 καὶ
920 2898 998 2961 ὡς
1032 2896 1136 2952 οὐκ
1163 2896 1313 2951 ἐστιν
1343 2896 1637 2962 ἐνωθέντος
1662 2897 1862 2965 Λόγου,
1935 2887 1945 2899 ’

288 2984 446 3053 ἅγιόν
491 3001 554 3051 τε
589 2987 684 3038 καὶ
739 2985 1002 3049 ζωοποιόν
1058 2990 1199 3053 ἐστι,
1245 2990 1340 3044 καὶ
1385 2990 1486 3063 τῆς
1526 2985 1867 3063 θωπρεποῦς

291 3073 576 3143 ἐνεργείας
602 3072 876 3141 ἔμπλεων.
912 3077 1002 3140 Ὦς
1032 3079 1090 3131 ἐν
1118 3079 1344 3151 άπαρχῇ
1377 3081 1434 3134 δέ
1460 3080 1703 3153 Χριστῷ,
1741 3098 1866 3151 μετ·

1957 1891 2093 1956 sius,
2117 1890 2209 1962 qui
2231 1900 2315 1948 est
2335 1890 2443 1946 vita
2458 1891 2598 1946 ‘iant
2618 1891 2887 1962 quomodo
2908 1888 3133 1959 sanguis
3153 1887 3357 1943 Christi
3376 1902 3531 1942 mun·

1957 1981 2109 2040 dabit
2172 1997 2270 2039 nos
2320 1981 2388 2037 ab
2425 1980 2574 2038 omni
2623 1988 2867 2051 peccato,
2897 1976 3060 2051 723
3098 1977 3143 2032 si
3195 1976 3267 2031 sit
3298 1975 3533 2031 hominis

1956 2076 2263 2133 communis
2286 2081 2341 2131 et
2363 2082 2587 2144 peccato
2611 2071 2881 2128 obnoxii?
2916 2084 3025 2140 qno
3041 2076 3197 2139 pacto
3225 2066 3375 2124 misit
3393 2065 3534 2122 Deus

1958 2184 2023 2225 ae
2041 2168 2203 2224 Pater
2226 2164 2421 2221 Filium
2448 2178 2606 2219 sumn
2640 2164 2841 2219 iactum
2890 2176 2955 2217 ex
3013 2157 3258 2225 muliere,
3334 2157 3533 2212 sactum

1958 2260 2063 2317 suh
2091 2260 2208 2330 iege
2224 2259 2306 2314 ⁸⁸?
2324 2258 2592 2329 quomodo
2616 2255 2937 2311 condemnat
2957 2258 3234 2323 peccatum
3266 2248 3320 2303 in
3348 2247 3537 2304 carnei

1958 2350 2146 2422 Neque
2171 2350 2314 2406 enim
2353 2357 2471 2403 erat
2496 2345 2731 2404 hominis
2751 2343 3016 2415 vulgaris,
3046 2351 3103 2398 et
3126 2338 3280 2410 eujus
3335 2349 3529 2394 natura

1962 2459 2069 2499 nna
2097 2442 2374 2499 uobiscum
2402 2439 2505 2497 snb
2531 2437 2737 2510 peccati
2771 2434 2999 2505 imperio
3032 2448 3098 2489 ac
3125 2430 3254 2503 iugo
3306 2430 3536 2485 teneba-

1964 2544 2072 2603 tur,
2092 2536 2458 2591 eoudemuare
2483 2529 2932 2603 peccatuin.0u=u
2956 2542 3087 2584 vero
3108 2541 3305 2597 corpus
3337 2523 3539 2580 iactum

1963 2625 2035 2682 sit
2065 2626 2184 2696 ejus
2209 2624 2302 2694 qui
2328 2633 2605 2695 peecatum
2639 2637 2743 2678 non
2782 2621 2951 2686 novit,
2980 2618 3205 2680 ideirco,
3241 2623 3296 2672 et
3322 2614 3539 2687 quidem

1962 2718 2169 2788 optimo
2193 2717 2315 2788 jure
2342 2716 2547 2787 peccati
2603 2713 2943 2786 tyrannidem
2982 2711 3244 2779 excussit,
3296 2723 3542 2766 commu·

1963 2807 2272 2879 nicatisque
2296 2822 2420 2862 cum
2446 2806 2540 2861 iiio
2573 2803 2995 2876 proprietatibus
3025 2801 3189 2859 Verbi
3248 2799 3391 2871 quod
3452 2799 3540 2854 in-

1963 2895 2166 2956 effabili
2196 2900 2355 2955 modo
2377 2898 2481 2969 ipsi
2508 2898 2717 2953 unitum
2747 2904 2853 2964 est,
2881 2904 3136 2953 sanctum
3163 2908 3227 2950 ac
3256 2894 3532 2950 vivificum

1966 2991 2219 3050 effectum
2276 3001 2381 3057 est,
2424 2999 2482 3047 ει
2532 2989 2733 3045 divinas
2772 2988 3047 3044 'acuitatis
3095 2986 3539 3058 operationisque

1969 3090 2212 3162 plenum.
2234 3087 2343 3144 Nos
2371 3086 2570 3143 veroin
2592 3085 2809 3142 Christo
2831 3095 3084 3154 tauquam
3102 3080 3353 3150 primitiis
3371 3088 3545 3134 trans-

294 3160 723 3233 θῦῒοῑχὸῑώμῑθα
748 3165 846 3218 καὶ
865 3167 1050 3236 ἡμᾶς,
1073 3168 1156 3230 εἰς
1179 3167 1241 3221 τὸ
1262 3165 1402 3222 εἶναι
1429 3170 1524 3224 καὶ
1545 3170 1753 3241 φθορᾶς
1775 3173 1872 3225 καὶ
1897 3151 1941 3210 C
1975 3179 2189 3236 formati
2232 3179 2395 3234 etiam
2422 3190 2633 3238 sumus,
2660 3181 2717 3229 et
2748 3172 2971 3228 interitu
2999 3179 3164 3241 atque
3210 3177 3433 3238 peccato
3452 3180 3549 3222 su-

299 3253 579 3327 άμαρτίας
607 3253 936 3325 κρείττονες.
960 3256 1072 3310 Καὶ
1100 3255 1322 3328 άληθές,
1352 3257 1457 3324 δτι,
1478 3258 1624 3314 κατά
1649 3260 1749 3332 τὴν
1777 3260 1871 3316 τοῦ

302 3346 572 3420 μακαρίου
616 3346 831 3402 Παύλου
861 3349 1066 3418 φωνὴν,
1105 3365 1125 3400 ι
1153 3345 1731 3421 ’Ὦσιιερὶφορδσαμεν
1775 3349 1873 3420 τὴν

296 3439 485 3494 εἰκόνα
525 3438 622 3492 τοῦ
667 3438 887 3510 χοϊκοῦ,
920 3428 1237 3513 φορέσαμεν
1259 3438 1356 3495 καὶ
1401 3437 1505 3512 τὴν
1555 3439 1740 3495 εἰκόνα
1779 3440 1874 3495 τοῦ

297 3526 646 3600 ἐπουρανίου,
681 3545 703 3582 ι
726 3528 976 3584 τουτέστι
1007 3526 1262 3602 Χριστοῦ.
1299 3530 1650 3602 Ἐπουράνιος
1684 3529 1741 3584 δὲ
1783 3530 1876 3586 άν-

300 3619 521 3692 θρωπος
544 3620 744 3674 νοεῖται
778 3620 1039 3692 Χριστὸς,
1064 3621 1163 3693 οὐχ
1192 3621 1269 3685 ὡς
1300 3621 1506 3676 ἄνωθεν
1527 3622 1659 3694 ἡμῖν
1689 3624 1785 3677 καὶ
1818 3623 1878 3691 ἐξ

300 3710 534 3784 οὐρανοῦ
566 3711 666 3784 τὴν
701 3713 880 3785 σάρκα
923 3713 1291 3783 κατενεγκὼν,
1334 3714 1452 3769 ἀλλ’
1482 3715 1566 3770 ὅτι
1591 3714 1726 3780 Θεὸς
1750 3714 1826 3771 ὣν
1850 3717 1880 3770 ὁ

302 3809 497 3878 Λόγος,
525 3806 904 3876 καταὸέῦηκεν
935 3806 996 3872 ἐξ
1015 3806 1283 3878 οὐρανῶν,
1308 3806 1404 3862 καὶ
1435 3806 1538 3880 τὴν
1563 3808 1700 3879 πρὸς
1729 3811 1881 3881 ἡμᾶς

305 3899 566 3972 ὁμοίωσιν
592 3898 861 3966 ὑπελθὼν,
882 3899 1154 3962 τουτέστι,
1178 3898 1433 3969 γέννησιν
1461 3900 1761 3970 ὑπομείνας
1779 3902 1881 3972 τὴν

306 3990 448 4045 κατὰ
478 3991 655 4063 σάρκα
680 3991 744 4044 ἐκ
764 3990 1042 4060 γυναικὸς,
1063 3989 1378 4062 μεμένηκεν
1404 3991 1540 4065 ὅπερ
1567 3989 1658 4065 ἦν,
1675 3991 1882 4047 ἄνωθεν

306 4088 552 4159 δηλονότι
571 4089 667 4142 καὶ
699 4087 760 4153 ἐξ
778 4088 1043 4161 οὐρανῶν,
1067 4087 1163 4142 καὶ
1194 4087 1377 4142 ἐπάνω
1396 4088 1614 4142 πάντων
1634 4089 1710 4152 ὡς
1728 4089 1881 4156 Θεὸς,

1974 3271 2222 3343 pei-iores
2246 3265 2524 3324 deciarati.
2557 3264 2640 3320 Ae
2653 3277 2836 3319 verum
2856 3262 3077 3319 omuino
3100 3268 3207 3324 est,
3228 3258 3382 3330 iuxta
3405 3255 3549 3313 beati

1976 3358 2492 3423 Pauliseutentiam,
2522 3355 2665 3426 quod
2712 3373 2732 3407 ι
2773 3351 3246 3421 Quemadmodum
3298 3347 3552 3418 portavi-

1976 3469 2100 3509 mus
2129 3452 2415 3522 imaginem
2446 3447 2668 3513 terreui,
2694 3445 3028 3517 portabimus
3061 3443 3221 3498 etiam
3261 3439 3551 3510 imaginem

1978 3545 2236 3610 coeiestis,
2266 3543 2312 3576 ⁸¹
2343 3562 2365 3597 ι
2402 3542 2507 3598 boc
2528 3550 2633 3605 est,
2663 3536 2888 3594 Christi.
2916 3533 3165 3590 CceIestis
3197 3539 3373 3586 autem
3395 3531 3554 3584 houm

1980 3635 2300 3707 intelligitur
2322 3632 2603 3698 Christum
2637 3646 2743 3687 non
2777 3640 3032 3700 tanquam
3052 3639 3286 3695 superne
3315 3632 3476 3692 atque
3516 3636 3547 3676 a

1982 3729 2121 3784 coeio
2170 3741 2390 3783 carnem
2418 3726 2483 3782 ad
2515 3739 2615 3781 nos
2645 3721 2928 3787 detulerit,
2963 3720 3057 3776 sed
3101 3717 3244 3789 quod
3290 3717 3429 3771 Deus
3457 3728 3555 3770 ex-

1981 3820 2182 3876 sistens
2211 3816 2466 3882 Verbum,
2493 3814 2773 3872 descendit
2795 3826 2826 3869 ε
2853 3812 3042 3876 coeiis;
3066 3819 3121 3866 et
3147 3807 3553 3864 similitudinem

1981 3910 2156 3967 nostri
2189 3907 2429 3974 subiens,
2466 3907 2568 3963 hoc
2590 3915 2694 3971 est,
2708 3903 3004 3959 secundum
3028 3913 3244 3956 carnem
3275 3914 3304 3954 e
3331 3898 3557 3954 tundier-e

1985 4000 2128 4056 sicut
2159 4013 2257 4055 uos
2293 4008 2477 4063 natus,
2513 3992 2812 4067 permansit
2833 3992 2887 4047 id
2913 3989 3210 4062 quoderat,
3239 4005 3270 4046 e
3308 3989 3558 4058 supernis

1986 4089 2240 4145 nimirum
2267 4097 2431 4158 atque
2454 4100 2487 4142 e
2516 4085 2692 4154 coeiis,
2720 4094 2776 4141 et
2801 4098 2963 4154 supra
3013 4095 3203 4137 omnes
3264 4088 3322 4134 ut
3375 4080 3517 4134 Deus
3537 4117 3557 4146 ,

309 4185 407 4237 καὶ
439 4182 577 4254 μετὰ
606 4182 830 4254 σαρκός·
868 4181 1027 4236 Οὕτω
1071 4180 1181 4254 γάρ
1224 4179 1327 4235 πού
1349 4197 1514 4254 φησιν
1539 4182 1569 4235 ὁ
1598 4179 1885 4244 θεσπέσιος
1986 4183 2152 4240 ctiam
2181 4198 2304 4239 cum
2326 4193 2510 4237 carne.
2541 4179 2616 4236 ita
2643 4176 2787 4232 enim
2823 4174 2948 4231 alihi
2976 4173 3193 4229 divinus
3211 4171 3448 4228 Joannes
3479 4170 3560 4225 iu-

321 4276 578 4346 Ἶωᾶννης
599 4276 731 4347 περὶ
752 4274 942 4329 αὐτοῦ·
975 4293 995 4328 ι
1034 4275 1093 4328 ’0
1126 4272 1333 4331 άνωθεν
1363 4274 1679 4346 ἐρχόμενος,
1699 4274 1886 4330 ἐπάνω
1989 4274 2146 4346 quit:
2190 4293 2211 4330 ι
2239 4273 2341 4342 Qui
2377 4270 2690 4343 e'supernis
2710 4267 2880 4333 venit,
2906 4279 3065 4334 supra
3099 4278 3288 4320 omues
3310 4270 3393 4317 est
3427 4261 3495 4314 ⁸⁰.
3537 4279 3556 4311 ι

315 4368 535 4423 πάντων
573 4368 741 4422 ἐστίν.
773 4384 793 4419 ι
837 4366 1256 4439 Ἀπομεμένηκε
1303 4366 1412 4440 γὰρ
1443 4366 1556 4420 τῶν
1593 4365 1731 4421 ὅλων
1773 4366 1888 4421 xd—
1990 4365 2297 4422 Permansit
2354 4364 2499 4420 enim
2553 4361 2714 4417 totius
2754 4358 2992 4414 universi
3029 4354 3311 4419 Dominus,
3350 4351 3561 4406 tametsi

318 4476 455 4532 ριος,
486 4461 580 4513 καὶ
605 4460 665 4513 ἐν
706 4461 776 4532 τῇ
813 4459 910 4514 τοῦ
946 4458 1140 4513 δούλου
1189 4461 1373 4533 μορφῇ
1402 4456 1642 4528 γεγονὼς
1676 4459 1887 4514 οἰκονσ-
1921 4494 1969 4554 D
1992 4457 2203 4512 ratione
2232 4453 2621 4512 incarnationis
2647 4453 2879 4507 tonnam
2941 4446 3086 4503 servi
3126 4443 3418 4513 acceperit,
3478 4452 3564 4496 at·

320 4548 519 4622 μῑκῶς,
552 4548 646 4602 καὶ
673 4547 975 4620 παράδοξον
995 4547 1213 4620 ἀληθῶς
1225 4547 1315 4602 διὰ
1343 4547 1520 4602 ταῦτά
1544 4547 1663 4602 ἐστι
1681 4546 1743 4602 τὸ
1757 4547 1892 4619 Χρι-
1994 4565 2101 4621 que
2122 4546 2496 4615 admirandum
2521 4544 2705 4601 revera
2730 4552 2816 4599 est
2835 4543 2907 4598 oh
2937 4541 3054 4596 haec
3108 4537 3312 4594 Christi
3363 4548 3565 4608 myste-

319 4641 447 4696 στοῦ
485 4641 804 4712 μυστήριον.
836 4641 948 4696 Καὶ
978 4639 1108 4710 γοῦν
1140 4640 1244 4712 ἐφη
1275 4657 1381 4695 που
1428 4640 1566 4710 πρὸς
1604 4639 1893 4705 Ἰουδαίους
1995 4643 2158 4700 rium.
2195 4639 2398 4697 idcirco
2441 4634 2585 4694 Deus
2613 4651 2678 4692 ac
2708 4635 2869 4692 Pater
2911 4633 3037 4689 aiibi
3092 4633 3158 4687 ad
3211 4630 3424 4686 Judaeos
3472 4645 3565 4701 per

316 4735 386 4789 δι’
411 4734 528 4798 ἐνὸς
553 4734 664 4788 τῶν
694 4734 991 4808 προφητῶν
1013 4735 1043 4788 ὁ
1069 4732 1202 4799 Θεὸς
1227 4732 1324 4789 καὶ
1344 4733 1555 4806 Πατήρ·
1582 4751 1602 4784 ι
1627 4732 1818 4798 Ἴδετε,
1841 4734 1891 4786 oi
1994 4733 2280 4805 quemdam
2322 4733 2639 4802 prophetam
2666 4729 2742 4784 ait
2768 4747 2785 4784 ι
2823 4745 2843 4780 ι
2895 4724 3109 4792 Videte,
3135 4734 3561 4796 contemptores,

319 4825 752 4896 καταφρονηταὶ,
783 4826 876 4879 καὶ
912 4823 1272 4896 ἀφανίσθητε,
1301 4824 1396 4878 καὶ
1436 4823 1782 4895 θαυμάσατε,
1807 4824 1891 4879 ὅτι
1998 4833 2054 4881 et
2080 4821 2444 4890 admiramini,
2472 4828 2526 4876 et
2551 4819 2922 4888 disperdimini
2956 4832 2972 4871 ι
3018 4816 3144 4889 quia
3197 4830 3332 4886 opus
3369 4829 3569 4884 operor

319 4917 482 4988 ἔργον
515 4917 624 4986 ἐγὼ
649 4914 955 4989 ἐργάζομαι
993 4918 1052 4970 ἐν
1083 4919 1205 4981 ταῖς
1236 4916 1472 4989 ἡμέραις
1504 4915 1679 4987 ὑμῶν,
1730 4916 1893 4988 ἔργον

317 5001 364 5078 ᾧ
412 5008 472 5062 οὐ
506 5007 582 5080 μὴ
622 5008 976 5080 πιστεύσητε,
1003 5009 1099 5063 ἐάν
1137 5026 1223 5073 τις
1261 5007 1653 5080 ἐκδιηγήσηται
1688 5007 1835 5078 ὑμῖν.
1867 5023 1887 5058 ι

320 5096 675 5156 Κινδυνεύσει
700 5098 810 5170 γὰρ
833 5099 1179 5154 ἀπιστεῖσθαι
1212 5099 1274 5154 τὸ
1296 5097 1535 5171 Χριστοῦ
1570 5099 1890 5170 μυστήριον,

320 5190 410 5246 διὰ
429 5189 526 5263 τὴν
544 5190 639 5244 τοῦ
657 5190 933 5261 θαύματος
950 5190 1280 5263 ὑπερὸολήν.
1299 5191 1433 5254 Θεὸς
1451 5185 1521 5261 ἦν
1538 5191 1596 5244 ἐν
1613 5189 1711 5244 ἀνθ
1718 5189 1898 5262 ρωπό-

323 5299 448 5354 τητι
483 5284 574 5336 καὶ
605 5283 665 5337 ἐν
699 5285 812 5348 τοῖς
843 5283 966 5338 καθ’
1005 5284 1174 5354 ἡμᾶς,
1206 5284 1236 5336 ὁ
1275 5281 1417 5355 ὑπὲρ
1443 5285 1625 5338 πᾶσαν
1656 5282 1755 5355 τὴν
1779 5282 1899 5337 κτί-

327 5391 412 5428 σιν
435 5391 448 5403 ·
476 5375 732 5447 ἀόρατος,
756 5375 951 5446 ὁρατὸς
990 5375 1133 5430 κατά
1177 5374 1380 5447 σάρκα,
1403 5376 1433 5429 ὁ
1453 5373 1514 5441 ἐξ
1538 5375 1766 5447 οὐρανοῦ
1803 5373 1902 5430 καὶ

328 5466 558 5530 ἄνωθεν,
602 5468 660 5520 ὲν
689 5467 819 5521 εῖδει
849 5468 960 5521 τῶν
1004 5467 1229 5538 χοῖκῶν·
1282 5466 1472 5545 άπτὸς,
1515 5465 1547 5520 ό
1575 5466 1788 5539 άναφης
1810 5482 1826 5499 ·
1867 5465 1899 5520 ό

332 5559 474 5615 κατὰ
514 5558 673 5629 φύσιν
714 5560 849 5615 ἰδίαν
899 5559 1199 5631 ἐλεύθερος,
1251 5559 1310 5612 ἐν
1353 5556 1543 5613 δούλου
1601 5560 1782 5631 μορφῇ
1805 5575 1818 5590 ·
1869 5559 1899 5611 ὁ

1998 4929 2099 4985 ego
2134 4916 2186 4970 iu
2207 4913 2397 4970 diebus
2423 4912 2640 4975 vestris,
2676 4926 2812 4980 opus
2872 4910 3015 4980 quod
3076 4920 3183 4962 nou
3236 4905 3457 4961 creditis
3523 4907 3567 4960 si

1998 5006 2121 5076 quis
2145 5003 2485 5062 enarraverit
2511 5003 2665 5058 vohis
2686 5001 2753 5055 ⁸⁹.
2777 5019 2796 5051 »
2827 4997 3133 5055 Periculum
3157 4996 3301 5053 enim
3339 4996 3445 5053 erit
3502 5010 3570 5050 ne

2003 5096 2294 5168 derogetur
2336 5094 2472 5152 fldes
2501 5093 2764 5166 mysterio
2797 5091 3024 5159 Christi,
3059 5090 3130 5146 oh
3156 5087 3402 5145 miraculi
3450 5101 3566 5141 ma-

2000 5186 2359 5258 gnitudinem.
2392 5183 2533 5240 Deus
2564 5189 2683 5239 erat
2720 5182 2882 5236 homo
2919 5179 3088 5236 nostri
3118 5175 3313 5231 similis
3358 5171 3565 5237 sactus,

2000 5277 2094 5347 qui
2130 5290 2290 5347 supra
2323 5290 2538 5334 omnem
2568 5283 2875 5330 creaturam
2894 5277 3006 5339 est;
3067 5264 3376 5332 invisibilis,
3396 5264 3570 5320 sactus

2001 5374 2086 5423 est
2107 5367 2334 5424 visibilis
2364 5365 2663 5423 secundum
2697 5377 2949 5420 earnem:
2982 5362 3077 5433 qui
3124 5374 3190 5415 ex
3245 5356 3383 5414 coeio
3411 5367 3570 5429 atque

2002 5473 2035 5517 e
2070 5459 2340 5531 supernis,
2370 5458 2599 5516 sormam
2653 5454 2989 5516 terrestrium
3050 5452 3257 5508 induit:
3298 5449 3571 5522 tangibilia

2006 5563 2107 5618 est,
2147 5552 2238 5623 qui
2273 5551 2420 5623 tangi
2460 5550 2649 5622 nequit
2684 5567 2700 5607 ε
2732 5547 2824 5622 qui
2864 5562 2931 5603 ex
2991 5543 3208 5618 propria
3248 5557 3344 5599 sua
3376 5551 3570 5598 natura

409 5740 455 5772 ⁸⁸
487 5736 663 5793 Galat.
703 5752 774 5804 tv,
814 5735 866 5792 Δ.
945 5735 1040 5791 ⁸¹1
1081 5737 1206 5794 Cor.
1244 5752 1331 5804 xv,
1379 5736 1469 5794 ⁴9.
1545 5734 1770 5794 ”Joam
1815 5749 1897 5804 m,
1945 5734 2034 5793 3¹.
2110 5736 2155 5770 ⁸·
2196 5734 2400 5793 Habac.
2446 5749 2486 5804 ι,
2523 5731 2588 5802 5;
2638 5735 2758 5790 Act.
2790 5745 2911 5800 sut,
2951 5729 3043 5786 ΔΙ.
