3809 6125
446 270 588 329 {m

1470 252 1527 308 S.
1568 251 1837 307 CYRlLLl
1873 245 2341 303 ALEXANDRtNt
2381 244 2701 302 attenti-21³.

3562 235 3711 292 Ηθῑ

516 391 581 446 Β.
615 387 699 442 An
749 379 911 454 igitur
936 385 995 433 ut
1032 378 1172 432 Deus
1204 372 1464 446 justificat
1507 372 1745 443 Spiritus
1782 384 1878 427 eos
1925 370 2016 441 qui
2052 374 2094 431 Α
2196 370 2253 422 Β.
2296 364 2423 439 'Ap‘
2444 364 2535 422 οὖν
2561 365 2637 428 ὡς
2667 361 2798 424 Θεὸς
2826 358 3023 413 δικαιοῖ
3052 357 3111 410 τὸ
3137 354 3362 426 Πνεῦμα
3382 353 3515 417 τοὺς
3538 354 3720 426 ἡμαρ-

448 474 852 554 peccaverunt?

511 573 581 626 A.
632 571 713 623 lta
753 577 999 636 prorsus,
1039 560 1235 615 amice.
1276 555 1387 611 Deo
1425 555 1570 611 enim
1629 553 1729 609 soli
1769 551 2024 609 convenit

443 658 895 734 praevaricatione
934 663 996 710 et
1037 650 1267 708 crimine
1298 647 1512 704 solvere
1547 661 1705 717 posse
1731 643 2022 708 obnoxios,

449 765 549 809 nec
586 748 680 805 ulli
722 744 801 801 rei
845 743 1021 798 alteri.
1061 740 1228 794 Deum
1275 745 1455 792 autem
1490 743 1648 793 etex
1686 736 1794 789 Deo
1830 747 2027 789 secun·

446 844 576 899 dum
607 846 859 895 naturam
887 847 1010 890 esse
1033 830 1298 902 Spiritum
1329 826 1514 882 multis
1543 824 1728 880 verbis
1751 822 1864 893 jam
1899 829 2026 875 ante

447 927 965 992 demonstravimus,
1012 923 1317 990 iterumque
1361 918 1832 975 demonstraturus
1881 926 2026 978 snm,

447 1023 552 1083 nisi
577 1024 681 1080 hac
705 1020 760 1076 in
784 1031 845 1074 re
867 1015 970 1073 sim
1003 1011 1283 1069 molestus.

517 1208 580 1263 Β.
619 1202 807 1260 Absitt
838 1197 993 1267 Quod
1034 1194 1180 1252 enim
1225 1200 1312 1248 est
1356 1187 1522 1254 utile,
1567 1184 1708 1257 apud
1755 1183 2029 1253 aequiores

450 1298 660 1359 molesti
685 1294 823 1354 nihil
852 1291 1035 1349 habet.

533 1478 599 1531 A.
639 1472 735 1530 Dei
768 1482 900 1540 ergo
929 1470 1185 1535 expertes
1204 1467 1261 1516 et
1289 1465 1605 1513 sanctorum
1637 1465 1732 1522 spe
1758 1458 2028 1512 carentes,

453 1570 507 1626 in
536 1564 738 1638 mundo
769 1560 992 1629 degunt,
1039 1549 1341 1610 secundum
1383 1545 1725 1616 Scripturas,
1755 1540 1847 1610 qui
1878 1553 2035 1595 cree-

454 1671 631 1714 turam
663 1667 774 1725 prae
800 1650 1062 1707 creatore
1095 1650 1150 1700 et
1175 1637 1382 1711 Opitice
1409 1633 1674 1692 coluerint
1693 1632 1764 1686 ⁸⁸.

525 1828 587 1884 Β.
622 1825 697 1881 lta
733 1838 819 1879 res
844 1830 951 1877 est.

523 1922 592 1977 A.
631 1915 785 1971 Nunc
811 1919 997 1966 autem
1043 1922 1167 1964 eum
1213 1917 1573 1977 agnoscamus
1609 1901 1802 1967 Deum,
1843 1906 1900 1953 et
1940 1910 2033 1952 co·

458 2009 595 2085 gniti
624 2007 795 2064 simus
820 2018 851 2057 a
901 2000 1032 2067 Deo,
1055 1996 1295 2054 universi
1328 1994 1548 2049 Patrem
1581 2002 1639 2048 et
1672 1992 1840 2047 Deum
1887 1987 2036 2043 novi-

457 2115 578 2159 mus
607 2111 705 2170 per
731 2093 928 2151 Filium
968 2091 1022 2145 in
1067 2086 1294 2158 Spiritu.
1345 2084 1411 2140 Et
1445 2082 1601 2139 testis
1634 2080 1752 2151 ipse
1780 2078 2045 2141 Salvator,

458 2200 682 2255 noster,
743 2184 812 2239 tle
867 2181 1048 2253 seipso
1095 2176 1316 2248 quidem
1375 2174 1558 2232 dicens
1591 2186 1607 2227 ι
1644 2190 1664 2225 ι
1704 2169 1846 2228 Oves
1895 2181 2031 2224 meae

458 2292 645 2338 voeem
692 2286 868 2330 meam
912 2267 1160 2332 audiunt,
1210 2273 1268 2320 et
1312 2269 1615 2332 sequuntur
1665 2273 1753 2314 me
1791 2275 1805 2312 z
1838 2266 1893 2314 et
1934 2271 2033 2326 ego

459 2376 934 2429 vitamaeternam
983 2365 1053 2417 uo
1086 2357 1259 2418 eis⁸⁸.
1322 2356 1389 2412 Et
1431 2367 1701 2426 cognosco
1746 2365 1931 2417 meas,
1981 2358 2034 2406 et

457 2465 790 2536 cognoscunt
827 2469 915 2511 me
951 2450 1176 2508 meae⁸⁸.
1205 2468 1225 2502 ι
1285 2449 1358 2504 De
1406 2445 1610 2518 Spiritu
1659 2457 1788 2500 vero
1831 2442 2035 2499 sanctis

459 2550 738 2625 discipulis
767 2567 781 2604 :
818 2564 840 2600 r
871 2545 1004 2603 Cum
1054 2552 1240 2617 autent
1265 2538 1477 2595 venerit
1499 2535 1838 2601 Paracletus,
1872 2547 2033 2603 quem

460 2661 564 2717 ego
604 2642 815 2698 mittam
848 2637 1003 2694 vobis
1049 2649 1079 2689 a
1125 2632 1308 2696 Patre,
1347 2630 1613 2700 Spiritum
1643 2626 1913 2691 veritatis,
1943 2624 2034 2695 qni

460 2755 492 2793 a
537 2723 996 2802 Patre‘proeedit,
1043 2724 1132 2778 ille
1180 2721 1553 2779 testimonium
1607 2716 1918 2789 perhibebit
1967 2717 2035 2771 de

462 2826 634 2884 me⁸⁷.
662 2842 690 2876 ι
747 2821 940 2875 Annon
981 2830 1113 2885 ergo
1168 2811 1456 2869 manifeste
1509 2810 1658 2866 Deus
1707 2818 1791 2864 est
1831 2807 1898 2875 is,
1941 2805 2033 2877 qui

459 2914 708 2986 cognitus
733 2920 818 2967 est
847 2919 905 2965 ut
935 2908 1101 2972 Deus,
1130 2915 1188 2961 et
1218 2904 1271 2959 in
1314 2903 1473 2960 nobis
1499 2902 1733 2968 habitat,
1772 2917 1881 2957 non
1916 2909 2035 2956 tan-

461 3021 626 3080 quam
681 3010 934 3059 creatura
987 3008 1043 3054 et
1083 3010 1240 3068 opus,
1280 3004 1336 3052 et
1389 2994 1641 3051 servituti
1687 3002 1887 3049 nostrae
1936 2995 2034 3047 ob-

461 3100 676 3161 noxius,
703 3094 799 3151 sed
826 3093 962 3148 liber
995 3090 1295 3147 secundum
1325 3097 1597 3152 naturam,
1647 3094 1702 3142 et
1739 3086 1913 3158 ipsius
1938 3100 2031 3142 ve·
2059 3056 2101 3117 C

469 3189 644 3244 ritatis
675 3184 931 3256 Spiritus,
971 3182 1081 3238 imo
1122 3181 1260 3252 ipsa,
1292 3178 1589 3234 secundum
1622 3178 1881 3233 unitatem
1910 3192 2032 3233 cnm

464 3278 635 3345 Filio,
667 3275 871 3332 veritas
902 3290 917 3328 t
947 3291 966 3324 t
997 3271 1235 3341 Spiritus
1268 3267 1413 3323 enim
1454 3273 1538 3322 est
1572 3266 1797 3330 veritas,
1837 3278 2036 3321 secun-

461 3367 589 3423 dum
633 3367 945 3436 Scripturas
974 3380 989 3419 t
1020 3363 1219 3418 vet-itas
1251 3368 1450 3426 autem,
1491 3354 1830 3415 Christus⁸⁸.
1861 3375 1881 3409 ι

527 3565 589 3620 Β.
627 3562 898 3619 Naturalis
932 3561 1098 3631 igitur
1128 3559 1217 3614 illa
1245 3572 1375 3613 eum·
1402 3556 1542 3613 Filio
1577 3555 1856 3622 identitas,
1882 3555 2038 3610 sulti-

463 3659 607 3715 citne
637 3654 790 3711 uobis
814 3654 881 3708 acl
914 3650 1396 3708 demonstrandum
1437 3647 1883 3718 probandumque
1914 3645 2038 3716 Spi-

463 3753 623 3809 ritum
648 3763 771 3806 esse
800 3745 1013 3803 Deum?

519 3846 586 3901 A.
627 3842 705 3897 lta
735 3840 929 3911 piane,
975 3835 1247 3906 siquidem
1293 3848 1436 3891 unus
1489 3833 1750 3889 Dominus
1789 3846 1914 3888 eum
1964 3831 2037 3888 sit

460 3937 650 4003 Filius,
706 3931 963 3988 Dominus
1011 3935 1096 3984 est
1143 3925 1322 3982 Pater.
1368 3923 1538 3997 648
1575 3923 1712 3980 Cunt
1756 3923 1902 3979 enim
1954 3922 2035 3979 sic

460 4027 775 4086 concurrat,
816 4026 871 4074 ct
916 4016 969 4073 in
1010 4024 1241 4084 utroque
1272 4012 1344 4068 sit
1373 4023 1428 4069 et
1449 4012 1782 4085 intelligatur
1812 4023 2035 4069 sanctus

461 4114 722 4184 Spiritus,
759 4118 965 4165 rectam
1002 4105 1250 4162 veritatis
1276 4104 1417 4160 viam
1454 4104 1690 4172 insistet,
1728 4112 1784 4159 et
1815 4120 1847 4160 a
1884 4116 2032 4160 recto

461 4219 625 4262 sensu
684 4200 998 4270 neutiquam
1061 4196 1333 4253 deerrabit
1394 4195 1613 4250 animus
1670 4195 2031 4252 credentium.

460 4291 604 4348 Nam
663 4299 885 4362 propter
931 4286 1270 4343 identitatem
1318 4283 1641 4340 substantiae
1681 4283 1941 4341 Dominus
1980 4294 2037 4343 et

2122 459 2398 531 τηκόταςς

2196 552 2261 603 A.
2303 548 2452 602 Πάνυ
2504 546 2602 616 μὲν
2645 540 2756 608 οῦν,
2788 537 2835 598 ὧ
2876 541 3084 612 ἑταῖρε.
3111 536 3232 608 Θεῷ
3275 536 3386 607 γὰρ
3414 535 3487 590 ἃν
3518 536 3722 607 πρέποι

2128 643 2222 696 καὶ
2256 641 2404 713 μόνῳ
2452 634 2819 709 παραὸάσεών
2852 652 2911 688 τε
2956 632 3052 687 καὶ
3084 630 3304 703 γραφῆς
3340 629 3611 683 ἀπολύειν
3636 629 3722 683 δύ·

2128 732 2325 789 νασθαι
2351 733 2476 794 τοὺς
2511 726 2923 798 ὲνισχημένους,
2956 724 3131 794 ἑτέρῳ
3158 738 3221 790 γε
3253 722 3361 792 μὴν
3396 721 3514 774 τῶν
3557 721 3722 775 ὄντων

2128 823 2326 879 οὐδενί.
2356 820 2485 884 Θεὸς
2518 820 2575 873 δὲ
2608 818 2703 873 καὶ
2749 817 2815 869 ἐκ
2856 813 2990 868 Θεοῦ
3021 813 3162 868 κατὰ
3192 813 3353 882 φύσιν
3386 812 3453 865 τὸ
3503 810 3723 875 Πνεῦμα

2128 916 2399 971 δέδεικται
2432 912 2532 983 μὲν
2558 912 2659 983 ἤδη
2710 909 2806 963 καὶ
2833 908 2920 962 διὰ
2953 906 3178 979 μακρῶν
3217 907 3352 977 ἡμῖν
3379 904 3584 974 λόγων,
3618 904 3720 959 δει-

2129 1008 2391 1080 χθήσεται
2422 1005 2480 1059 δὲ
2524 1002 2766 1067 ἐσαῦθις,
2794 1002 2842 1055 εί
2890 1001 2965 1072 μή
2997 1018 3081 1064 τις
3115 1000 3232 1069 εἴην
3263 996 3323 1051 ἐν
3351 1013 3419 1067 γε
3450 996 3523 1069 δὴ
3552 995 3722 1068 τούτῳ

2133 1096 2417 1169 φορτικός.
3441 1073 3448 1079 ’

2203 1190 2264 1243 Β.
2305 1190 2420 1243 Οὐκ
2462 1190 2527 1244 ἂν
2549 1187 2778 1257 γένοιτο.
2812 1184 2887 1238 Τὸ
2916 1182 3024 1254 γάρ
3057 1197 3139 1236 τοι
3168 1178 3368 1250 βλέπον
3409 1178 3493 1243 είς
3520 1177 3723 1250 ὄνησιν,

2131 1280 2430 1352 οὐδαμόθεν
2462 1277 2528 1333 ἂν
2561 1278 2672 1349 ἔχοι
2700 1276 2762 1330 τὸ
2786 1275 2979 1329 λυπεῖν
3006 1272 3164 1339 είδὸς,
3193 1271 3345 1341 παρά
3374 1285 3443 1338 γε
3468 1273 3584 1334 τοῖς
3612 1271 3723 1323 ἐπι-

2133 1371 2487 1443 εικεστέροις.

2201 1464 2267 1517 A.
2310 1460 2496 1513 ’Δθεοι
2530 1456 2822 1530 τοιγαροῦν
2861 1455 2955 1511 καὶ
2985 1452 3198 1517 ἐλπίδος
3222 1450 3612 1523 ἁγιοπρεποῦς
3634 1467 3724 1523 τη-

2132 1550 2366 1624 τώμενοι
2399 1548 2732 1602 διατελοῦσιν
2773 1550 2830 1602 ὲν
2860 1545 3073 1616 κόσμῳ,
3101 1541 3243 1598 κατὰ
3267 1544 3368 1607 τὰς
3398 1542 3649 1614 Γραφάς,
3675 1540 3721 1596 ol

2136 1644 2313 1699 κτίσει
2353 1641 2778 1712 λελατρευκότες
2827 1637 2980 1709 παρὰ
3011 1634 3102 1690 τὸν
3130 1635 3377 1707 ,Κτίστην
3420 1636 3523 1689 καὶ
3570 1636 3725 1705 [lotn-

2134 1738 2256 1811 τήν.

2207 1829 2269 1885 Β.
2309 1816 2438 1881 Ὧδε
2477 1825 2615 1898 εχει.

2204 1924 2270 1975 A.
2308 1921 2447 1975 Νυνὶ
2494 1920 2551 1974 δὲ
2597 1918 2816 1989 γνόντες
2866 1914 3023 1982 Θεὸν,
3052 1915 3147 1968 καὶ
3186 1910 3541 1983 ἐγνωσμένοι
3585 1909 3719 1982 παρὰ

2133 2012 2293 2077 Θεοῦ,
2321 2012 2411 2066 τὸν
2451 2010 2563 2066 τῶν
2593 2010 2727 2065 ὅλων
2751 2008 2974 2080 Πατέρα
3003 2007 3098 2061 καὶ
3119 2004 3254 2059 Θεὸν
3285 2002 3627 2075 ἐγνώκαμεν
3653 2000 3721 2057 δι’

2134 2103 2266 2160 Υἱοῦ
2292 2104 2350 2158 ὲν
2385 2102 2683 2175 Πνεύματι.
2713 2101 2822 2156 Καὶ
2849 2101 3061 2173 μάρτυς
3084 2097 3253 2162 αὐτὸς
3273 2098 3304 2151 ό
3328 2096 3533 2169 Σωτὴρ
3554 2096 3722 2167 ἡμῶν,

2136 2194 2263 2267 περὶ
2292 2194 2394 2267 μὲν
2429 2191 2627 2247 ἑαυτοῦ
2658 2190 2833 2261 λέγων
2857 2204 2873 2221 ·
2909 2209 2929 2243 ι
2960 2189 3041 2243 Τὰ
3072 2188 3331 2261 πρόὸατα
3373 2187 3453 2242 τὰ
3505 2188 3616 2259 ἐμὰ
3632 2186 3727 2257 τῆς

2135 2285 2319 2354 φωνῆς
2350 2300 2449 2355 μου
2473 2281 2685 2346 ἀκούει,
2710 2282 2805 2336 καὶ
2835 2278 3190 2335 ἀκολουθοῦσί
3214 2296 3335 2349 μοι,
3358 2278 3525 2348 κάγὼ
3541 2279 3726 2349 δίδωμι

2135 2376 2317 2440 αὐτοῖς
2360 2375 2503 2447 ζωὴν
2529 2373 2749 2430 αἰώνιον
2771 2388 2785 2403 ·
2819 2372 2913 2426 καὶ
2941 2371 3195 2441 γινώσκω
3223 2369 3298 2425 τὰ
3329 2370 3469 2443 ἐμὰ.
3505 2371 3601 2425 καὶ
3643 2387 3722 2438 γι-

2137 2462 2406 2520 νώσκουσί
2442 2481 2508 2536 με
2536 2462 2604 2517 τὰ
2634 2463 2764 2535 ὲμά.
2796 2483 2815 2515 ι
2851 2462 2988 2532 Περὶ
3030 2460 3090 2515 δέ
3136 2477 3200 2527 γε
3247 2460 3345 2515 τοῦ
3387 2461 3724 2531 Πνεύματος.

2132 2558 2246 2623 τοῖς
2274 2557 2452 2625 ἁγίοις
2487 2555 2777 2627 μαθηταῖς·
2811 2555 3010 2608 «Ὅταν
3031 2553 3088 2607 δὲ
3122 2552 3258 2627 ἔλθῃ
3287 2554 3318 2608 ὁ
3347 2552 3716 2625 Παράκὶητος,

2132 2647 2193 2703 δν
2242 2647 2353 2716 ἐγὼ
2395 2646 2596 2721 πέμψω
2646 2647 2774 2717 ὑμῖν
2804 2644 2956 2715 παρὰ
3001 2642 3096 2697 τοῦ
3144 2642 3373 2714 Πατρὸς,
3404 2640 3713 2710 tenve-352⁶

2133 2735 2236 2809 τῆς
2262 2736 2540 2807 ἀληθείας,
2568 2736 2595 2789 ὃ
2625 2735 2775 2808 παρὰ
2794 2734 2889 2790 τοῦ
2920 2733 3135 2806 Πατρὸς
3170 2731 3544 2805 ἐκπορεύεται,
3571 2732 3703 2784 ἐκεῖ·

2134 2845 2225 2895 νος
2268 2829 2608 2902 μαρτυρήσει
2651 2829 2778 2900 περὶ
2810 2827 2966 2899 ἐμοῦ.
3003 2846 3023 2880 ι
3043 2823 3174 2899 Ἆρ’
3201 2821 3294 2880 οῦν
3320 2824 3444 2897 ούχὶ
3470 2825 3606 2889 Θεὸς
3635 2826 3721 2878 ὲν-

2134 2920 2320 2992 αργῶς
2354 2919 2416 2973 τὸ
2445 2919 2520 2984 ὡς
2548 2919 2679 2983 Θεὸς
2705 2918 3074 2990 ἐγνωσμένον,
3105 2918 3198 2973 καὶ
3233 2918 3294 2972 ἐν
3331 2919 3468 2989 ἡμῖν
3514 2915 3722 2977 οίκοῦν.

2133 3012 2233 3083 οὐχ
2275 3010 2352 3077 ὡς
2401 3011 2605 3083 κτίσμα
2650 3010 2746 3066 καὶ
2793 3009 3039 3081 γενητὸν,
3076 3010 3172 3065 καὶ
3196 3006 3409 3078 δουλείᾳ
3466 3010 3535 3079 τῇ
3583 3007 3726 3061 καθ’

2136 3104 2285 3174 ἡμᾶς
2309 3103 2650 3173 ἐνεχόμενον,
2685 3102 2800 3156 ἀλλ’
2829 3102 2905 3167 ὡς
2930 3101 3215 3176 ἐλεύθερον
3236 3099 3384 3154 κατὰ
3411 3098 3598 3169 φύσιν,
3623 3101 3723 3154 καὶ

2134 3195 2307 3266 αὐτῆς
2337 3195 2582 3266 ὑπάρχον
2611 3195 2709 3265 τῆς
2737 3194 2994 3267 ἀληθείας
3029 3195 3092 3249 τὸ
3141 3193 3395 3264 Πνεῦμα,
3428 3193 3623 3263 μᾶλλον
3658 3191 3719 3248 δὲ

2136 3285 2276 3356 αὑτὴ
2307 3285 2432 3340 καθ’
2464 3285 2656 3339 ἕνωσιν
2682 3285 2781 3355 τὴν
2816 3284 2953 3356 πρὸς
2978 3286 3066 3338 τὸν
3088 3283 3228 3352 ,Υἱὸν
3264 3285 3301 3354 ἡ
3327 3283 3585 3356 ἀλήθεια·
3617 3281 3720 3338 ‹⁰1³›

2136 3376 2246 3448 γὰρ
2283 3374 2511 3447 Πνεῦμα
2556 3376 2703 3429 ἐστιν
2752 3377 2785 3446 ἠ
2834 3375 3081 3448 ἀλήθεια,
3131 3375 3279 3429 κατὰ
3331 3376 3435 3440 τὰς
3483 3374 3723 3449 Γραφὰς,

2138 3469 2365 3542 ἀλήθεια
2392 3468 2473 3536 δὲ,
2502 3469 2531 3520 ὁ
2554 3468 2808 3539 Χριστός.
2842 3488 2860 3522 ι

2207 3563 2268 3617 Β.
2318 3563 2384 3616 ‘H
2414 3561 2547 3632 πρὸς
2582 3559 2674 3614 τὸν
2709 3561 2837 3615 Υίὸν
2878 3553 2970 3615 οῦν
3012 3558 3121 3632 ἄρα
3171 3561 3389 3633 φυσικὴ
3440 3562 3721 3632 ταυτότης.

2138 3655 2215 3718 ὡς
2248 3653 2333 3725 εἴη
2362 3653 2422 3706 τὸ
2453 3652 2674 3722 Πνεῦμα
2703 3651 2856 3716 Θεὸς,
2893 3651 3109 3723 ἀπόχρη
3142 3652 3286 3722 πρὸς
3328 3653 3609 3719 ἀπόδειξιν
3635 3655 3721 3706 καὶ

2139 3743 2509 3815 πληροφορίαν
2547 3743 2712 3813 ὴμίνς

2205 3837 2269 3890 A.
2313 3835 2444 3901 Nat,
2468 3836 2623 3905 εἴπερ
2656 3833 2783 3898 svb-21
2800 3834 2955 3896 ὄντος
2983 3834 3191 3905 Κυρίου
3215 3834 3315 3888 τοῦ
3348 3830 3699 3900 Υίοῦ.Κύμὸς

2138 3929 2283 3983 ἐστιν
2315 3929 2344 3982 ὁ
2370 3928 2577 3999 Πατήρ.
2616 3925 3025 3991 Συνεισθεόντος
3058 3925 3168 3997 γὰρ
3193 3926 3368 3991 οὕτω,
3405 3928 3503 3983 καὶ
3532 3927 3585 3982 ὲν
3608 3928 3706 3996 ἀμ·

2138 4023 2257 4092 φοῖν
2302 4018 2454 4084 ὄντος
2491 4036 2553 4072 τε
2595 4017 2689 4072 καὶ
2732 4017 3024 4087 νοουμένου
3061 4016 3155 4070 τοῦ
3189 4017 3358 4085 ἁγίου
3386 4016 3711 4088 Πνεύματος,

2137 4112 2259 4165 κατ’
2285 4111 2414 4165 εὐθὺ
2452 4111 2552 4180 τῆς
2575 4109 2833 4180 ἀληθείας
2854 4110 3157 4180 οἰχήσεται,
3193 4109 3293 4162 καὶ
3319 4109 3439 4164 τῶν
3464 4113 3544 4174 είς
3570 4108 3714 4181 ὀρθό-

2135 4217 2277 4272 τητα
2322 4199 2609 4271 νοημάτων
2650 4200 3004 4272 ἀμοιρήσειεν
3047 4199 3113 4254 ἂν
3159 4198 3279 4254 οὔτι
3326 4218 3437 4255 που
3488 4200 3599 4255 τῶν
3637 4215 3717 4254 τι·

2139 4291 2434 4346 στευόντων
2460 4291 2489 4343 ὀ
2517 4290 2661 4354 νοῦς.
2703 4292 2802 4346 Διὰ
2844 4292 2952 4364 γάρ
2993 4309 3075 4345 τοι
3118 4292 3182 4346 τὸ
3211 4293 3270 4346 ὲν
3314 4293 3486 4365 οὐσίᾳ
3506 4292 3716 4353 ταυτὸν.

462 4385 604 4441 Deus
656 4380 895 4452 Spiritus
938 4387 1055 4443 est,
1102 4389 1277 4446 eoque
1331 4374 1553 4431 nomine
1601 4374 1743 4446 apud
1796 4376 2033 4432 divinam
2067 4398 2112 4454 D
2139 4382 2341 4454 Κύριός
2374 4399 2434 4435 τε
2467 4383 2561 4435 καὶ
2588 4382 2721 4447 Θεὸς
2758 4384 2820 4437 τὸ
2863 4382 3086 4455 Πνεῦμα
3111 4383 3281 4447 ἐστιν,
3313 4383 3468 4438 οὓτω
3502 4401 3565 4437 τε
3589 4382 3715 4438 dms-

461 4478 799 4546 scripturam
846 4469 1160 4541 insignitur.
1210 4465 1438 4524 Divinus
1478 4466 1680 4523 etenim
1729 4468 1918 4534 lsaias,
1969 4471 2037 4526 tle

461 4566 721 4625 israelitis
757 4582 772 4620 :
810 4581 830 4616 ι
872 4561 1163 4618 Descendit
1206 4560 1444 4630 Spiritus
1480 4576 1512 4616 a
1542 4559 1792 4630 Domino,
1839 4562 2032 4632 inquit,

460 4669 517 4716 ct
538 4657 758 4713 deduxit
788 4670 887 4711 eos
912 4675 927 4711 z
955 4653 1033 4711 sic
1065 4653 1340 4708 adduxisti
1371 4653 1627 4723 populum
1660 4661 1831 4717 tuum,
1865 4662 1922 4707 ut
1956 4654 2036 4707 sa-

461 4764 616 4806 eeres
655 4749 754 4803 tibi
801 4761 998 4802 nomen
1046 4744 1232 4815 gloriae
1261 4744 1329 4799 ⁸⁹.
1362 4761 1383 4795 ι
1437 4742 1661 4813 Magnus
1711 4755 1891 4799 autent
1947 4743 2035 4800 ille

462 4838 676 4909 llnyses
713 4835 997 4890 Dominum
1030 4841 1084 4887 et
1109 4830 1279 4886 Deum
1311 4830 1574 4902 Spiritum
1603 4847 1729 4888 eunt
1773 4846 2033 4904 agnosce-

464 4940 561 4990 ret,
608 4928 807 4983 alicubi
851 4925 932 4982 sic
959 4924 1114 4980 iniit:
1150 4941 1169 4977 r
1205 4921 1465 4980 Dominus
1510 4923 1660 4980 solus
1690 4924 1844 4980 duxit
1889 4926 2031 4993 illos,

459 5029 515 5076 et
541 5034 648 5073 nou
673 5026 793 5073 erat
838 5030 963 5072 cum
993 5015 1100 5071 illis
1127 5014 1270 5069 Deus
1315 5013 1528 5071 alienus
1548 5016 1616 5070 ⁸0.
1646 5034 1664 5068 ι
1701 5016 1768 5072 Et
1794 5017 2033 5087 alloque-

460 5111 617 5166 batur
646 5108 863 5179 quidem
903 5107 955 5160 in
982 5107 1195 5162 cantico
1228 5105 1501 5161 Israelitas
1533 5125 1546 5160 z
1583 5125 1604 5159 ι
1636 5105 1841 5163 Mentor
1888 5121 2029 5177 estO,

461 5217 533 5257 ne
583 5195 956 5262 obliviscaris,
1021 5207 1281 5268 quantum
1331 5197 1676 5255 exacerbatis
1731 5199 2029 5256 Dominum

464 5293 632 5348 Deum
666 5301 814 5348 tuum
845 5289 902 5346 in
929 5290 1144 5346 deserto
1164 5289 1231 5346 ⁸¹.
1264 5308 1283 5340 ι
1334 5288 1658 5360 Sigttiiicans
1682 5301 1863 5348 autem
1904 5310 2030 5349 rur·

463 5397 556 5439 sus
582 5380 960 5438 exacerbatum
1005 5380 1291 5436 Dominum
1332 5393 1395 5436 ac
1426 5378 1619 5448 Deum,
1651 5386 1912 5454 propheta
1948 5386 2034 5441 in.

535 5574 584 5609 ⁸⁸
619 5575 819 5646 Ephes.
856 5593 931 5642 ιι,
984 5577 1080 5644 12ς
1128 5577 1286 5635 Rom.
1317 5593 1370 5644 t,
1399 5581 1491 5637 25.

464 5645 510 5681 n
1593 5582 1639 5615 ⁸⁸
1677 5579 1833 5636 loan.
1867 5598 1898 5637 x
1918 5625 1931 5647 ,
1958 5583 2051 5638 27.

548 5647 650 5703 lsa.
690 5662 841 5715 txtn,
873 5647 957 5703 Η.

1035 5649 1079 5680 ⁸·
1120 5649 1274 5705 Deut.
1306 5665 1477 5719 xxxtt,
1519 5650 1606 5707 ¹2.
1681 5653 1725 5685 ⁸¹
1764 5651 1921 5709 Deut.
1959 5669 2035 5720 tx,
2068 5653 2119 5707 7.

2145 4491 2346 4548 μασται
2391 4473 2544 4546 παρὰ
2586 4477 2653 4546 τῇ
2704 4473 3044 4546 θεοπνεύστῳ
3092 4476 3573 4546 Γραφῇ.Ἤσα“ίας
3623 4475 3715 4546 μὲν

2140 4566 2249 4637 γὰρ
2293 4568 2322 4619 ὁ
2362 4565 2683 4632 θεσπέσιος,
2738 4568 2867 4639 περὶ
2914 4568 3021 4622 τῶν
3074 4566 3132 4632 ἐξ
3176 4568 3419 4638 αἵματος
3459 4570 3712 4642 Ἰσραήλ·

2144 4672 2166 4708 t
2190 4657 2413 4728 Κατέὸη
2443 4657 2669 4730 Πνεῦμα
2698 4659 2847 4731 παρὰ
2876 4659 3101 4732 Κυρίου,
3130 4660 3287 4729 φησὶ,
3315 4660 3415 4714 καὶ
3437 4661 3709 4732 ὡδήγησει

2141 4748 2365 4812 αὐτούς·
2418 4749 2589 4813 οὕτως
2641 4750 2846 4821 ἦγαγες
2888 4751 2979 4804 τὸν
3024 4751 3151 4804 λαόν
3205 4767 3324 4816 σου,
3353 4751 3453 4805 τοῦ
3498 4755 3713 4815 ποιῆσαι

2140 4838 2354 4909 σεαυτῷ
2373 4838 2542 4909 ὄνομα
2575 4838 2752 4909 δόξης.
2774 4860 2793 4892 ι
2833 4841 3040 4911 Μωσῆς
3067 4841 3125 4895 δὲ
3149 4843 3177 4894 ὁ
3208 4842 3410 4911 μέγας,
3429 4843 3634 4915 Κύριόν
3659 4858 3713 4894 τε

2141 4932 2233 4985 καὶ
2266 4929 2397 4983 Θεὸν
2446 4930 2506 4983 τὸ
2547 4931 2769 5003 Πνεῦμα
2794 4933 2969 4998 εἰδὼς,
3001 4930 3104 4988 ὧδέ
3144 4935 3219 5005 πή
3248 4952 3417 5006 φησι·
3469 4956 3488 4988 t
3518 4937 3713 5009 Κύριος

2142 5021 2300 5092 μόνος
2327 5016 2462 5091 ἦγεν
2495 5021 2712 5088 αὐτοὺς,
2743 5023 2835 5076 καὶ
2874 5023 2975 5076 οὐκ
3000 5019 3069 5095 ἦν
3099 5027 3219 5094 μετ’
3249 5026 3437 5081 αὐτῶν
3467 5026 3603 5090 Θεὸς
3630 5025 3713 5078 ἁλ-

2134 5113 2363 5184 λότριος.
2390 5133 2409 5165 ι
2432 5115 2542 5168 Καὶ
2562 5116 2898 5185 προσεφώνει
2922 5119 3021 5188 μὲν
3044 5121 3101 5172 ὲν
3122 5119 3233 5190 ᾠδῇ
3255 5122 3370 5184 τοῖς
3393 5121 3457 5187 ἐξ
3480 5118 3713 5192 Ἰσραήλ·

2140 5224 2159 5256 ι
2189 5205 2493 5276 Μνήσθητι,
2524 5208 2600 5277 μὴ
2641 5208 2870 5280 ὲπιλάθῃ
2902 5211 3001 5263 ὅσα
3037 5209 3366 5280 παρώξυνας
3396 5212 3606 5282 Κύριον
3631 5210 3717 5263 τὸν

2134 5296 2264 5350 Θεόν
2309 5313 2403 5351 σου
2443 5299 2501 5351 ἐν
2544 5302 2612 5370 τῇ
2655 5300 2866 5372 ἐρήμῳ.
2896 5320 2915 5352 ι
2955 5303 3404 5373 Κατασημαίνων
3433 5304 3494 5359 δὲ
3531 5301 3600 5357 αὗ
3632 5301 3713 5354 τὸν

2133 5385 2535 5458 παροξυνθέντα
2577 5388 2781 5460 Κύριον
2815 5391 2909 5443 καὶ
2934 5389 3067 5445 Θεὸν
3115 5395 3144 5446 ὀ
3195 5395 3491 5467 προφήτης
3533 5390 3713 5464 φησίν·

2148 5585 2195 5617 “
2235 5585 2366 5642 ibid.
2401 5588 2486 5643 Η.
2611 5589 2655 5621 ⁸⁷
2694 5588 2850 5645 Joan.
2886 5605 2975 5657 xv,
3024 5590 3117 5649 26.

3238 5593 3286 5627 ⁸⁸
3325 5595 3343 5648 Ι
3391 5593 3547 5651 ioan.
3577 5608 3637 5661 v,
3660 5587 3713 5648 6.
