3809 6125
307 312 414 369 ω
1353 300 1412 356 S.
1452 297 1721 355 ermen
1758 294 2221 354 ALExANnmut
2259 302 2570 356 Ancutsr.
3445 292 3558 350 32⁰

306 424 620 493 prietatem,
671 428 726 473 et
753 416 1028 481 virtutem,
1057 417 1165 471 imo
1195 428 1343 480 vero,
1372 427 1494 468 cum
1535 412 1649 480 ipse
1697 410 1768 464 sit
1796 408 1873 462 vi·
1910 412 1952 468 Α
1987 410 2187 479 μᾶλλον
2218 413 2374 475 αὐτὸς
2402 412 2478 466 ὢν
2504 415 2536 483 ὴ
2568 412 2712 474 ζῶσα
2744 411 2835 463 καὶ
2865 407 3130 478 οὑσιὼδης
3168 405 3420 479 ἐνέργεια
3457 410 3555 462 καὶ

262 503 481 578 ‘venas
512 521 566 567 et
617 508 985 567 substantialis
1016 509 1184 562 virtus
1229 516 1284 561 et
1325 504 1646 576 proprietas,
1688 511 1743 557 et
1780 516 1870 556 sa-
1976 501 2203 572 δύναμις
2230 503 2325 556 καὶ
2352 504 2508 568 σοφία
2533 501 2626 554 τοῦ
2653 500 2882 572 Πατρός.

307 604 511 677 pientia
543 600 740 657 Patris.

983 706 1139 763 ALlU
1150 708 1207 762 D.

384 842 404 877 ι
444 823 595 879 Titne
644 836 873 891 surgens
920 819 1218 890 increpavit
1267 828 1484 872 ventum
1513 831 1578 872 ae
1610 831 1779 880 mare,
1825 825 1882 870 et

308 917 448 971 lacta
475 924 561 970 est
591 912 954 981 tranquillitas
980 925 1191 979 magna.
1217 907 1476 963 Homines
1497 918 1674 962 autetn
1701 908 1881 962 mirati

306 1016 453 1072 sunt,
482 1006 723 1061 dicentes
750 1020 764 1059 ι
789 1001 922 1069 Quis
941 1011 1024 1055 est
1050 1001 1170 1066 iste,
1197 1001 1449 1069 quoniam
1483 1013 1632 1055 mare
1658 1009 1713 1054 et
1740 1000 1882 1054 venti

307 1095 573 1150 obediunt
611 1094 660 1149 ei
704 1094 794 1146 ⁸⁹?
843 1111 863 1146 ι
906 1093 1046 1147 Deus
1092 1091 1161 1146 ad
1215 1091 1688 1146 demonstrandam
1732 1106 1883 1146 suam

309 1184 654 1252 ttiajestatem
709 1182 905 1239 alicubi
949 1196 1047 1252 per
1075 1181 1358 1251 quemdam
1387 1183 1771 1251 prophetarunt
1817 1185 1885 1237 ad

310 1274 588 1343 improbos
619 1274 690 1327 ita
720 1275 798 1327 ait
827 1291 843 1327 ι
882 1291 901 1324 ι
931 1273 1013 1327 An
1048 1288 1152 1326 nou
1187 1271 1442 1327 timebitis
1468 1272 1594 1326 me?
1621 1273 1752 1327 dieit
1781 1271 1884 1326 Do·

312 1362 531 1417 minus?
560 1364 642 1417 An
672 1378 775 1416 uon
825 1362 1090 1432 pavebitis
1130 1379 1159 1415 a
1223 1361 1357 1415 l'acie
1410 1376 1546 1424 tuea,
1596 1363 1685 1433 qui
1734 1360 1886 1433 posui

312 1469 536 1509 arenam
568 1456 856 1509 terminum
907 1453 1067 1519 mari,
1106 1453 1415 1506 mandatum
1447 1463 1706 1508 aeternutn
1745 1453 1887 1522 quod

313 1560 419 1600 non
467 1544 819 1615 pertransibit
839 1544 926 1598 ⁸⁸?
958 1563 977 1596 ι
1013 1544 1068 1598 ld
1120 1543 1294 1613 ipsum
1325 1558 1541 1613 quoque
1579 1545 1889 1615 significans

310 1638 366 1693 iu
403 1634 528 1701 «lob,
551 1638 617 1692 de
649 1636 783 1691 mari
807 1636 880 1691 ita
910 1622 1145 1705 loquitur
1175 1654 1190 1691 ι
1222 1653 1243 1688 ι
1281 1636 1435 1690 Posui
1457 1638 1712 1691 termines
1738 1637 1810 1701 ei,
1832 1644 1888 1690 et

2663 701 2864 755 AAAO.

1999 825 2006 832 '
2057 838 2076 870 ι
2110 817 2244 871 Τότε
2278 815 2522 886 ἐγερθεὶς
2562 815 2862 885 ἐπετίμησε
2902 812 2979 883 τῷ
3012 812 3199 883 ἀνέμῳ
3232 822 3326 867 και
3359 816 3428 885 τῇ
3462 812 3554 868 θα·

1983 910 2181 982 λάσσῃ,
2218 909 2316 961 καλΙ
2351 907 2568 974 ἐγένετο
2593 906 2801 977 γαλήνη
2838 904 3071 975 μεγάλη.
3104 906 3164 957 Ol
3197 905 3256 957 δὲ
3275 904 3560 977 ἅνθρωποι

1987 999 2325 1070 ἐθαύμασαν,
2362 997 2612 1066 λέγοντες
2632 1011 2647 1025 ·
2673 995 2923 1058 Ποδαπός
2954 997 3102 1049 ἐστιν
3131 990 3282 1058 οὗτος
3302 1036 3316 1057 ,
3345 996 3431 1049 ὅτι
3464 999 3588 1051 καὶ·

1988 1092 2294 1164 ἠθάλασσα
2336 1090 2433 1144 καὶ
2454 1090 2508 1144 οἱ
2550 1088 2740 1159 ἄνεμοι
2786 1087 3151 1141 ὑπακούουσιν
3184 1088 3367 1158 αὐτῷ;
3398 1107 3419 1141 ι
3464 1087 3563 1154 Είς

1986 1182 2261 1249 ἀπόδειξιν
2309 1180 2411 1253 τῆς
2456 1179 2684 1251 ἐνούσης
2732 1177 2879 1249 αύτῷ
2926 1178 3380 1250 μεγαλειότητος,
3428 1181 3563 1252 φησί

1987 1291 2091 1327 που
2125 1272 2258 1335 Θεὸς
2296 1272 2365 1325 δι’
2405 1271 2523 1344 ζνὸς
2551 1270 2659 1323 τῶν
2696 1269 2988 1341 προφητῶν
3021 1269 3155 1340 πρὸς
3183 1270 3311 1335 τοὺς
3335 1271 3566 1342 ἀναίδην

1989 1364 2463 1436 ἐξαμαρτάνοντας
2484 1378 2497 1393 ·
2533 1382 2552 1413 ι
2588 1361 2677 1431 Μὴ
2718 1361 2818 1431 ἐμὲ
2847 1360 2908 1414 ού
2940 1359 3225 1429 φοὸεἶσθε;
3256 1361 3409 1430 λέγει
3448 1364 3564 1417 Κύ-

1993 1444 2220 1525 ριοξ.Ἧ
2254 1451 2362 1507 ἀπὸ
2389 1449 2483 1504 τοῦ
2515 1449 2806 1521 προσώπου
2835 1465 2936 1520 μου
2966 1450 3066 1503 οὐκ
3093 1449 3565 1522 εὐλαὸηθήσεσθε.

1990 1546 2080 1600 τὸν
2115 1544 2353 1609 τάξαντα
2382 1545 2564 1613 ἄμμον
2603 1543 2749 1613 ὄριον
2795 1544 2861 1612 τῇ
2907 1539 3184 1612 θαλάσσῃ,
3230 1544 3569 1614 πρόσταγμα

1994 1637 2244 1702 αἰώνιον,
2278 1637 2372 1692 καὶ
2413 1637 2509 1706 οὐχ
2562 1634 2930 1705 ὑπερὸήσεται
2972 1633 3133 1699 αὐτός
3172 1653 3193 1684 ι
3238 1634 3354 1688 Καὶ
3400 1636 3568 1690 πάλιν

311 1726 544 1797 imposui
571 1725 807 1781 claustra
838 1734 893 1780 et
923 1726 1094 1792 ostia;
1134 1734 1185 1781 et
1220 1726 1331 1780 dixi
1356 1726 1447 1779 ei:
1479 1725 1559 1780 Ad
1591 1726 1695 1780 boc
1719 1739 1889 1795 usque
1919 1743 1963 1801 B
1993 1729 2121 1781 αὐτὸ
2148 1728 2211 1798 δὴ
2243 1725 2402 1781 τοῦτο
2436 1727 2718 1798 σημαίνων
2747 1727 2805 1779 ὲν
2849 1725 2965 1779 ’tene
2992 1725 3120 1796 περὶ
3154 1724 3255 1797 τῆς
3283 1725 3571 1799 θαλάσσης

311 1817 520 1881 venies,
554 1825 608 1871 et
638 1830 743 1871 non
789 1817 1148 1883 pertransibis
1177 1833 1193 1870 t
1227 1816 1320 1871 sed
1370 1816 1422 1869 in
1492 1817 1665 1886 teipso
1698 1828 1886 1871 eonte-

315 1916 502 1963 rentur
528 1906 682 1960 undae
717 1916 820 1959 tuae
849 1906 948 1959 ⁸⁸.»
981 1906 1180 1961 Beatus
1213 1907 1378 1961 etiam
1406 1906 1692 1961 Psalmista
1721 1908 1886 1977 spiri-

314 1997 516 2051 tualem
556 1995 778 2066 pulsans
805 1996 1001 2066 lyram,
1030 2006 1083 2052 et
1109 1996 1418 2068 glorificans
1452 1998 1637 2063 Deum,
1661 2000 1735 2053 ita
1769 2000 1884 2054 ait:

321 2104 341 2139 ι
379 2085 462 2141 Tu
500 2086 794 2142 dominaris
840 2089 1087 2157 potestati
1126 2090 1311 2152 mat-is,
1359 2099 1534 2144 mutus
1566 2098 1744 2144 autem
1790 2089 1888 2144 ilu-

313 2184 498 2231 etttum
544 2174 661 2245 ejus
707 2185 761 2229 tu
809 2176 1022 2244 mitigas
1068 2175 1135 2230 ⁸⁸.
1169 2194 1189 2229 ι
1229 2175 1361 2232 Cum
1416 2178 1614 2247 itaque,
1650 2189 1889 2248 potestas

317 2273 480 2336 atque
507 2265 806 2321 dominium
836 2266 890 2320 in
917 2280 1066 2321 mare
1092 2268 1164 2323 sit
1188 2268 1400 2337 signum
1434 2280 1641 2323 naturae
1669 2269 1886 2335 divina),

317 2369 583 2427 posseque
606 2356 754 2426 leges
775 2356 1131 2426 praescribere
1157 2359 1333 2428 aquis,
1358 2367 1411 2413 et
1433 2360 1698 2429 praecipua
1731 2376 1887 2417 muti-

316 2448 370 2503 di
397 2446 660 2503 elementa
679 2446 810 2517 jugo
846 2446 1114 2515 subjicere
1144 2466 1159 2503 ι
1189 2459 1350 2520 atque
1379 2453 1492 2506 ltaec
1527 2467 1721 2522 magna
1754 2469 1889 2525 qua-

316 2539 443 2594 dam
497 2547 765 2609 potestate
812 2536 984 2594 Filius
1034 2544 1275 2611 p‘raestat,
1313 2544 1584 2613 quomodo
1628 2561 1733 2601 nou
1783 2548 1890 2602 erit

318 2639 511 2685 natura
559 2629 738 2686 Deus?
768 2631 877 2685 Aut
920 2632 1191 2700 quomodo
1224 2633 1295 2687 sit
1326 2641 1560 2701 creatus,
1609 2636 1699 2706 qui
1731 2636 1890 2693 l'acile

317 2720 607 2777 admodum
635 2734 700 2777 ea
733 2735 854 2791 quae
879 2722 981 2777 soli
1012 2723 1120 2778 Deo
1145 2737 1209 2778 ae
1245 2721 1392 2779 Patri
1420 2728 1748 2782 conveniunt
1773 2729 1891 2784 etli-

315 2825 443 2868 eere
480 2811 692 2882 petest?
740 2810 877 2869 Nam
925 2811 972 2868 si
1023 2813 1158 2869 nihil
1220 2828 1440 2887 prorsus
1488 2831 1613 2873 esse
1663 2818 1890 2876 dicimus

317 2916 478 2973 posse
523 2904 774 2974 imperari
820 2905 980 2971 mari,
1031 2905 1390 2976 claustrisque
1438 2919 1493 2964 et
1542 2911 1709 2979 portis
1759 2911 1888 2967 illud

316 3006 590 3058 coercere,
618 3009 779 3064 quam
799 2994 868 3049 eb
897 3009 1007 3050 rem
1026 2994 1169 3050 Deus
1182 3011 1244 3053 ae
1259 2996 1420 3051 Pater
1446 2999 1512 3052 de
1538 2999 1606 3055 iis
1631 3008 1887 3071 tanquam

316 3084 726 3140 admirabilibus
755 3085 1052 3156 gloriatur?
1094 3086 1384 3155 Caeterum,
1412 3091 1456 3145 si
1483 3091 1646 3164 306
1668 3107 1735 3149 ex
1774 3094 1888 3150 sola
1914 3067 1958 3127 C

317 3174 504 3228 divina
535 3185 804 3244 potestate
827 3187 883 3230 et
915 3177 1081 3245 gloria
1120 3181 1306 3234 barum
1331 3195 1507 3237 rerum
1533 3193 1771 3253 potestas
1797 3187 1889 3242 de·

318 3262 535 3331 pendet,
600 3265 740 3318 nulla
777 3278 925 3321 certe
963 3268 1100 3322 ratio
1142 3271 1411 3339 permittet
1448 3282 1503 3327 ιιι
1533 3290 1652 3344 quae
1695 3276 1888 3334 divinae

320 3362 526 3407 naturae
569 3358 909 3417 com-eitiunt,
967 3369 1162 3413 creatae
1207 3363 1518 3418 substantiae
1560 3364 1881 3424 tribuamus.

316 3440 431 3496 Nou
455 3453 538 3497 est
574 3444 737 3511 igitur
776 3457 1022 3501 creatura
1057 3448 1225 3505 Filius
1271 3453 1360 3519 qui
1393 3452 1636 3510 intimam
1679 3457 1876 3513 divini-

315 3533 441 3588 tatis
471 3535 730 3588 rationem
785 3537 951 3601 subit,
980 3554 1039 3591 ea
1070 3543 1375 3607 praestando
1408 3546 1721 3602 naturaliter
1756 3564 1878 3620 quae

313 3622 415 3677 soli
446 3624 642 3678 divium
672 3640 874 3680 naturae
907 3639 1029 3681 sunt
1052 3631 1288 3700 propria.

1989 1820 2155 1891 φησίν
2174 1836 2188 1850 ·
2226 1838 2245 1871 ι
2290 1817 2527 1889 Ἐθέμην
2554 1819 2611 1872 δὲ
2640 1820 2777 1889 αὐτῇ
2805 1818 2928 1889 ὅρια
2959 1817 3168 1881 ἐπιθεὶς
3199 1817 3430 1890 κλεῖθρα
3470 1822 3570 1874 καὶ

1988 1911 2162 1975 πύλας
2184 1928 2199 1944 ·
2231 1906 2362 1965 εῐπα
2384 1911 2441 1963 δὲ
2479 1910 2615 1980 αὐτῇ
2638 1928 2650 1939 ·
2685 1909 2863 1977 Μέχρι
2884 1907 3076 1961 τούτου
3104 1906 3320 1980 ὲλεύσῃ,
3340 1909 3436 1963 καὶ
3459 1911 3565 1981 οὐχ

1990 2002 2275 2073 ὑπερδήση
2296 2017 2310 2031 ·
2358 1999 2473 2076 ἀλλ’
2518 2001 2576 2053 ὲν
2628 2001 2829 2070 σεαυτῇ
2878 1998 3298 2070 συντριδήσεταί
3337 2015 3432 2053 σου
3481 2003 3557 2052 τά

1989 2094 2230 2163 κύματα.
2262 2110 2281 2144 ι
2325 2090 2382 2145 Ὀ
2412 2090 2469 2143 δέ
2511 2106 2576 2159 γε
2613 2089 2881 2160 μακάριος
2920 2088 3222 2160 Ψαλμῳδὸς
3243 2090 3340 2160 τὴν
3383 2106 3549 2143 πνευ-

1992 2182 2228 2255 ματικὴν
2269 2179 2701 2252 ἀνακρουόμενος
2729 2178 2897 2251 λύραν
2942 2179 3022 2243 εἰς
3067 2176 3382 2248 δοξολογίας·
3410 2181 3549 2250 φησι

1991 2273 2127 2344 πρὸς
2158 2271 2319 2326 θεὸν·
2361 2292 2379 2323 ι
2418 2271 2490 2324 Σὺ
2530 2270 2810 2335 δεσπόζεις
2837 2268 2932 2323 τοῦ
2966 2270 3205 2341 κράτους
3229 2269 3323 2339 τῆς
3350 2268 3557 2324 θαλάσ-

1990 2381 2119 2433 σης,
2158 2362 2369 2417 καὶτὸν
2405 2362 2567 2416 σάλον
2608 2361 2716 2416 τῶν
2760 2361 3019 2431 κυμάτων
3063 2359 3239 2430 αὐτῆς
3283 2360 3351 2413 σὺ
3387 2376 3560 2413 κατα-

1992 2458 2275 2528 πραΰνεις.
2309 2473 2329 2508 ι
2364 2456 2494 2510 Ὅτε
2526 2454 2703 2508 τοίνυν
2730 2457 2831 2524 τὴν
2859 2453 3009 2508 θείαν
3034 2451 3435 2527 χαρακτηρίζει
3463 2449 3564 2522 φύ-

1992 2567 2094 2613 σιν,
2142 2550 2235 2603 καὶ
2274 2548 2335 2601 τὸ
2381 2547 2642 2601 δύνασθαι
2689 2550 2788 2619 τῆς
2843 2546 3119 2617 θαλάσσης
3168 2548 3416 2617 κρατείν,
3469 2546 3566 2600 καὶ

1988 2642 2185 2711 νόμους
2215 2640 2482 2694 ἐπιθεῖναι
2512 2642 2627 2704 τοῖς
2654 2638 2865 2704 ὕδασιν,
2897 2638 3053 2707 ἄγειν
3094 2654 3154 2692 τε
3205 2638 3312 2693 ὑπὸ
3342 2636 3436 2692 τὸν
3461 2637 3567 2708 τῆς

1988 2730 2305 2794 δεσποτείας
2350 2730 2513 2798 ζυγὸν
2543 2729 2652 2782 τῶν
2693 2732 2751 2783 ἐν
2795 2730 2987 2801 κόσμῳ
3028 2729 3312 2801 στοιχείων
3343 2730 3415 2785 τὰ
3441 2745 3567 2783 και-

1990 2821 2233 2895 ριώτατα
2258 2861 2275 2888 ,
2299 2821 2459 2875 τοῦτο
2494 2820 2552 2875 δὲ
2578 2821 2743 2875 ποιῶν
2774 2822 2911 2893 μετὰ
2940 2820 3140 2891 πολλῆς
3171 2837 3322 2885 τινος
3350 2821 3453 2893 τῆς
3477 2819 3566 2887 ἐξ·

1989 2914 2175 2978 ουσίας
2201 2917 2230 2969 ὀ
2261 2913 2389 2979 Υἱὸς
2419 2914 2691 2983 φαίνεται,
2718 2913 2861 2967 κατὰ
2890 2913 3010 2968 τίνα
3040 2913 3249 2985 τρόπον
3277 2912 3384 2967 οὐκ
3410 2912 3564 2966 ἔσται

1991 3005 2149 3079 φύσει
2175 3004 2341 3071 Θεόςς
2367 3006 2493 3070 Πῶς
2523 3006 2569 3059 δ’
2597 3005 2662 3060 ἂν
2697 3006 2784 3077 εἴη
2808 3005 3033 3077 γενητὸς
3070 3005 3099 3057 ὁ
3140 3004 3238 3059 καὶ
3283 3004 3433 3076 μάλα
3463 3006 3562 3078 ῥα·

1988 3100 2115 3162 δίως
2158 3099 2403 3165 ὲξανύειν
2445 3099 2740 3170 δυνάμενος
2776 3100 2875 3152 ὅσα
2906 3098 3051 3169 μόνῳ
3093 3097 3301 3169 πρέπει
3327 3096 3409 3168 τῷ
3441 3096 3562 3168 Θεῷ

1986 3193 2081 3246 καὶ
2118 3191 2323 3262 Πατρί;
2357 3191 2421 3244 Et
2452 3190 2552 3260 μὲν
2585 3190 2692 3260 γὰρ
2724 3191 2873 3243 οὐδὲν
2915 3189 3051 3251 ὅλως
3101 3183 3244 3242 εἷναί
3288 3203 3476 3260 φαμεν
3499 3186 3564 3240 τὸ

1983 3284 2243 3339 δύνασθαι
2266 3284 2366 3347 τῆς
2394 3280 2672 3353 θαλάσσης
2701 3284 2941 3352 κρατεῖν,
2962 3279 3189 3351 κλεῖθρά
3213 3295 3277 3332 τε
3305 3279 3448 3351 αὐτῇ
3471 3276 3564 3333 καὶ

1987 3375 2161 3440 πύλας
2190 3373 2507 3437 ἐπιτιθέναι,
2540 3374 2593 3428 τί
2619 3370 2793 3443 μάτην
2824 3369 3193 3442 ὲπικομπάζει
3217 3371 3462 3439 τούτοις,
3487 3370 3564 3435 ὗς

1989 3468 2125 3522 πολὺ
2156 3467 2218 3520 τὸ
2260 3465 2571 3531 ἀξιόπιστον
2600 3464 2840 3534 ἔχουσιν,
2868 3466 2899 3518 ὁ
2929 3465 3062 3529 Θεὸς
3090 3463 3186 3519 καὶΙ
3228 3448 3560 3539 llari-,95³3

1988 3561 2046 3614 δὲ
2103 3560 2271 3632 μόνης
2313 3558 2411 3629 τῆς
2459 3555 2795 3627 θεοπρεποῦς
2827 3556 3112 3624 δυνάμεώς
3151 3570 3215 3610 τε
3258 3556 3364 3612 καὶ
3405 3552 3560 3627 δὴ

1987 3651 2280 3723 ἐξήρτηται
2320 3649 2381 3701 τὸ
2419 3647 2677 3702 δύνασθαι
2724 3646 2899 3700 ταῦτα
2952 3650 3163 3713 ποιεῖν,
3212 3647 3402 3713 οὐδεὶς
3441 3648 3550 3703 ln·

309 3715 502 3789 τρέψει
538 3716 694 3786 λόγος
725 3723 791 3793 τῇ
836 3720 945 3774 τῶν
976 3725 1226 3795 γενητῶν
1265 3727 1423 3800 οὐσίᾳ
1457 3734 1774 3805 χαρίζεσθαι
1804 3745 1873 3801 τά
1912 3749 2047 3820 μόνῃ
2086 3749 2153 3818 τῇ
2199 3745 2318 3816 θεία
2382 3744 2539 3813 φύσει
2598 3744 3031 3814 χρεωστούμενα.
3099 3744 3318 3799 Οὐκοῦν
3354 3743 3454 3797 οὐκ
3483 3736 3542 3797 h

310 3811 397 3882 ῑῖη
430 3812 653 3882 γενητὸς
694 3815 723 3867 ὁ
765 3814 890 3879 Υἱὸς
934 3817 962 3868 6
993 3817 1102 3873 τῶν
1146 3819 1248 3889 τῆς
1295 3821 1544 3896 θεότητος
1575 3831 1717 3903 ὅρων
1746 3839 1876 3894 είσω
1916 3839 2161 3912 βεόηκὼς
2192 3840 2279 3894 διὰ
2341 3837 2436 3891 τοῦ
2492 3837 2663 3891 ταῦτα
2690 3837 2949 3891 δύνασθαι
2992 3837 3234 3906 ςυσικῶς
3290 3834 3548 3906 &amth-

316 3899 456 3972 άπερ
488 3903 706 3975 ἐκείνης
736 3905 846 3961 ίδιά
870 3924 930 3960 τε
957 3909 1052 3962 καὶ
1076 3909 1330 3982 ἐξαίρετα
1357 3918 1626 3986 φαίνεται.

987 4022 1213 4080 ALttJt).

386 4152 405 4184 ι
444 4132 726 4188 Daemones
759 4143 938 4187 autern
993 4137 1253 4205 rugabant
1298 4153 1442 4206 eum,
1490 4145 1731 4204 dicentes
1767 4169 1780 4203 :
1819 4150 1876 4205 Si

309 4223 463 4292 ejicis
498 4237 598 4277 nus
623 4224 766 4287 ltine,
808 4225 964 4278 mitte
1002 4240 1097 4281 nos
1133 4227 1183 4282 iu
1220 4245 1432 4301 gregem
1473 4250 1775 4304 porcorum.
1813 4242 1880 4297 Ει

2657 4037 2875 4127 1ΑΛΛΟ.

2061 4177 2079 4210 ι
2116 4160 2178 4212 Ol
2206 4157 2263 4210 δὲ
2292 4152 2542 4223 δαίμονες
2579 4132 2923 4220 παρεκάλουν
2953 4148 3136 4213 αὐτὸν,
3165 4147 3447 4218 λέγοντες·
3485 4146 3545 4203 Ει

1985 4248 2266 4311 ὲκδάλλεις
2309 4245 2496 4315 ἡμᾶς,
2532 4239 2850 4296 ἀπόστειλον
2884 4240 3031 4308 ἡμᾶς
3072 4240 3152 4303 εἰς
3199 4238 3304 4310 τὴν
3349 4237 3546 4311 ἀγέλῃ

310 4314 446 4369 dixit
498 4312 578 4366 eis
626 4311 784 4367 «lesus
819 4330 833 4367 ε
866 4312 961 4369 lte.
995 4314 1066 4370 At
1099 4316 1174 4371 illi
1217 4332 1475 4380 exeuntes
1523 4329 1770 4386 abierunt
1821 4333 1875 4389 in
1908 4343 1951 4398 1)
1978 4334 2087 4388 τῶν
2119 4334 2336 4405 χοίρων.
2376 4330 2484 4384 Καὶ
2507 4325 2660 4382 εἶπεν
2689 4327 2874 4391 αὐτοῖς
2910 4329 2938 4380 ὀ
2972 4326 3181 4397 Ἰησοῦς
3200 4345 3215 4361 ·
3256 4327 3545 4397 Ὑπάγω·

309 4417 543 4474 poreos:
579 4414 634 4458 et
666 4416 796 4458 erce
829 4419 1020 4475 magno
1048 4405 1248 4476 impetu
1281 4411 1414 4467 abiit
1450 4424 1593 4472 totus
1619 4434 1748 4490 grex
1783 4437 1879 4494 per

310 4508 545 4564 praeceps
576 4495 626 4548 iu
663 4509 830 4560 mare,
858 4504 912 4550 et
946 4500 1137 4550 mortui
1173 4510 1299 4554 sunt
1340 4503 1391 4558 in
1426 4509 1580 4577 aquis
1607 4509 1674 4565 ⁸⁶.
1711 4530 1730 4564 ι
1766 4511 1878 4570 ltoe

308 4585 466 4638 etiam
516 4585 713 4640 divinae
763 4595 970 4641 naturae
1017 4590 1291 4660 proprium
1343 4610 1409 4651 ae
1458 4600 1730 4666 peculiare
1773 4613 1875 4670 est,

307 4687 464 4744 posse
510 4676 692 4731 omnia
738 4678 1038 4745 continere,
1089 4690 1142 4734 et
1196 4683 1263 4739 ad
1313 4687 1672 4747 minutissima
1714 4697 1874 4748 etiam

308 4765 654 4834 previdentiae
708 4783 819 4824 suae
874 4769 941 4824 de
983 4769 1209 4840 singulis
1262 4777 1529 4835 rationem
1582 4783 1874 4853 explicare.

305 4852 457 4920 Quod
507 4864 562 4909 et
603 4855 854 4912 Salvator
894 4857 1008 4928 ipse
1045 4868 1292 4928 testatur,
1339 4866 1523 4922 dicens
1566 4885 1580 4924 :
1628 4887 1646 4921 ι
1689 4869 1880 4925 Nonne

304 4943 410 4999 duo
436 4958 686 5014 passeres
711 4960 834 5002 asse
865 4961 1117 5018 veneunt,
1149 4963 1201 5008 et
1224 4969 1362 5010 unus
1386 4972 1454 5012 ex
1478 4959 1558 5014 eis
1583 4975 1688 5015 non
1722 4962 1880 5014 cadet

305 5035 360 5090 iu
387 5042 586 5090 terram
622 5035 740 5092 sine
791 5036 951 5095 Patre
982 5052 1161 5100 vestro
1190 5047 1279 5115 qui
1313 5048 1365 5102 in
1392 5051 1545 5106 eoelis
1565 5063 1646 5107 est
1670 5053 1736 5106 δ’.
1770 5072 1789 5104 ι
1821 5051 1878 5106 Si

303 5139 433 5196 ergo
462 5140 655 5196 magna
690 5128 854 5182 etiam
887 5129 999 5185 baec
1024 5142 1077 5187 et
1111 5135 1288 5192 divina
1320 5141 1480 5196 estin
1513 5141 1672 5200 Patre
1699 5146 1877 5216 digni-

305 5226 404 5283 tas,
448 5217 616 5275 Filius
645 5233 774 5275 vero
803 5220 991 5275 eadem
1027 5228 1278 5292 praeditus
1304 5241 1407 5297 est,
1451 5233 1646 5305 quippe
1688 5239 1778 5307 qui
1812 5256 1879 5296 ne

305 5307 404 5361 boc
432 5308 646 5378 quidem
674 5310 1008 5367 daemonibus
1063 5320 1367 5383 permiserit
1393 5334 1450 5378 ut
1479 5326 1529 5379 iu
1564 5342 1754 5396 porcos
1784 5346 1875 5398 pu·

304 5404 553 5453 testatem
583 5400 847 5456 baberent
898 5403 1219 5472 (rapiebant
1247 5412 1391 5465 euim
1439 5429 1556 5470 emu
1600 5418 1868 5487 accipere,

372 5553 420 5586 δ·
443 5553 628 5610 Muttlt.
665 5573 782 5623 νιιι,
808 5559 898 5625 26,
921 5561 1013 5614 27.
1092 5564 1137 5595 ‘⁸
1166 5563 1361 5624 Jerem.
1399 5588 1448 5637 v,
1484 5575 1573 5629 22.

302 5625 391 5690 3¹,
417 5625 505 5679 δὲ.
584 5626 627 5656 ”
653 5626 843 5684 ΜυιιΙι.
881 5644 935 5696 x,
967 5630 1057 5686 29.

1652 5577 1697 5608 ⁴⁸
1729 5575 1827 5634 lob
1865 5597 2091 5648 xxxtttt,
2120 5585 2272 5640 8-ll.

1984 4426 2049 4480 ot
2077 4425 2133 4479 δὲ
2160 4423 2464 4488 ἐξελθόντες
2509 4419 2749 4489 ἀπῆλθον
2777 4420 2856 4481 είς
2887 4418 3015 4482 τοὺς
3044 4418 3287 4488 χοίρους,
3313 4418 3409 4473 καὶ
3439 4416 3546 4472 ἰδοὺ

1981 4516 2238 4587 ὥρμησεν
2268 4516 2300 4585 ἡ
2328 4513 2495 4584 ἀγέλη
2545 4514 2693 4566 πᾶσα
2727 4510 2869 4566 κατὰ
2907 4509 3000 4563 τοῦ
3052 4509 3307 4582 κρημνοῦ
3335 4512 3417 4575 εἰς
3451 4507 3546 4581 τὴν

1984 4606 2279 4672 θάλασσαν,
2322 4606 2415 4659 καὶ
2453 4603 2720 4657 ἀπέθανον
2762 4603 2819 4654 ἐν
2847 4604 2960 4664 τοῖς
2998 4601 3204 4655 ὕδασιν.
3235 4619 3259 4656 ι
3295 4602 3419 4655 Ἔτι
3455 4600 3547 4656 καὶ

1981 4696 2135 4750 τοῦτό
2178 4698 2293 4748 ἐστι
2338 4697 2436 4766 τῆς
2474 4694 2626 4757 θείας
2661 4694 2848 4757 οὐσίας
2876 4693 2935 4746 τὸ
2963 4691 3264 4763 ἐξαίρετον,
3296 4691 3360 4745 τὸ
3384 4691 3544 4746 δύνα-

1979 4789 2104 4841 σθαι
2144 4788 2320 4843 πάντα
2351 4788 2592 4856 συνέχειν
2624 4784 2844 4857 δηλαδὴ,
2868 4785 2964 4838 καὶ
2992 4785 3154 4855 μέχρι
3190 4784 3306 4840 τῶν
3330 4784 3542 4839 εὐτελε-

1979 4879 2189 4932 στάτων
2230 4879 2329 4949 τῆς
2357 4878 2441 4946 ἐφ’
2475 4878 2687 4947 ἑκάστῳ
2734 4877 2986 4947 προνοίας
3029 4876 3221 4944 λόγους
3257 4875 3542 4943 ἐξαπλοῦν.

1980 4974 2454 5044 Καιμαρτυρήσει
2498 4972 2669 5041 λέγων
2703 4971 2861 5035 αὐτὸς
2905 4973 2934 5025 ὀ
2976 4971 3200 5041 Σωτήρ·
3230 4989 3251 5024 t
3288 4972 3426 5044 Οὐχὶ
3453 4970 3546 5024 δύο

1981 5062 2235 5134 στρουθία
2264 5064 2526 5131 ἀσσαρίου
2552 5062 2827 5122 πωλεῖται,
2850 5061 2943 5113 καὶ
2977 5060 3035 5114 ἓν
3060 5061 3118 5127 ἐξ
3146 5061 3329 5117 αὐτῶν
3355 5063 3420 5116 οὐ
3449 5077 3543 5115 πι-

1979 5155 2152 5205 σεῖται
2178 5153 2270 5205 ἐπὶ
2295 5152 2395 5221 τὴν
2419 5150 2523 5221 γῆν
2547 5152 2672 5204 ἄνευ
2698 5149 2791 5203 τοῦ
2819 5150 3028 5222 Πατρὸς
3049 5151 3205 5220 ὑμῶν
3230 5151 3328 5205 τοῦ
3349 5153 3410 5204 ὲν
3433 5152 3543 5214 τοῖς

1977 5243 2294 5310 ούρανοίςςι
2335 5243 2395 5294 Εἰ
2430 5242 2603 5296 τοίνυν
2637 5241 2777 5310 μέγα
2808 5243 2903 5293 καὶ
2934 5239 3091 5294 τοῦτο
3125 5243 3218 5294 καὶ
3242 5240 3541 5313 θεοπριπὶς

1976 5334 2034 5384 ὲν
2061 5334 2139 5402 τῷ
2184 5336 2358 5404 lla-:pt
2388 5335 2449 5386 τὸ
2480 5334 2719 5403 ἀξίωμα,
2754 5334 2907 5404 φέρει
2936 5333 2995 5387 δὲ
3019 5333 3181 5387 τοῦτο
3207 5335 3308 5388 καὶ
3337 5337 3367 5388 ό
3397 5332 3541 5396 Υἱὸς,

1973 5426 2087 5487 τοῖς
2114 5427 2369 5495 πονηροῖς
2408 5424 2703 5495 δαιμονίοις
2747 5424 2867 5477 οὐδὲ
2911 5425 3111 5495 χοίρων
3139 5426 3289 5496 ἔχειν
3322 5423 3539 5497 ἂπιτρέ·

2389 5587 2431 5619 ⁸⁸
2460 5587 2598 5642 Psal.
2634 5601 2892 5652 nxxxrtu,
2927 5585 3014 5641 10.
3092 5587 3138 5618 “
3175 5584 3382 5642 ΜαιιΙι.
3414 5598 3488 5638 vn
3514 5621 3531 5648 ,
