3809 6125
269 262 405 320 πετο
1258 251 1316 308 S.
1361 252 1650 308 emtum·-
1672 251 2149 310 summor-tm
2192 237 2534 311 Ancu‘tnr..
3424 241 3561 298 {sto

262 386 364 441 est,
389 393 420 445 q
438 375 541 429 nod
566 369 1022 443 quemadmodum
1050 369 1105 422 in
1128 368 1297 422 Adam
1319 369 1858 431 omnes-moriuntur,
1888 376 1938 432 Α
1964 372 2047 425 ὅτι
2076 370 2265 443 ὥσπερ
2290 370 2346 425 ὲν
2367 368 2445 441 τῷ
2475 367 2647 439 Ἀδὰμ
2675 364 2876 429 πάντες
2899 358 3367 431 ἀποθνήσκωσιν,
3391 358 3564 423 οὕτως

265 472 338 524 ita
372 476 430 521 et
477 467 532 521 in
563 462 785 519 Christo
817 474 1012 515 omnes
1039 458 1402 514 vivificantur.
1436 458 1714 529 Siquidem
1757 476 1864 530 quo
1971 463 2062 517 καὶ
2109 461 2169 515 ὲν
2222 460 2302 533 τῷ
2348 458 2569 531 Χριστῷ
2608 457 2810 521 πάντες
2841 448 3372 523 ζωοποιηθήσονται.
3415 448 3566 504 Ἐπεὶ

265 568 427 629 pacto
464 556 705 626 adiutam
735 552 903 607 [uisse
935 550 1310 606 censuerimus
1340 551 1580 606 hominis
1612 561 1876 608 naturam
1969 553 2095 608 τίνα
2119 553 2321 626 τρόπον
2357 548 2551 622 ὀνῆσαί
2582 564 2764 619 φαμεν
2791 545 2891 617 τὴν
2919 540 3211 615 ἀνθρώπου
3245 539 3440 612 φύσιν,
3471 541 3568 612 τῆς

266 663 368 720 per
402 646 722 719 mysterium
749 641 1248 700 administrationis
1272 643 1640 716 Unigeniti.in
1669 662 1887 714 carne„

273 739 376 794 nisi
429 738 574 793 Deus
621 735 894 791 exsistens
931 731 1188 802 Verbum,
1237 736 1442 792 factum
1477 746 1561 793 est
1602 740 1769 796 caro?
1816 749 1874 796 et

280 832 384 887 nisi
425 828 644 885 demisit
685 828 922 897 seipsum
968 827 1035 881 ad
1064 828 1510 895 exinanitionem,
1544 840 1598 886 et
1630 841 1871 888 nostram

281 918 871 988 naturamassumpsit,
886 918 977 986 qui
1000 927 1082 972 est
1107 932 1272 988 super
1286 935 1502 974 omnem
1522 932 1830 978 creaturam
1849 921 1896 979 i·

286 1015 388 1071 uisi
427 1026 626 1083 corpus
655 1009 862 1064 sactum
892 1017 975 1063 est
997 1008 1145 1075 vitae,
1174 1008 1225 1062 id
1253 1009 1400 1080 qood
1442 1010 1603 1082 765
1632 1010 1875 1067 interitui

284 1105 586 1162 obnoxium
631 1110 788 1167 erat,
837 1107 899 1154 ut
945 1109 1118 1155 morte
1165 1109 1329 1170 atque
1365 1102 1586 1157 interitu
1625 1104 1878 1173 superius

287 1194 526 1253 evadat?
551 1191 731 1263 Ipsum
759 1192 946 1260 itaque
977 1186 1214 1245 Verbum
1252 1207 1318 1247 ex
1354 1192 1465 1248 Deo
1497 1192 1680 1263 Patre,
1712 1208 1878 1249 carne

288 1294 507 1358 propter
535 1298 631 1338 nos
665 1296 882 1352 passum
908 1295 1031 1337 esse
1055 1281 1309 1339 dicimus.

360 1376 422 1431 B.
467 1372 726 1429 Omnino.

363 1468 430 1524 A.
474 1466 753 1536 Siquidem
788 1478 973 1518 verum
1002 1473 1085 1520 est
1127 1465 1272 1534 qnod
1303 1463 1514 1523 Paulus
1546 1468 1613 1522 de
1644 1470 1763 1539 ipso
1796 1469 1877 1524 di-

295 1561 409 1617 cit:
451 1578 469 1611 ‹
504 1556 603 1625 Qui
644 1565 728 1611 est
767 1555 946 1626 imago
992 1554 1085 1611 Dei
1127 1558 1439 1624 invisibilis,
1478 1562 1877 1631 primogenitus

297 1650 478 1707 omnis
501 1654 788 1710 creatnrae,
826 1648 950 1716 qnia
980 1647 1032 1701 in
1064 1647 1181 1717 ipso
1203 1661 1386 1706 creata
1422 1663 1550 1707 sunt
1580 1656 1762 1709 omnia
1795 1656 1878 1710 vi-

1976 645 2119 718 μετὰ
2164 644 2367 717 σαρκὸς
2406 640 2721 712 οἰκονομίας
2759 637 2852 693 τοῦ
2894 633 3241 704 Μονογενοῦς
3269 632 3337 687 τὸ
3366 636 3570 703 μυστη-

1978 754 2113 810 ριον,
2149 736 2199 790 εἰ
2240 734 2318 807 μὴ
2361 733 2495 797 Θεὸς
2535 732 2614 786 ὢν
2651 730 2699 785 ό.
2721 728 2890 797 Λόγος
2933 725 3125 797 γέγονε
3163 722 3346 796 σάρξς
3397 724 3450 776 εί
3498 723 3568 793 μὴ

1976 828 2222 900 καθῆκεν
2255 826 2447 881 ἑαυτὸν
2478 827 2558 888 είς
2590 822 2842 884 κένωσιν,
2874 819 2968 873 καί
2996 816 3487 887 καταπεφοίτηκεν
3516 816 3571 867 ὲν

1976 921 2090 984 τοῖς
2132 916 2257 975 καθ’
2287 915 2439 989 ἡμᾶς
2482 913 2512 966 ό
2554 912 2697 982 ὑπὲρ
2746 910 2929 964 πᾶσαν
2973 908 3075 979 τὴν
3129 905 3357 972 κτίσιν;
3402 906 3453 957 εἰ
3500 903 3571 975 μὴ

1981 1010 2142 1079 σῶμα
2169 1008 2361 1079 γέγονε
2382 1006 2531 1076 ζωῆς
2552 1003 2614 1058 τὸ
2644 1001 2749 1057 ὑπὸ
2774 998 2997 1073 φθορὰν,
3033 998 3123 1052 ἵνα
3150 997 3387 1068 γένηται
3414 995 3575 1050 θανα-

1978 1118 2076 1157 του
2106 1101 2253 1172 πέρα
2285 1097 2382 1154 καὶ
2421 1097 2669 1168 φθορᾶς
2700 1094 2873 1149 Αὐτὸν
2903 1093 3004 1146 οὐκ
3036 1090 3147 1161 ἄρα
3177 1089 3370 1160 φαμὲν
3398 1090 3493 1143 τὸν
3515 1092 3577 1143 ἐκ

1979 1193 2114 1253 Θεοῦ
2148 1191 2363 1264 Πατρὸς
2382 1190 2577 1259 Λόγον,
2610 1185 2776 1259 σαρκὶ
2805 1184 3001 1237 παθεῖν
3023 1182 3090 1238 δι’
3116 1183 3294 1257 ἡμᾶς.

2049 1366 2116 1423 Β.
2151 1363 2326 1419 Πάνυ.
2345 1360 2444 1433 μὲν
2481 1352 2618 1414 οὗν.,

2050 1459 2116 1513 A.
2158 1457 2332 1527 Εἴπερ
2375 1453 2525 1507 ἐστὶν
2565 1446 2773 1521 ἀληθὴς
2799 1447 2829 1501 ό
2855 1442 3070 1507 Παῦλος
3102 1440 3291 1510 λέγων
3322 1439 3458 1511 περὶ
3484 1439 3581 1493 αὒ-

1980 1549 2099 1616 τοῦ,
2130 1547 2261 1613 ι”Ος
2289 1552 2436 1600 ἐστιν
2463 1541 2629 1599 είκὼν
2658 1540 2753 1595 τοῦ
2781 1536 2917 1593 Θεοῦ
2947 1533 3043 1590 τοῦ
3072 1534 3342 1605 ἀοράτου,
3373 1534 3584 1602 πρωτό-

1982 1658 2146 1705 τοκος
2176 1639 2357 1709 πάσης
2390 1635 2643 1699 κτίσεως,
2668 1633 2837 1687 ὅτι.ὲν
2864 1627 3015 1700 αὐτῷ
3034 1625 3270 1697 ἐκτίσθη
3295 1625 3369 1679 τὰ
3391 1624 3582 1688 πάντα,

295 1739 475 1798 sibiiia
498 1747 554 1793 et
575 1736 891 1803 invisibilia,
911 1738 1026 1794 sive
1049 1740 1277 1804 Turoni,
1306 1743 1424 1798 sive
1443 1741 1874 1814 nominationes,
1912 1746 1954 1803 Β
1981 1735 2053 1791 τὰ
2079 1732 2250 1806 696Ἒᾶ
2278 1731 2376 1787 καὶ
2406 1728 2477 1783 τὰ
2505 1727 2733 1799 ἀόρατα·
2769 1720 3132 1794 Εἷῗεθρρνοι·
3165 1718 3288 1773 εἴτε
3317 1718 3596 1787 mmmm*

297 1834 412 1887 sive
455 1830 780 1896 potestates,
811 1833 994 1887 omnia
1025 1847 1122 1903 per
1154 1833 1328 1903 ipsum
1368 1844 1425 1889 et
1460 1836 1512 1890 in
1548 1836 1665 1905 ipso
1698 1846 1883 1893 creata

298 1926 462 1984 snnt;
504 1928 560 1972 et
611 1919 726 1987 ipse
773 1928 858 1975 est
911 1928 1039 1976 ante
1083 1936 1296 1990 omnes,
1324 1930 1380 1978 et
1429 1926 1613 1980 omnia
1663 1928 1718 1981 in
1771 1927 1886 1999 ipso

309 2017 584 2075 constant,
619 2019 675 2064 et
719 2010 835 2081 ipse
865 2023 951 2067 est
992 2024 1157 2084 caput
1189 2016 1439 2085 corporis
1483 2018 1756 2084 Ecclesiae,
1793 2019 1886 2091 qni

301 2109 382 2153 est
417 2098 776 2170 principium,
808 2102 1207 2174 primogenitus
1246 2119 1312 2160 ex
1353 2109 1618 2175 mortuis,
1641 2120 1699 2164 nt
1729 2111 1802 2166 sit
1828 2111 1884 2167 in

301 2190 555 2245 omnibus
607 2191 725 2262 ipse
778 2194 1068 2263 primatum
1127 2207 1315 2253 tenens
1359 2199 1431 2256 ¹⁸.
1499 2220 1527 2256 ι.
1586 2201 1726 2259 Ecce
1780 2218 1887 2273 quo

300 2294 483 2353 pacto,
510 2293 564 2339 et
603 2284 820 2355 quidem
854 2288 1224 2357 apertissime,
1265 2292 1556 2365 imaginem
1602 2294 1888 2353 invisibilis

305 2373 422 2441 Dei,
453 2377 874 2448 primogenitum
904 2381 1086 2437 omnis
1116 2392 1402 2451 creaturae,
1432 2386 1663 2442 visibilis
1704 2396 1762 2443 et
1799 2388 1886 2445 in·

302 2466 554 2535 visibitis,
579 2483 674 2537 per
714 2483 877 2538 quem
918 2472 1124 2539 omnia,
1149 2484 1205 2528 et
1247 2472 1302 2529 in
1343 2490 1452 2546 qno
1490 2477 1700 2547 omnia,
1724 2487 1886 2549 caput

304 2556 489 2615 datum
518 2574 640 2615 esse
661 2558 920 2617 Ecclesia!
948 2562 1146 2632 inquit,
1174 2578 1295 2622 esse
1321 2581 1452 2623 vero
1484 2569 1647 2625 etiam
1676 2570 1884 2639 primo·

304 2652 543 2721 genitum
595 2666 660 2705 ex
713 2652 961 2708 mortuis.
1005 2653 1229 2726 Propria
1280 2657 1424 2713 enim
1471 2659 1576 2715 sibi
1619 2659 1770 2727 fecit,
1825 2670 1886 2718 ut

304 2740 436 2806 dixi,
470 2754 530 2795 ea
580 2754 700 2810 quae
726 2742 908 2797 carnis
940 2757 1053 2798 suae
1104 2752 1269 2812 sunt;
1317 2758 1660 2818 mortemque
1697 2750 1881 2821 subiit,

304 2828 596 2900 ignominia
635 2838 971 2917 contempta.
1009 2832 1198 2905 Neque
1238 2825 1383 2892 enim
1429 2838 1750 2909 simpiiciter
1783 2842 1885 2899 ho·

304 2922 529 2987 minem,
593 2922 685 2992 qui
747 2922 1131 2992 conjunctione
1179 2942 1302 2982 cum
1362 2928 1480 2999 ipso
1540 2932 1725 2990 neseio
1776 2949 1883 3004 quo

304 3015 465 3069 modo
500 3013 788 3072 decoratus
826 3027 992 3083 esset,
1025 3031 1126 3088 pro
1160 3018 1316 3074 nobis
1349 3020 1531 3077 datum
1579 3037 1700 3080 esse
1743 3024 1880 3082 dici-

1984 1843 2099 1894 τες,
2138 1822 2251 1882 εἴτε
2283 1820 2498 1893 ’Λρχαί,
2531 1817 2644 1873 εἴτε
2680 1813 2974 1882 Ἐξουσίαι,
3000 1812 3073 1866 τὰ
3102 1812 3295 1867 πάντα
3320 1811 3390 1863 δι’
3425 1808 3584 1863 αὑτοῦ

1985 1917 2080 1975 καὶ
2112 1918 2193 1981 εἰς
2215 1913 2379 1970 αὐτὸν
2400 1911 2671 1967 ἔκτισται.
2700 1907 2812 1964 Καὶ
2842 1905 3003 1972 αὑτός
3034 1906 3160 1959 ὲστι
3186 1903 3304 1974 πρὸ
3347 1904 3582 1962 πάντων.

1987 2013 2083 2067 καὶ
2109 2010 2182 2066 τὰ
2216 2008 2400 2062 πάντα
2426 2007 2485 2061 ὲν
2509 2003 2659 2076 αὐτῷ
2688 2000 3012 2072 συνέστηκε,
3047 2000 3150 2053 καὶΙ
3176 1997 3354 2061 αὑτός
3382 1998 3529 2049 ἐστιν
3555 1997 3587 2065 ἡ

1988 2102 2200 2175 κεφαλὴ
2227 2099 2321 2158 τοῦ
2356 2098 2609 2170 σώματος
2643 2092 3120 2167 τῆςῈκκλησίας,
3152 2090 3213 2154 ὃς
3243 2091 3398 2144 ἐστιν
3429 2087 3586 2159 ἀρχὴ.

1989 2194 2333 2270 πρωτότοκος
2378 2191 2446 2244 ἐκ
2486 2187 2594 2242 τῶν
2638 2184 2871 2259 νεκρῶν,
2901 2184 2991 2237 ἵνα
3034 2180 3279 2252 γένηται
3329 2179 3390 2232 ὲν
3431 2181 3587 2233 πᾶσιν

1986 2287 2148 2350 αὐτὸς
2184 2281 2508 2360 πρωτεύων.
2536 2299 2556 2335 ι
2596 2278 2728 2333 Ἰδοὺ
2763 2278 2894 2349 γὰρ,
2928 2275 3038 2331 ἰδοὺ
3071 2273 3276 2343 σαφῶς
3311 2271 3407 2326 καὶ
3429 2269 3580 2342 μάλα,

1985 2379 2085 2450 τὴν
2109 2375 2298 2454 εἰκόνα
2328 2371 2425 2429 τοῦ
2452 2371 2686 2444 ἀοράτου
2712 2367 2873 2433 Θεοῦ,
2903 2366 2998 2421 τὸν
3027 2364 3394 2439 πρωτότοκον
3419 2364 3580 2431 πάσης

1987 2469 2242 2536 κτίσεως,
2273 2464 2477 2539 ὁρατῆς
2519 2479 2581 2517 τε
2624 2463 2722 2517 καὶ
2767 2459 3028 2532 ἀοράτου,
3062 2458 3134 2511 δι’
3159 2450 3226 2512 οὗ
3279 2458 3352 2509 τὰ
3393 2456 3573 2513 πάντα.

1988 2563 2083 2619 καὶ
2119 2564 2180 2617 ὲν
2210 2551 2258 2631 ᾧ
2286 2558 2360 2614 τὰ
2387 2557 2590 2622 πάντα,
2614 2552 2859 2625 κεφαλὴν
2895 2550 3153 2607 δεδόσθαι
3183 2552 3259 2622 τῇ
3304 2545 3571 2616 Ἐκκλησία

1987 2653 2172 2725 φησὶν,
2203 2645 2348 2705 εἶναι
2378 2650 2437 2704 δὲ
2457 2649 2554 2703 καὶ
2581 2650 2648 2703 ὲκ
2675 2643 2888 2718 νεκρῶν
2915 2642 3304 2715 πρωτότοκον.
3338 2637 3560 2695 vinum]-

1984 2762 2076 2799 ται
2108 2740 2352 2816 γὰρ,,ὡς
2395 2739 2555 2811 ἔφην,
2586 2739 2656 2794 τά
2701 2737 2801 2809 τῆς
2849 2734 3047 2792 ἑαυτοῦ
3102 2733 3342 2806 σαρκὸς,
3362 2733 3449 2785 καὶ
3472 2733 3565 2783 ὺπ-

1985 2840 2172 2912 ἐμεινε
2217 2835 2493 2909 σταυρὸν,
2542 2830 2809 2905 αἰσχύνης
2855 2830 3324 2901 καταφρονήσας.
3364 2826 3435 2881 Οὐ
3479 2824 3577 2914 γὰρ

1983 2929 2273 3001 ἄνθρωπον
2310 2925 2521 2992 ἁπλῶς,
2553 2923 2822 2995 συναφείᾳ
2864 2925 2931 2994 τῇ
2977 2921 3121 2993 πρὸς
3160 2921 3334 2975 αὐτὸν
3377 2920 3471 2973 οὐκ
3490 2910 3563 2970 οἶδ

1984 3024 2135 3084 ὅπως
2166 3017 2554 3092 τετιμημένον,
2585 3016 2729 3089 ὑπὲρ
2768 3013 2924 3090 ἡμῶν
2950 3014 3210 3069 δεδόσθαι
3241 3013 3449 3086 φαμὲν,
3478 3008 3582 3066 ἀλλ’

305 3123 469 3163 inus:
512 3108 607 3163 sed
639 3117 726 3164 est
773 3108 888 3181 ipse
927 3109 1189 3168 Dominus
1224 3112 1412 3183 gioriae
1453 3114 1548 3185 qui
1592 3117 1887 3173 crucifixus
1913 3101 1961 3166 C
1991 3113 2141 3170 ἐστιν
2183 3111 2348 3176 αὐτὸς
2391 3112 2421 3165 ὁ
2467 3110 2570 3181 τῆς
2616 3107 2776 3180 δόξης
2820 3105 3047 3180 Κύριος,
3082 3107 3114 3160 ὁ
3146 3105 3584 3178 ἐσταυρωμένος.

305 3205 408 3251 est.
444 3214 463 3248 ι
502 3195 558 3251 Si
589 3197 733 3255 enim
769 3200 1170 3268 cognovissent,
1210 3202 1405 3274 inquit,
1428 3219 1535 3260 non
1573 3206 1757 3276 utique
1786 3209 1891 3264 Do·

306 3288 514 3344 minum
543 3289 726 3360 gioriae
747 3291 1149 3350 crucifixissent
1177 3295 1242 3349 ¹'.
1286 3313 1307 3347 ι
1351 3294 1556 3352 Passus
1589 3307 1768 3354 autem
1808 3308 1892 3356 est

305 3390 529 3451 propter
560 3396 657 3437 nos
693 3389 751 3437 et
785 3397 883 3452 pro
909 3384 1066 3440 nobis
1094 3399 1279 3453 carne,
1311 3388 1606 3445 secundum
1648 3390 1891 3461 Scriptu-

306 3484 399 3527 ras
422 3471 488 3538 ¹⁸,
516 3492 534 3525 ι
558 3472 661 3540 Qui
685 3475 984 3530 secundum
1013 3489 1234 3532 carnem
1261 3490 1326 3532 ex
1353 3478 1554 3535 Judaeis
1581 3488 1685 3547 est,
1704 3483 1894 3551 quiest

307 3577 474 3635 super
495 3578 683 3620 omnes
706 3565 948 3630 Deus,et
981 3567 1300 3624 benedictus
1327 3569 1378 3623 in
1406 3570 1624 3636 saecula,
1643 3571 1837 3627 Amen.
1867 3591 1886 3626 ι

307 3657 386 3713 lta
414 3658 563 3713 enim
597 3659 815 3728 scripsit
846 3673 1023 3730 praeco
1054 3668 1110 3716 et
1140 3661 1439 3732 apostolus,
1464 3663 1667 3732 quique
1698 3663 1879 3734 ipsum

311 3749 368 3808 in
410 3765 470 3806 se
513 3751 786 3807 Christum
829 3752 1055 3818 habuit,
1107 3755 1513 3811 sacratissimus
1559 3753 1782 3813 Paulus.
1823 3759 1896 3814 At

310 3855 443 3896 vero
488 3841 591 3897 hoc
643 3841 775 3896 mihi
817 3853 1080 3913 praeterea
1132 3843 1300 3900 dicito
1337 3862 1352 3901 ι
1388 3849 1661 3918 quomodo
1696 3849 1896 3905 intelli·

310 3942 441 4001 gant
465 3931 592 3988 illud
624 3934 768 4003 quod
789 3949 818 3987 a
850 3934 1070 3991 Christo
1092 3936 1162 3992 ad
1183 3930 1464 3995 mulierem
1491 3939 1890 3999 samaritanam

313 4024 517 4080 dietum
549 4036 670 4082 est:
704 4044 723 4078 ι
756 4024 867 4084 Vos
905 4028 1147 4085 adoratis
1175 4032 1320 4100 quod
1345 4032 1605 4100 nescitis,
1635 4049 1734 4090 nos
1796 4036 1897 4092 ad·-

312 4131 536 4170 oramus
566 4118 707 4185 qnod
730 4119 955 4187 scimus,
977 4120 1102 4190 quia
1147 4122 1294 4178 salus
1321 4138 1386 4178 ex
1420 4121 1622 4180 ludaeis
1652 4134 1735 4180 est
1766 4125 1833 4180 ¹⁸.
1870 4145 1888 4178 ι

315 4208 483 4276 Atqui
533 4210 763 4265 salvarit
792 4225 913 4279 noS,
945 4227 1050 4266 non
1088 4211 1316 4284 iegatus,
1359 4228 1465 4269 non
1512 4215 1758 4284 angelus,
1801 4218 1895 4271 sed

316 4302 432 4372 ipse
466 4300 767 4366 Dominus;
818 4318 923 4357 non
960 4304 1134 4359 aliena
1172 4316 1376 4366 morte,
1421 4315 1476 4359 et
1519 4309 1792 4363 communi
1832 4323 1898 4363 ac

1999 3223 2019 3257 ι
2049 3204 2114 3258 Et
2158 3202 2268 3275 γὰρ
2310 3198 2582 3271 ἔγνωσαν,
2615 3201 2799 3270 φησὶν,
2829 3200 2931 3254 οὐκ
2976 3199 3040 3254 ἂν
3092 3199 3186 3252 τὸν
3238 3199 3452 3270 Κύριον
3497 3199 3591 3266 τῆς

1992 3297 2151 3366 δόξης
2192 3294 2569 3366 ἐσταύρωσαν.
2600 3312 2618 3346 ι
2650 3290 2894 3347 Πέπονθε
2934 3290 2993 3344 δὲ
3037 3289 3108 3344 δι’
3148 3293 3307 3361 ἡμᾶς
3338 3291 3434 3344 καὶ
3462 3289 3593 3356 ὑπὲρ

1994 3387 2154 3459 ὴμῶν
2201 3385 2389 3458 σαρκὶ,
2434 3382 2579 3439 κατὰ
2616 3387 2716 3445 τὰς
2752 3382 2793 3434 Γ
2798 3381 2995 3453 papa„
3036 3399 3054 3432 ι
3092 3382 3122 3435 ὁ
3154 3382 3304 3437 κατὰ
3330 3381 3508 3453 σάρκα
3538 3378 3612 3443 ἐξ,

2007 3480 2301 3544 Ἰουδαίων,
2329 3476 2359 3529 ὀ
2402 3475 2477 3530 ὢν
2518 3475 2611 3530 ἐπὶ
2641 3475 2851 3540 πάντας
2879 3475 3033 3540 Θεὸς,
3063 3472 3162 3529 καὶ
3189 3474 3488 3544 εὐλογητὸς·
3516 3474 3591 3535 εἰς

1992 3572 2120 3636 τοὺς
2152 3570 2378 3633 αἰῶνας.
2429 3568 2621 3638 Ἀμήν.
2644 3585 2662 3619 ι
2703 3566 2957 3638 Γέγραφε
2994 3567 3107 3636 γὰρ
3138 3565 3276 3628 ὡδὶ,
3292 3563 3469 3636 κῆρυξ
3495 3564 3583 3616 καὶ

1996 3665 2294 3727 ἀπόστολος
2319 3661 2415 3726 ὢν,
2444 3661 2541 3715 καὶ
2572 3659 2737 3713 αὐτὸν
2756 3659 2897 3730 ἔχων
2928 3661 2984 3713 ὲν
3013 3659 3196 3730 ἐαυτῷ
3218 3660 3316 3712 τὸν
3340 3658 3580 3731 Χριστὸν,

1996 3759 2025 3812 ὁ
2078 3753 2370 3828 ἱερώτατος
2419 3752 2656 3816 Παῦλος.
2705 3749 2885 3823 Φρὲιζε
2926 3750 2985 3806 δέ
3040 3767 3132 3822 μοι
3178 3754 3407 3806 κάκεῖνο
3454 3751 3575 3819 πρὸς

1995 3847 2227 3911 τούτοις,
2263 3846 2382 3910 πῶς
2406 3844 2474 3900 ἂν
2503 3847 2712 3899 συνεῖεν
2758 3843 2819 3897 τὸ
2862 3843 3155 3916 εἰρημένον
3206 3844 3317 3898 ὑπὸ
3357 3841 3569 3914 Χριστοῦ

1998 3941 2135 4014 πρὸς
2161 3940 2262 4011 τὴν
2295 3941 2360 3994 ὲκ
2397 3939 2496 4011 τῆς
2529 3938 2842 4011 Σαμαρείας
2865 3932 3176 4006 γυναῖκα-ἰ
3199 3937 3395 4009 Ὑμεῖς
3421 3951 3576 4007 προσ-

1999 4035 2210 4090 κυνεῖτε
2232 4032 2261 4085 ὃ
2280 4033 2382 4086 οὐκ
2398 4031 2598 4098 οἴδατε,
2623 4032 2785 4103 ἡμεῖς
2837 4029 3261 4102 προσκυνοῦμεν
3293 4031 3323 4084 ὃ
3350 4030 3582 4099 οἴδαμεν,

1998 4128 2079 4181 ὅτι
2113 4128 2146 4198 ἡ
2180 4124 2427 4197 σωτηρία
2449 4126 2513 4177 ὲκ
2539 4123 2650 4178 τῶν
2683 4122 2951 4177 Ἰουδαίων
2981 4122 3117 4179 ἐστί.
3143 4142 3161 4175 ι
3190 4125 3389 4177 Καίτοι
3420 4125 3587 4177 σέσω-

3214 4216 3321 4230 ἢῆ..

2002 4308 2232 4381 Κύριος,
2264 4310 2364 4363 οὐκ
2393 4307 2661 4379 ἀλλοτρίῳ
2690 4307 2929 4379 θανάτῳ,
2962 4308 3057 4362 καὶ
3085 4307 3382 4378 ἀνθρώπου
3409 4307 3588 4362 κοινοῦ

317 4393 524 4463 vnigari
569 4394 801 4463 quodam
837 4392 1054 4452 homine
1102 4397 1490 4464 intercedente,
1534 4397 1629 4455 sed
1678 4402 1896 4472 proprio
1928 4445 1974 4500 D
2006 4401 2406 4472 μεσιτεύοντος,
2452 4400 2568 4455 ἀλλ’
2613 4400 2808 4471 αἵματι
2862 4399 2942 4471 τῷ
2989 4401 3123 4472 ἰδίῳ.
3172 4401 3447 4474 'rafim-„ot
3500 4402 3592 4454 καὶ

317 4499 417 4540 suo
441 4486 722 4555 sanguine.
754 4485 983 4552 idcireo,
1016 4498 1070 4543 et
1107 4489 1303 4544 merito
1325 4491 1638 4558 admodum,
1674 4494 1893 4565 sapien·
1928 4537 1941 4544 -

320 4576 559 4632 tissimus
602 4576 804 4632 Paulus
828 4579 1042 4650 inquit:
1093 4598 1112 4632 ι
1148 4580 1366 4637 lrritam
1413 4583 1535 4654 quis
1569 4585 1779 4642 faciens
1819 4588 1896 4644 ie-

317 4685 437 4738 gem
463 4669 656 4738 Moysi,
681 4670 802 4726 sine
830 4672 936 4726 ulia
959 4673 1310 4730 miseratione
1350 4676 1562 4732 duobus
1607 4679 1689 4734 vel
1720 4682 1896 4737 tribus

320 4763 549 4819 testibus
598 4764 869 4821 moritur:
924 4776 1128 4836 quanto
1165 4770 1336 4836 magis
1381 4771 1582 4840 putatis
1623 4770 1892 4829 deteriora

318 4856 512 4910 mereri
535 4856 831 4926 supplicia,
865 4859 956 4927 qni
997 4857 1191 4913 Filium
1242 4857 1335 4915 Dei
1367 4860 1794 4929 conculcaverit,
1840 4874 1897 4920 et

319 4948 634 5018 sanguinem
670 4949 980 5005 testamenti
1022 4964 1362 5008 communem
1406 4953 1657 5024 duxerit,
1688 4963 1744 5010 et
1776 4955 1897 5026 Spi-

319 5040 483 5097 ritum
515 5039 702 5110 gratiae
734 5041 1064 5098 contumelia
1098 5042 1362 5113 affecerit,
1416 5046 1470 5101 in
1519 5062 1628 5117 quo
1649 5048 1895 5104 sanctin-

322 5142 585 5192 natusest
614 5130 706 5187 ¹⁰?
739 5151 759 5187 ι
794 5132 956 5204 Atqui
993 5135 1037 5189 si
1069 5145 1152 5191 est
1196 5151 1300 5192 non
1345 5137 1611 5193 incarnati
1663 5139 1775 5194 veri
1812 5137 1903 5194 Fi·

319 5229 377 5284 lii
415 5226 752 5284 venerandus
780 5226 1025 5296 sanguiS,
1061 5227 1154 5284 sed
1191 5230 1369 5300 potius
1405 5231 1574 5300 spurii
1619 5231 1902 5301 cujusdam

322 5321 524 5377 diversi
561 5319 628 5376 ab
659 5321 799 5393 ipso,
818 5323 1022 5392 quique
1047 5335 1142 5391 per
1166 5323 1396 5393 gratiam
1429 5325 1482 5377 in
1515 5321 1708 5378 Fiiinm
1741 5323 1907 5396 766

325 5410 398 5469 sit
424 5412 731 5482 adoptatus,
766 5415 1037 5484 quomodo
1072 5429 1181 5469 non
1213 5429 1557 5470 communem
1603 5415 1750 5471 iilum
1784 5433 1905 5471 esse

324 5504 586 5563 censenti
607 5504 863 5574 Proinde,
897 5509 1112 5565 tametsi
1144 5507 1358 5565 dicatur
1409 5494 1519 5581 p'ati
1554 5522 1739 5574 carne,
1779 5522 1902 5579 per·

2006 4494 2153 4568 μάλα
2182 4494 2410 4556 εἰκότως
2451 4494 2480 4547 ό
2524 4492 2798 4561 πάνσοφος
2841 4491 2947 4563 ἔφη
2977 4492 3208 4556 Παῦλος·
3246 4512 3268 4545 ι
3293 4493 3591 4558 ‘Aeser-n:

2001 4603 2086 4649 τις
2109 4585 2273 4656 νόμον
2306 4583 2573 4649 Μωσέως,
2642 4584 2811 4656 χωρὶς
2867 4584 3173 4656 οίκτιρμῶν
3214 4586 3311 4638 ἐπὶ
3360 4586 3516 4638 δυσὶν
3558 4586 3588 4655 ἢ

2000 4677 2148 4750 τρισὶ
2192 4676 2459 4747 μάρτυσιν
2497 4674 2863 4746 ἀποθνήσκει·
2900 4677 3051 4748 πόσῳ
3095 4677 3305 4730 δοκεῖτε
3351 4680 3593 4750 χείρονος

2003 4768 2365 4842 ἀξιωθήσεται
2391 4769 2660 4840 τιμωρίας
2688 4771 2717 4822 ό
2736 4770 2827 4845 τὸν
2863 4771 2990 4825 Υίὸν
3040 4769 3133 4824 τοῦ
3161 4769 3300 4824 Θεοῦ
3338 4789 3581 4825 καταπα-

2002 4863 2198 4934 τήσας,
2246 4862 2340 4915 καί
2389 4862 2451 4915 τὸ
2500 4857 2639 4933 αἷμα
2688 4865 2785 4934 τῆς
2838 4865 3059 4937 χάριτος
3104 4864 3397 4937 ἐνυὸρίσας
3441 4869 3501 4921 ὲν
3549 4858 3593 4933 ᾧ

2004 4954 2270 5026 ἡγιάσθη;
2300 4973 2317 5004 ι
2359 4953 2499 5006 Ἀλλ’
2528 4956 2686 5027 εἰπερ
2734 4956 2885 5009 ἐστὶν
2929 4957 3028 5010 οὐκ
3066 4958 3594 5030 ἑνανθρωπὴσαντος

2008 5039 2208 5117 μᾶλλον
2254 5043 2349 5097 τοῦ
2399 5044 2543 5098 κατὰ
2575 5044 2835 5116 ἀλήθειαν
2888 5045 3019 5100 rimi
3075 5046 3135 5100 τὸ
3185 5046 3369 5116 τίμιον
3412 5042 3592 5118 αἷμα,

2000 5138 2157 5194 νόθου
2206 5139 2262 5192 δέ
2311 5155 2455 5201 τινος
2506 5138 2634 5210 παρ’
2661 5139 2821 5192 αὐτὸν
2868 5139 3080 5210 ἑτέρου,
3116 5141 3214 5193 καὶ
3258 5143 3447 5211 χάριτι
3496 5141 3594 5210 τὴν

2000 5228 2272 5285 υἱοθεσίαν
2303 5227 2536 5298 ἔχοντος·
2571 5228 2687 5291 πῶς
2719 5230 2782 5282 οὐ
2816 5229 2992 5283 κοινὸν
3021 5226 3161 5283 εἶναί
3192 5247 3361 5299 φασιν
3387 5232 3593 5295 αὐτόνς

2002 5321 2230 5385 Οὐκοῦν,
2267 5319 2368 5375 κᾶν
2413 5323 2464 5375 εί
2505 5321 2713 5390 λέγοιτο
2757 5322 2950 5376 παθεῖν
2989 5324 3175 5395 σαρκὶ,
3206 5327 3462 5394 τηρεῖται
3503 5323 3593 5376 καὶ

2001 5413 2145 5467 οὔτω
2182 5414 2241 5467 τὸ
2272 5414 2481 5479 ἀπαθὲς
2513 5413 2683 5486 αὐτῷ,
2716 5415 2853 5470 καθὸ
2880 5419 3081 5470 νοεῖται
3111 5416 3268 5482 Θεός.
3297 5418 3591 5488 Τοιγάρτοι

2004 5507 2138 5577 φησὶ
2186 5508 2280 5561 καὶ
2327 5508 2357 5560 ὁ
2405 5506 2691 5572 θεσπέσιος
2731 5508 2958 5580 Πέτρος·
2996 5508 3150 5561 ι”Οτι
3179 5510 3421 5582 Χριστὸς
3447 5509 3587 5576 ἅπαξ

404 5664 451 5699 ¹⁸
487 5662 696 5726 C01083.
723 5682 764 5739 1,
795 5664 981 5724 ¹548.
1057 5667 1098 5699 ¹⁷
1138 5663 1158 5722 ἰ
1195 5666 1320 5724 Cor.
1355 5683 1411 5735 n,
1454 5667 1507 5723 8.
1587 5668 1628 5700 ¹⁸
1666 5665 1684 5721 t
1726 5662 1866 5720 Pctr.
1899 5677 1974 5725 tv,
2006 5662 2058 5717 1.
2136 5663 2179 5694 ¹⁹
2219 5659 2371 5720 Joan.
2409 5680 2482 5731 tv,
2508 5663 2598 5718 22.
2681 5663 2724 5695 ¹⁰
2764 5662 2928 5720 Hebr.
2957 5679 3009 5732 x,
3035 5664 3124 5720 ἐξ).
