3809 6125
373 241 471 296 ¹5¹

1393 240 1451 295 S.
1489 238 1768 296 cYmLu
1804 242 2275 303 ALExANomNt
2313 244 2634 303 AacmEP.

372 356 567 423 ceilat;
613 364 668 411 et
712 354 940 410 Domino
987 352 1282 412 secundum
1329 360 1579 410 naturam
1627 356 1732 411 hoc
1775 356 1942 411 ascri·
1966 360 2011 417 Α
2039 356 2134 411 τοῦ
2155 357 2343 412 δούλου
2368 357 2602 430 μορφῆς,
2619 356 2668 409 εί
2692 354 2787 409 καὶ
2810 355 2895 408 ὅτι
2927 354 3165 426 μάλιστα
3183 352 3281 409 καὶ
3299 352 3463 419 αὐτὸς
3481 357 3630 411 κατὰ

373 451 506 505 bens
531 448 673 518 quod
700 446 884 503 servili
911 444 1086 502 forma
1116 443 1276 515 longe
1304 443 1550 515 superior
1572 453 1654 501 est
1679 484 1695 511 ,
1723 446 1941 502 tametsi

369 538 533 595 etiam
574 538 690 609 ipse
723 537 1023 594 secundum
1059 546 1307 591 naturam
1341 535 1604 593 Dominus
1636 538 1743 602 sit;
1777 546 1942 607 atque

371 630 445 684 ita
481 629 701 701 quidem
740 629 984 686 tribuens
1019 627 1192 695 Patri,
1229 637 1289 683 ut
1325 627 1496 698 major
1528 626 1620 696 sit,
1659 637 1722 683 ut
1759 637 1942 683 tamen

370 722 488 789 ipse
520 721 655 777 nihil
691 722 873 777 minus
904 719 1102 777 habeat
1133 720 1345 775 ratione
1375 720 1644 775 essentiae.
1677 720 1757 774 lta
1793 720 1942 775 enim

367 812 476 886 erit
501 827 688 867 verum
717 811 968 882 genimen
998 820 1160 882 atque
1188 810 1367 881 imago
1391 810 1689 877 Genitoris‚
1716 824 1823 866 non
1848 810 1980 867 ali-⁸

367 915 474 969 qua
503 916 570 955 ex
601 911 757 970 parte
786 913 1076 970 expressa,
1110 900 1205 955 sed
1235 900 1605 955 omnimodam
1635 900 1944 957 similitudi·

371 1004 492 1045 nem
530 1004 650 1045 cum
691 990 808 1060 ipso
842 990 1083 1056 habens3
1117 988 1286 1044 soiius
1313 1004 1445 1046 vero
1473 990 1657 1047 decori
1691 1006 1857 1050 causa
1884 1001 1946 1049 ut

363 1079 539 1135 Filius
567 1079 831 1150 majorem
864 1081 1129 1136 honorem
1157 1080 1304 1136 Patri
1337 1081 1545 1137 tribuit.

450 1218 713 1275 Adversus
748 1217 996 1284 dicemcs,
1024 1218 1166 1287 quod
1201 1215 1364 1273 Pater
1387 1218 1461 1273 sit
1494 1218 1668 1288 major
1692 1217 1858 1273 Filio.

814 1398 1054 1465 obiectio
1085 1399 1476 1454 fioereticorum.
1669 1444 1690 1486 t

436 1510 623 1579 Pater,
664 1510 952 1581 inquiunt,
996 1524 1217 1582 semper
1253 1521 1410 1577 erat,
1453 1508 1625 1567 Filius
1666 1524 1796 1566 vero
1834 1524 1944 1567 non

367 1616 582 1672 semper
613 1619 628 1656 ε
662 1616 770 1673 qno
802 1612 963 1674 pacto
997 1600 1164 1671 igitur
1193 1615 1299 1657 non
1336 1602 1444 1656 erit
1478 1600 1650 1669 maior
1678 1601 1771 1672 qui
1805 1615 1945 1657 sent-

2048 447 2209 516 φύσιν
2248 448 2472 519 Κύριος,
2521 447 2554 520 ῆ
2604 447 2665 501 τὸ
2707 447 2891 518 μεῖζον
2929 445 3278 519 παραχωρῶν
3317 445 3394 510 ὡς
3424 447 3630 520 nupt,

2048 540 2198 594 οὐδὲν
2236 540 2337 611 μὲν
2364 534 2528 609 ἦττον
2556 538 2694 610 ἔχων
2723 536 2890 593 αὐτοῦ
2918 537 3061 591 κατὰ
3088 537 3179 592 τὸν
3199 537 3300 609 τῆς
3330 537 3522 601 οὐσίας
3543 539 3635 593 λό-

2046 652 2165 705 γον.
2184 633 2342 688 Οὕτω
2367 632 2477 705 γὰρ
2499 632 2565 687 ἂν
2596 632 2683 703 εἴη
2710 631 2809 685 καὶ
2831 632 3057 701 γνήσιον
3081 631 3327 703 γέννημα
3347 632 3442 687 καὶ
3463 632 3634 687 είκὼν

2047 728 2217 791 ὅντως
2238 726 2333 781 τοῦ
2359 724 2771 796 γεγεννηκότος,
2799 724 2860 777 οὐ
2887 722 3028 777 κατά
3050 740 3103 777 τι
3126 724 3638 797 παρακεχαραγμέ-

2047 837 2138 889 νη,
2167 818 2282 873 ἀλλ’
2320 817 2613 890 ὁλόκληρον
2657 816 2798 887 πρὸς
2844 814 3009 869 αὐτὸν
3044 813 3292 880 σώζουσα
3316 815 3418 888 τὴν
3453 816 3635 887 ὲμφέ·

2056 927 2204 983 ρειαν
2227 927 2242 941 ·
2288 910 2378 964 διὰ
2426 910 2485 964 δὲ
2534 909 2696 980 μόνον
2727 908 2789 961 τὸ
2817 907 3030 977 πρέπον
3073 906 3152 972 ὡς
3180 907 3309 973 Υίδς
3342 907 3424 979 τῷ
3451 908 3635 981 Πατρὶ

2048 1001 2217 1073 τιμὴν
2245 1000 2536 1073 ἀπονέμων
2562 1000 2660 1071 τὴν
2692 999 2934 1071 μείζονα.

2049 1224 2210 1294 Πρὸς
2245 1223 2401 1295 {robe
2444 1224 2737 1294 λέγοντας
2759 1223 2907 1349 ,Πιῖἷὲ
2942 1222 3160 1294 μείζων
3196 1226 3229 1279 d
3266 1225 3473 1296 Πατὴρ
3524 1229 3633 1285 τοῦ

2310 1406 2633 1473 Ἆντίθεσις
2668 1406 2749 1473 ὡς
2784 1406 2853 1461 ὲκ
2890 1408 3010 1463 τῶν
3045 1410 3380 1478 αζρετικῶν.

2132 1520 2193 1575 Ὅ
2219 1517 2433 1596 Πατὴρ,
2466 1517 2651 1590 φησιν,
2680 1514 2751 1590 ἦν
2780 1518 2887 1583 ἀεὶ,
2918 1521 3019 1574 οὐκ
3048 1520 3137 1574 ἀεὶ
3159 1521 3218 1575 δὲ
3253 1522 3282 1575 ό
3312 1520 3440 1585 Υἱός
3465 1537 3481 1553 ·
3518 1520 3637 1585 πῶς

2048 1606 2144 1666 οὐν
2171 1610 2272 1663 οὐκ
2301 1609 2455 1664 ἔσται
2490 1608 2691 1679 μείζων
2718 1611 2747 1661 ό
2774 1609 2866 1663 ἀεὶ
2896 1610 3157 1682 ὑπάρχων
3198 1610 3293 1665 τοῦ
3340 1610 3417 1682 μὴ
3459 1609 3636 1675 οὕτως

366 1709 466 1764 per
501 1693 723 1751 exsistit
753 1708 819 1750 eo
845 1694 937 1764 qu't
966 1708 1074 1749 nou
1102 1691 1353 1763 semper?
1376 1692 1484 1746 Διιι
1510 1706 1620 1763 quo
1644 1702 1804 1761 pacto
1829 1708 1936 1749 non
1968 1713 2012 1769 B
2039 1704 2225 1765 ὅντος;
2258 1696 2384 1763 Πῶς
2412 1698 2470 1751 δὲ
2494 1698 2596 1750 οὐκ
2628 1697 2867 1752 ἐλάττων
2894 1699 2987 1753 τοῦ
3017 1700 3206 1765 ἁϊδίως
3230 1701 3574 1772 ὑπάρχοντος
3607 1703 3639 1755 ό

365 1787 441 1842 sit
471 1786 651 1842 minor
677 1799 743 1841 eo
775 1785 866 1856 qui
899 1787 969 1842 ab
1002 1794 1206 1841 aeterno
1235 1785 1454 1841 exsistit
1487 1784 1533 1839 is
1563 1786 1653 1856 qui
1676 1794 1682 1801 ·
1704 1795 1942 1841 aeternus

368 1890 478 1933 non
520 1876 642 1932 est?
685 1874 744 1931 Si
784 1890 911 1931 vero
957 1874 1128 1944 major
1166 1883 1252 1931 est
1295 1874 1461 1932 Patet·
1499 1874 1671 1940 Filio,
1717 1875 1946 1932 diversae

366 1967 530 2024 etiam
557 1967 810 2023 essentiae
835 1966 908 2023 ab
935 1966 1051 2037 ipso
1079 1966 1208 2022 erit.

863 2098 1072 2165 Salutio
1105 2099 1440 2170 objectionis.

442 2214 740 2288 Oportebat
768 2228 899 2272 sane
932 2229 1036 2271 non
1072 2214 1146 2269 ita
1183 2215 1365 2285 inepte
1394 2222 1555 2285 atque
1587 2214 1797 2269 ruditer
1822 2230 1947 2285 pro-

365 2306 494 2375 poni
525 2319 745 2373 gravem
778 2305 918 2359 hanc
938 2345 954 2368 ‚
987 2311 1043 2357 et
1082 2301 1368 2373 imperitiae
1394 2312 1588 2358 vestrae
1616 2305 1947 2359 convenien-

323 2446 344 2465 ,
365 2407 478 2453 tem
506 2398 885 2468 quaestionem.
909 2394 1046 2450 Nam
1072 2410 1195 2451 cum
1219 2396 1587 2452 diversitatem
1612 2396 1864 2451 essentiae
1890 2395 1944 2450 in

365 2485 529 2543 Patre
551 2495 607 2541 et
630 2484 771 2542 Filio
795 2486 1021 2557 urgetis,
1049 2486 1301 2556 imperite
1327 2486 1619 2543 admodum
1646 2501 1713 2542 ex
1742 2486 1947 2558 majore

364 2585 423 2636 et
448 2578 659 2634 minore
684 2579 738 2635 id
764 2578 996 2647 probare
1020 2577 1254 2634 studetis
1284 2595 1297 2632 ι
1327 2579 1552 2649 proinde
1575 2592 1638 2633 ac
1663 2578 1709 2633 si
1736 2592 1798 2634 ea
1824 2592 1947 2648 qnae

364 2671 562 2728 horum
595 2670 814 2741 capacia
849 2679 997 2737 sunt,
1031 2671 1342 2726 necessario
1376 2672 1516 2726 inter
1544 2684 1606 2726 se
1639 2670 1943 2725 substantia

365 2760 640 2819 differant.
662 2761 828 2832 Atqui
861 2762 1056 2833 lapidis
1083 2762 1301 2833 quidem
1330 2763 1397 2818 ad
1425 2762 1682 2837 iam'dem,
1711 2761 1839 2832 {igni
1873 2760 1943 2816 ad

367 2852 606 2925 iignum,
635 2852 870 2909 hominis
901 2853 968 2907 ad
998 2852 1274 2908 bominem
1293 2890 1310 2919 ,
1340 2852 1660 2908 substantiae
1690 2851 1829 2906 ratio
1861 2858 1946 2905 est

365 2945 577 3002 eadem.
608 2944 821 3001 Accidit
855 2954 1033 3000 tamen
1073 2944 1202 3015 ipsis
1234 2954 1290 3001 et
1322 2946 1497 3016 majus
1529 2954 1582 3000 et
1618 2945 1824 2999 minus.
1855 2942 1947 2997 Li-

366 3050 530 3103 gnum
558 3035 705 3092 enim
734 3035 881 3106 ligno
911 3034 1090 3105 majus
1118 3035 1415 3091 seeundum
1445 3036 1672 3106 aliquid,
1700 3046 1751 3090 et
1781 3034 1944 3090 vicis·
2017 3086 2023 3092 .

368 3127 473 3183 sim
505 3127 685 3185 minus
715 3138 961 3200 apparet.
989 3128 1125 3184 Cum
1158 3129 1326 3201 igitur
1347 3130 1513 3186 etiam
1547 3132 1614 3186 iis
1643 3146 1763 3201 quae
1795 3130 1942 3199 ejns-
1996 3125 2014 3148 ¹

368 3220 489 3274 dem
515 3220 834 3276 substantiae
857 3229 983 3277 sunt
1011 3223 1186 3294 majus
1209 3231 1266 3278 et
1292 3222 1470 3277 minus
1499 3222 1729 3289 accidat,
1761 3223 1946 3289 inepte

366 3325 467 3367 vos
504 3325 572 3367 ex
610 3312 713 3367 hoc
746 3312 1118 3371 diversitatem
1152 3317 1408 3372 essentiae
1440 3317 1492 3371 in
1527 3315 1688 3373 Patre
1718 3328 1773 3372 et
1804 3315 1945 3370 Filio

368 3403 749 3460 demonstrare
795 3406 1063 3472 nitimini,
1100 3416 1444 3475 vestramque
1488 3409 1812 3462 dementiam
1858 3407 1946 3463 ni-

368 3495 666 3553 hilominus
705 3513 803 3567 per
833 3498 950 3554 haec
982 3498 1294 3555 declaratis.
1332 3498 1581 3570 AEquaiis
1614 3501 1760 3555 enim
1794 3498 1942 3554 Patri

368 3586 642 3645 exsistens
665 3586 870 3656 Filius,
900 3588 1167 3645 minorem
1197 3602 1257 3646 se
1287 3589 1416 3645 facit
1447 3590 1656 3646 ratione
1684 3591 1942 3646 lncarna·

372 3679 553 3750 tionis,
584 3690 646 3736 ut
668 3679 926 3736 diximus.
1897 3679 1907 3689 '

952 3973 1064 4047 92
1101 3973 1334 4034 Anno.

440 4111 577 4179 Quae
617 4110 850 4168 naturali
895 4112 1037 4168 inter
1073 4124 1135 4168 se
1179 4111 1536 4168 similitudine
1575 4126 1681 4168 non
1730 4110 1951 4179 conjun-

371 4213 592 4275 guntur,
624 4212 681 4260 et
713 4204 925 4260 ratione
956 4203 1207 4259 essentiae
1239 4202 1514 4266 differunt,
1553 4216 1650 4271 per
1680 4203 1863 4257 simite
1894 4211 1954 4257 et

372 4295 668 4360 dissImtte,
698 4309 806 4349 non
838 4309 969 4351 vcro
999 4310 1095 4365 per
1125 4295 1299 4364 majus
1325 4302 1380 4347 et
1411 4295 1588 4348 minus
1616 4293 1950 4348 discernun-

2052 1792 2126 1865 μὴ
2158 1790 2326 1854 ἀΐδιος
2354 1787 2464 1856 Gru
2512 1790 2575 1843 Ei
2606 1789 2664 1843 δὲ
2708 1789 2913 1860 μείζων
2941 1794 2970 1845 ό
2996 1784 3188 1865 Πατὴρ
3218 1792 3311 1847 τοῦ
3345 1792 3501 1860 Υίοῦ,
3538 1790 3640 1847 καὶ

2048 1882 2390 1969 έτεροούσιος
2414 1880 2522 1951 ἄρα
2556 1879 2695 1952 πρὸς
2719 1880 2905 1944 αὐτόν.

2415 2139 2421 2144 -
2522 2102 2681 2170 Πρὸς
2717 2102 2906 2157 ταῦτα
2941 2103 3143 2172 λύσις.

2136 2214 2353 2285 Ἐχρῆν,
2386 2207 2433 2272 ἔ)
2460 2212 2753 2285 βέλτιστοι,
2784 2215 2861 2286 μὴ
2906 2214 3028 2270 λίαν
3079 2215 3223 2271 οὕτω
3256 2215 3444 2281 κακῶς
3499 2216 3639 2288 μηδὲ

2048 2304 2291 2375 ἀτέχνως
2317 2304 2640 2375 προκεῖσθαι
2666 2304 2727 2357 τὸ
2751 2306 2915 2375 σοφὸν
2939 2306 3004 2379 δὴ
3028 2306 3187 2363 τοῦτο
3217 2309 3319 2379 τῆς
3346 2309 3478 2379 ὑμῖν
3500 2326 3636 2381 πρε-

2049 2396 2260 2467 πούσης
2305 2396 2548 2466 ἀμαθίας
2597 2395 2913 2467 πρόδλημα.
2946 2399 3309 2472 Εἰσφέροντες
3349 2402 3457 2472 γὰρ
3506 2403 3641 2473 ἡμῖν

2048 2487 2141 2542 ἐπί
2169 2504 2229 2540 τε
2258 2488 2473 2559 Πατρός
2500 2487 2598 2540 καὶΙ
2628 2486 2759 2540 rto-3
2787 2487 2849 2540 τὸ
2878 2488 3236 2560 ἑτεροούσιον,
3265 2492 3373 2545 ἀπὸ
3400 2493 3494 2547 τοῦ
3522 2492 3641 2565 μεί-

2049 2577 2201 2644 ζονος
2223 2578 2320 2632 καὶ
2348 2578 2442 2631 τοῦ
2478 2578 2761 2644 ἐλάττονος
2788 2578 2886 2650 τὴν
2910 2580 3184 2649 ἀπόδειξιν
3207 2583 3440 2654 ἀμαθῶς
3467 2587 3640 2638 ποιεί-

2050 2670 2176 2724 σθαι
2232 2669 2587 2737 σπουδάζετε,
2636 2669 2829 2745 ὥσπερ
2869 2674 3185 2742 ἀναγκαίως
3222 2674 3456 2745 ἑχόντων
3504 2675 3641 2746 πρὸς

2048 2760 2254 2833 ἄλληλα
2280 2762 2379 2833 τὴν
2405 2763 2880 2834 έτεροουσιότητα,
2900 2764 3007 2818 τῶν
3035 2765 3135 2818 ὅσα
3162 2764 3365 2820 τούτων
3396 2766 3641 2835 πέφυκεν

2047 2849 2187 2906 εἶναι
2233 2854 2480 2910 δεκτικά.
2514 2855 2710 2910 Καίτοι
2742 2857 2884 2929 ξύλῳ
2924 2856 3024 2929 μὲν
3073 2857 3236 2911 παντὶ
3284 2856 3423 2929 πρὸς
3458 2850 3639 2925 ξύλον,

2048 2945 2145 2999 καὶ
2174 2944 2308 3017 λίθῳ
2352 2947 2490 3018 πρὸς
2520 2946 2690 3014 λίθον,
2723 2949 2819 3003 καὶ
2849 2948 3120 3020 ἀνθρώπῳ
3165 2948 3301 3019 πρὸς
3333 2947 3640 3021 ἄνθρωπον,

2048 3036 2147 3106 τῆς
2184 3036 2283 3106 μὲν
2314 3025 2504 3101 οὐσίας
2547 3040 2576 3093 ό
2622 3037 2781 3106 λόγος
2806 3040 2834 3093 ὁ
2859 3039 3043 3103 αὐτός.
3099 3040 3370 3111 Πρόσεστι
3404 3037 3643 3106 δὲ·ὃμως
3761 3010 3766 3013 ῃ

2054 3129 2150 3182 καὶ
2180 3129 2240 3181 τὸ
2270 3129 2454 3199 μεῖζον
2475 3130 2586 3183 ’καὶ
2629 3131 2689 3184 τὸ
2718 3131 2940 3186 ἔλαττον
2958 3149 2972 3162 ·
3005 3131 3165 3198 ξύλον
3190 3131 3299 3204 γὰρ
3330 3121 3488 3197 ξύλου
3520 3135 3644 3203 μεί-

2055 3220 2147 3285 ζον
2199 3220 2342 3272 κατὰ
2377 3237 2451 3284 τι,
2483 3223 2579 3274 καὶ
2636 3223 2801 3276 πάλιν
2855 3224 3060 3294 ὁμοίως
3116 3225 3337 3279 ἔλαττον
3369 3226 3640 3296 φαίνεται.

2067 3310 2447 3381 Ἐμὸαίνοντος
2471 3312 2653 3364 τοίνυν
2696 3316 2791 3367 καὶ
2833 3317 2928 3368 ἐπὶ
2978 3317 3089 3369 τῶν
3122 3317 3425 3386 όμοουσίων
3462 3317 3555 3370 τοῦ
3577 3333 3643 3370 τε

2056 3402 2299 3474 μείζονος
2329 3401 2422 3454 καὶ
2450 3399 2543 3453 τοῦ
2572 3403 2880 3467 ἐλάττονος,
2916 3408 3188 3476 περιττῶς
3222 3409 3383 3474 ὑμεῖς
3406 3410 3500 3458 ἐπὶ
3527 3411 3643 3461 Πα·
3697 3443 3710 3455 .

2050 3495 2181 3566 τρὸς
2220 3493 2317 3547 καὶ
2348 3491 2479 3546 rto&
2514 3493 2723 3566 ταύτην
2746 3495 3021 3558 ἀπόδειξιν
3049 3494 3289 3546 ποιεῖσθε
3315 3495 3410 3545 τοῦ
3445 3497 3636 3564 ἑτερο-

2049 3587 2235 3641 ουσίου
2251 3603 2265 3616 ·
2297 3585 2390 3638 καὶ
2419 3584 2508 3638 διὰ
2526 3584 2730 3638 τούτων
2756 3583 2813 3636 δὲ
2837 3582 2994 3636 οὐδὲν
3020 3575 3185 3653 ἧττον
3207 3583 3507 3654 ληροῦντες
3536 3585 3630 3638 εὐ-

2055 3679 2478 3750 ρίσκεσθε.”ίσος
2515 3676 2624 3746 γὰρ
2667 3673 2929 3745 ὑπάρχων
2979 3675 3008 3726 ὀ
3035 3673 3166 3737 Υἱὸς
3208 3675 3287 3746 τῷ
3323 3675 3520 3746 Πατρὶ,
3563 3672 3626 3727 τὸ

2053 3774 2273 3828 ἔλαττον
2323 3774 2407 3844 ἐφ’
2435 3767 2626 3828 ἑαυτοῦ
2671 3768 2882 3841 τίθησιν
2916 3767 3294 3839 οἰκονομικῶς,
3344 3772 3419 3836 ὡς
3462 3770 3634 3825 δέδει-

2059 3880 2201 3918 κται.

2740 3975 2946 4032 ΔΛΛΟ.

2124 4104 2205 4159 τὰ
2232 4104 2335 4174 τῆς
2362 4105 2499 4175 πρὸς
2529 4105 2737 4177 ἄλληλα
2780 4106 3020 4178 φυσικῆς
3062 4107 3377 4180 ὁμοιότητος
3408 4068 3638 4182 eni-:9222

2055 4199 2213 4268 μένα,
2245 4196 2340 4249 καὶ
2372 4196 2515 4250 κατὰ
2538 4197 2632 4251 τὸν
2660 4195 2755 4250 τοῦ
2791 4215 2909 4262 πως
2940 4195 3080 4253 εἶναι
3110 4198 3267 4267 λόγον
3293 4201 3637 4272 διεστηκότα,

2052 4286 2132 4359 τῷ
2159 4288 2332 4359 ὁμοίῳ
2365 4287 2462 4341 καὶ
2484 4286 2562 4357 τῷ
2598 4287 2837 4360 ἀνομοίῳ
2867 4291 3114 4360 κρίνεται
3151 4292 3373 4363 μᾶλλον,
3396 4294 3491 4348 καὶ
3517 4295 3639 4348 οὐδέ

374 4397 482 4440 tur.
505 4383 563 4440 Si
585 4399 716 4456 ergo
739 4399 902 4440 unum
927 4397 1011 4440 est
1036 4384 1194 4441 Pater
1212 4393 1267 4440 et
1292 4383 1460 4438 Filius
1486 4384 1696 4439 ratione
1721 4393 1948 4451 naturae,
1985 4400 2028 4454 ι)
2058 4398 2162 4435 που
2208 4381 2286 4451 τῷ
2317 4397 2378 4433 τε
2417 4379 2624 4449 μείζονι
2677 4381 2770 4434 καὶ
2814 4381 2893 4453 τῷ
2939 4379 3206 4437 ἐλάττονι.
3237 4386 3299 4439 Ei
3331 4386 3431 4458 μὲν
3458 4383 3549 4441 οὐν
3579 4387 3643 4442 ’ἐν

373 4478 560 4534 dicant
580 4478 740 4534 nobis
762 4477 944 4535 acerbi
970 4477 1061 4534 isti
1085 4477 1501 4546 disceptatores,
1526 4477 1801 4548 quomodo
1829 4493 1949 4531 ma-

368 4567 459 4634 ins
483 4576 540 4626 et
567 4568 746 4625 minus
773 4568 855 4625 eis
880 4578 1188 4639 competere
1219 4569 1458 4639 poterit?
1485 4567 1542 4624 Si
1569 4582 1699 4623 vero
1726 4569 1951 4623 alterius

375 4659 534 4729 plane
566 4660 905 4731 diversaeque
936 4676 968 4715 a
1004 4660 1166 4716 Patre
1197 4661 1456 4717 essenti-‘e
1491 4660 1686 4716 Filium
1719 4675 1843 4716 esse
1878 4661 1956 4715 di·

375 4750 518 4816 citis,
544 4765 654 4820 quo
676 4759 838 4821 pacto
862 4765 927 4807 ea
952 4767 1072 4822 quoe
1099 4752 1257 4822 piane
1284 4751 1536 4808 essentiae
1561 4753 1775 4809 ratione
1803 4753 1947 4807 inter

375 4858 435 4898 se
472 4842 774 4911 dissident,
811 4847 1121 4917 comparari
1161 4846 1303 4902 inter
1337 4859 1397 4900 se
1435 4847 1728 4916 poterunt?
1765 4846 1953 4916 Neque

375 4935 522 4989 enim
565 4950 672 4990 non
715 4934 974 4992 ridiculus
1011 4950 1137 4992 esse
1175 4938 1367 5007 possit,
1407 4936 1500 5007 qni
1541 4950 1660 5005 quae
1698 4934 1841 4989 nulia
1889 4950 1957 4989 ex

377 5035 530 5096 parte
557 5026 884 5083 conveniant
913 5029 1055 5085 inter
1083 5044 1142 5085 se
1175 5028 1524 5098 compararit,
1555 5029 1757 5096 quique
1783 5024 1951 5079 solem

379 5120 524 5188 ligno
565 5118 983 5189 splendidiorem
1031 5121 1217 5176 dicere
1259 5120 1508 5175 τείρει-ιι.
1551 5119 1607 5174 Si
1656 5133 1786 5188 ergo
1838 5131 1959 5185 ηοω

380 5212 576 5267 diversi
608 5212 825 5281 generis
849 5221 997 5277 sunt,
1019 5227 1051 5267 a
1078 5223 1262 5266 mutua
1289 5212 1433 5267 inter
1454 5227 1514 5268 se
1538 5210 1958 5280 comparatione

379 5302 678 5360 abhorrent
706 5324 720 5358 :
753 5303 936 5373 inepta
972 5312 1120 5358 certe
1151 5313 1237 5358 est
1269 5305 1584 5373 propositio,
1619 5318 1744 5372 quae
1782 5303 1959 5372 majus

378 5401 439 5448 et
466 5393 647 5448 minus
678 5391 825 5449 Patri
861 5402 919 5449 et
954 5392 1092 5449 Fiiio
1124 5394 1499 5448 accommodat
1523 5434 1538 5458 ,
1574 5395 1620 5451 si
1658 5393 1816 5448 modo
1847 5408 1955 5447 non

380 5484 622 5553 ejusdem
644 5523 661 5548 .
684 5483 838 5553 iuxta
867 5496 1105 5541 vestram
1134 5484 1442 5554 opinionem
1463 5521 1481 5550 ,
1512 5495 1640 5543 eunt
1665 5484 1920 5541 essentia
1943 5521 1961 5550 ,

383 5585 442 5631 ει
461 5589 582 5644 qnae
602 5589 724 5630 eam
747 5575 999 5632 essentiae
1021 5576 1389 5632 diversitatem
1414 5576 1772 5642 demonstrat,
1795 5589 1959 5647 quam

378 5666 578 5723 nescio
596 5668 736 5725 unde
750 5668 997 5738 excogita
1006 5668 1112 5726 rint
1128 5669 1193 5726 de
1210 5675 1406 5726 natura
1423 5667 1662 5725 omnium
1679 5681 1955 5738 suprema,

2061 4473 2208 4526 ὲστιν
2233 4473 2262 4524 ό
2288 4470 2478 4541 Πατὴρ
2505 4470 2583 4535 ὡς
2608 4471 2747 4541 πρὸς
2765 4471 2857 4525 τὸν
2882 4474 3008 4526 rib-1
3034 4475 3176 4528 κατὰ
3196 4476 3289 4530 τὸν
3309 4477 3408 4548 τῆς
3429 4477 3645 4548 φύσεως

2055 4562 2235 4632 λόγον,
2267 4562 2572 4632 λεγέτωσαν
2618 4563 2751 4633 ἡμῖν
2798 4565 2847 4616 οἱ
2895 4564 3084 4632 πικροὶ
3138 4566 3459 4639 συζητηταὶ,
3503 4568 3644 4623 κατὰ

2062 4656 2183 4710 τίνα
2229 4655 2430 4726 τρόπον
2465 4655 2704 4725 χωρήσει
2748 4654 2836 4706 ἐπ’
2861 4655 3042 4707 αὐτῶν
3088 4654 3151 4708 τὸ
3204 4657 3388 4727 μεῖζον
3438 4662 3535 4715 καὶ
3579 4661 3645 4713 τὸ

2062 4746 2300 4812 ἔλαττονς
2317 4744 2383 4799 Et
2404 4745 2463 4797 δὲ
2482 4745 2657 4814 πάντη
2677 4741 2971 4813 διεστηκὼς
3000 4745 3091 4797 καὶ
3118 4750 3521 4820 κεχωρισμένος
3543 4751 3645 4822 τῆς

2064 4837 2157 4892 τοῦ
2189 4836 2402 4908 Πατρὸς
2427 4836 2616 4898 οὐσίας
2639 4836 2667 4887 ό
2695 4834 2824 4899 Yth<
2860 4836 3192 4907 εἰσφέρεται,
3223 4841 3414 4913 ἐτέρας
3446 4859 3505 4896 τε
3538 4842 3644 4913 φύ-

2068 4945 2202 4991 σεως
2224 4928 2325 4980 ὐπε
2335 4926 2556 4997 ίληπται
2579 4930 2710 4999 παρ’
2726 4926 2875 4998 ὑμῖν,
2892 4928 3008 4992 πῶς
3029 4929 3097 4982 τὰ
3119 4931 3297 5003 πάντη
3319 4931 3647 5005 διεστηκότα

2067 5021 2208 5074 κατὰ
2232 5019 2323 5074 τὸν
2367 5018 2463 5074 τοῦ
2497 5038 2613 5085 πως
2642 5018 2783 5076 εἶναι
2808 5021 2969 5091 λόγον
2994 5021 3090 5094 τὴν
3117 5023 3249 5094 πρὸς
3274 5023 3479 5096 ἄλληλα
3508 5027 3646 5096 σύγ-

2069 5128 2247 5183 κρισιν
2284 5111 2623 5178 ὲπιδέξεταις
2652 5115 2727 5167 Οὐ
2765 5115 2874 5184 γὰρ
2910 5113 2975 5182 δή
3026 5131 3109 5177 τις
3150 5114 3254 5182 ἔξω
3297 5116 3649 5190 γελοιότητος

2068 5204 2307 5259 κείσεται
2323 5205 2391 5260 τὰ
2418 5205 2558 5261 κατὰ
2586 5207 2751 5277 μηδὲν
2769 5205 3018 5276 ἀλλήλοις
3040 5206 3396 5262 κοινωνοῦντα
3414 5211 3650 5284 συγκρί-

2068 5313 2197 5364 νων,
2230 5300 2324 5352 καὶ
2353 5299 2505 5370 ῆλιον
2534 5299 2692 5364 ξύλου
2734 5299 2908 5369 λέγων
2953 5294 3092 5352 εἶναι
3139 5299 3537 5371 λαμπρότερον.
3575 5304 3645 5359 Ei

2065 5389 2249 5444 τοίνυν
2279 5390 2347 5444 τὰ
2373 5392 2660 5463 ἑτερογενῆ
2692 5392 2785 5445 καὶ
2815 5390 2911 5461 τὴν
2950 5390 3086 5460 πρὸς
3113 5389 3317 5460 ἄλληλα
3347 5390 3642 5463 σύγκρισιν

2067 5481 2482 5553 παραιτούμενα
2527 5482 2789 5552 φαίνεται,
2821 5481 3143 5546 ἀπαίδευτος
3191 5484 3224 5553 ὴ
3279 5483 3542 5554 πρότασις
3579 5486 3644 5540 τὸ

2076 5572 2257 5643 μεῖζον
2299 5574 2396 5628 καὶ
2424 5575 2488 5627 τὸ
2517 5573 2737 5629 ἔλαττον
2767 5574 2859 5628 ἐπὶ
2903 5572 3037 5627 rto&
3066 5574 3159 5628 καὶ
3189 5574 3404 5645 Πατρὸς
3452 5577 3640 5645 steei-

2072 5681 2257 5737 ρουσα,
2285 5664 2445 5737 εἴπερ
2478 5667 2615 5722 είσὶν
2650 5668 2709 5720 οὐ
2752 5666 2853 5739 τῆς
2878 5666 3054 5738 αὐτῆς
3080 5666 3289 5736 οὐσίας,
3316 5665 3436 5722 καθ’
3462 5670 3633 5740 ὑμᾶς,
