3809 6125
314 323 452 380 ¹393

1234 325 1521 381 senonia
1565 327 1653 381 DE
1686 326 2205 383 thAttNaTtONE
2245 325 2617 384 UNtGENtTt.

3433 322 3570 377 239⁴

309 438 852 503 tuinum,sicutnunc
872 440 1166 496 revelatum
1183 443 1486 497 estsanctis
1505 443 1876 512 apostolis⁷⁷.»
1912 448 1960 501 A
1990 460 2010 493 ι
2043 441 2307 513 Apparuit
2331 442 2474 497 enim
2500 441 2670 512 gratia
2697 439 2792 495 Dei
2822 437 3110 493 salvatoris
3140 436 3414 500 omnibus,
3442 451 3570 490 eru-

310 529 420 586 Et:
472 549 492 582 ι
523 530 839 602 mysterium
872 533 1015 603 quod
1064 533 1439 590 absconditum
1488 535 1643 591 inita
1677 536 1890 591 succulis

311 633 368 677 ει
394 624 858 692 generationibus,
891 639 1034 679 nunc
1056 632 1238 680 autem
1272 625 1616 681 manifestum
1651 637 1736 681 est·
1760 641 1887 682 san·

307 712 410 767 ctis
438 712 576 779 ejus,
607 714 803 783 quibus
832 714 1001 770 voluit
1029 715 1270 772 revelare
1303 717 1518 772 divitias
1549 718 1733 789 gloriae
1769 733 1887 789 my-

307 805 456 861 sterii
489 805 647 874 hujus
670 806 725 863 in
751 809 1023 879 gentibus,
1053 811 1199 880 qnod
1230 820 1313 867 est
1339 810 1612 879 Christus,
1646 814 1699 867 in
1737 813 1888 868 vohis

305 911 432 966 spes
477 897 681 967 gloriae,
713 913 875 968 quem
916 916 1016 958 nos
1057 902 1440 958 annuntiamus
1456 904 1524 957 ³⁸.
1563 923 1583 957 ι
1620 905 1676 960 Si
1728 906 1890 974 igitur

258 1021 264 1038 .
305 998 391 1043 est
433 988 714 1061 θεοφόρος,
745 1002 798 1047 ει
829 1009 936 1049 non
977 992 1118 1050 Deus
1164 1010 1311 1059 vere,
1342 997 1616 1065 quomodo
1658 998 1771 1067 ipse
1807 1005 1889 1052 est

304 1079 510 1135 divitiae
536 1081 737 1150 gloriae.
757 1085 1023 1153 mysterii,
1050 1087 1193 1156 quod
1220 1087 1572 1142 annuntiatur
1601 1088 1891 1161 gentibus?

309 1168 403 1224 Vet
425 1164 706 1240 ‘quomodo
731 1175 952 1230 omnino
979 1176 1120 1233 Deus
1141 1179 1536 1235 annuntiatur?

945 1284 1098 1341 CAP.
1133 1284 1254 1343 XX.

1006 1400 1188 1455 Aliud.

381 1523 400 1556 ι
435 1503 567 1561 Volo
595 1505 739 1561 enim
774 1522 871 1564 vos
903 1509 1048 1566 scire
1083 1513 1300 1582 qualem
1332 1517 1750 1583 sollicitudinem
1793 1524 1889 1576 ha-

306 1595 459 1650 beam
499 1612 596 1667 pro
617 1599 769 1655 vobis
791 1609 848 1655 et
877 1617 973 1671 pro
1001 1601 1066 1658 iis
1090 1604 1180 1673 qui
1204 1618 1328 1662 suut
1353 1607 1734 1681 Laodicea-,et
1761 1615 1885 1683 qui-

305 1701 518 1756 cunque
568 1705 675 1745 nou
729 1692 983 1749 viderunt
1015 1693 1208 1749 faciem
1265 1714 1440 1755 meam
1491 1702 1552 1756 in·
1595 1717 1790 1769 carne,
1831 1716 1889 1761 ιιι

1992 536 2145 591 diens
2177 551 2296 600 nos,
2333 544 2390 589 nt
2436 536 2765 600 abnegantes
2811 532 3145 602 impietatum
3198 530 3568 587 ctszeeularia

1992 626 2279 693 desideria,
2335 626 2517 681 sobrie
2560 636 2619 681 et·
2653 623 2799 690 juste
2827 633 2882 679 et
2915 626 3003 695 pie
3049 626 3315 686 vivamus,
3366 624 3417 678 in
3472 623 3573 676 hoe

1990 717 2213 783 saeculo,
2262 726 2641 786 exspectantes
2690 717 2905 772 beatam
2954 731 3130 786 spem,
3173 724 3229 769 et
3276 714 3565 769 adventum

1990 806 2175 877 gloriae
2195 808 2371 879 magui
2386 806 2479 863 Dei
2495 817 2550 861 et
2565 806 2861 862 salvatoris
2880 806 3050 862 nostri
3071 802 3199 860 Jesu
3223 803 3425 860 Christi
3445 801 3564 857 ⁸⁸⁶.»

1991 898 2132 956 Ecce
2171 899 2333 967 Deus,
2382 907 2439 955 et
2481 916 2730 972 magnus,
2781 898 3093 969 plenissime
3129 897 3437 953 nominatus
3486 906 3571 952 est

1994 992 2252 1047 Dominus
2279 1003 2466 1048 noster
2488 991 2646 1049 lesus
2674 993 2926 1048 Christus
2954 1010 2968 1047 ε
2995 991 3108 1059 ipse
3132 999 3216 1045 est
3248 991 3392 1044 enim
3416 986 3571 1056 cujus

1990 1083 2277 1137 adveutum
2327 1083 2512 1153 gloriae
2575 1092 2991 1155 exspectantes,
3049 1082 3231 1137 sobrie
3283 1081 3465 1135 vivere
3514 1089 3572 1134 et

1991 1175 2541 1245 irreprehensibiliter
2600 1176 2942 1231 festinamus.
3000 1174 3107 1229 Sed
3166 1173 3213 1226 si
3274 1182 3361 1226 est
3403 1172 3566 1226 homo

1987 1264 2271 1335 Θεοφόρος,
2305 1267 2580 1334 quomodo
2602 1266 2674 1320 sit
2702 1279 2926 1336 maguus
2955 1263 3139 1319 Deus?
3166 1260 3262 1318 vet
3300 1262 3571 1331 quomodo

1988 1356 2149 1411 beata
2182 1370 2307 1426 spes
2335 1356 2387 1409 in
2411 1370 2532 1410 eum
2550 1354 2577 1408 l
2601 1354 2879 1425 Siquidem
2909 1368 3073 1409 verus
3096 1363 3181 1409 est
3212 1350 3453 1421 proiecto
3480 1348 3570 1406 Je-

1990 1446 2192 1501 remias
2214 1444 2442 1499 dicens:
2484 1462 2504 1495 ι
2541 1442 2860 1499 Maledictus
2889 1444 2982 1512 qui
3019 1458 3168 1513 spem
3219 1458 3373 1499 suam
3417 1445 3570 1511 ponit

1990 1538 2044 1593 in
2076 1538 2293 1592 homine
2318 1536 2384 1589 ⁸⁸.
2417 1554 2438 1589 ι
2477 1533 2662 1605 Neque
2682 1536 2826 1591 enim
2857 1534 3023 1589 Deum
3053 1535 3225 1604 ipsum
3256 1535 3427 1603 possit
3449 1532 3568 1587 cffi-

1989 1644 2133 1697 cere,
2164 1637 2225 1684 ut
2263 1637 2391 1684 ante
2419 1628 2554 1692 dixi,
2593 1628 2645 1682 id
2681 1628 2824 1697 quod
2859 1638 2943 1683 est
2989 1629 3155 1683 Deum
3197 1637 3435 1697 portare.
3467 1628 3567 1681 De-

1990 1720 2156 1790 nique
2185 1720 2415 1776 doceant
2438 1733 2558 1785 uos,
2594 1719 2722 1789 qnid
2749 1719 3001 1789 impediat
3028 1718 3163 1773 alios
3186 1719 3350 1772 etiam
3381 1733 3569 1771 omnes

306 1780 658 1836 ⁸⁰⁰⁸⁰¹0¹¹¹¹¹P
686 1784 850 1838 “Uda
900 1784 1164 1856 lPSffl'ssm·
1200 1789 1449 1847 iffistucfi
1499 1797 1551 1848 5¹¹
1595 1793 1884 1864 θὶθΐὶῑὸῑθ,
1922 1798 1963 1852 Β
1987 1815 2123 1878 ¹deos
2152 1827 2283 1870 esse
2317 1822 2370 1868 et
2395 1812 2722 1876 adorandos,
2750 1811 2841 1881 qui
2871 1811 2923 1865 in
2953 1824 3015 1865 se
3044 1809 3331 1865 habuerint
3359 1808 3569 1864 Dettrnl

304 1869 437 1925 etin
465 1885 654 1927 omnes
676 1873 891 1931 divitias
920 1877 1273 1947 plenitudinis
1298 1884 1624 1953 intellectus,
1654 1888 1712 1945 iu
1738 1892 1885 1960 agni-

309 1959 508 2015 tionem
557 1964 801 2034 mysterii
836 1964 929 2022 Dei
982 1968 1183 2025 Christi
1217 1970 1287 2051 ζ’.
1320 1992 1339 2025 ι
1381 1972 1519 2032 Ecce
1570 1982 1882 2049 mysterium

309 2051 422 2116 Dei,
451 2056 765 2124 mysterium
801 2058 1046 2114 nominat
1065 2060 1288 2128 Christi,
1312 2077 1367 2122 et
1397 2066 1557 2135 plene
1586 2067 1884 2142 intelligere

303 2144 563 2213 quosdam
590 2146 705 2201 vuit
731 2146 785 2202 in
811 2150 1138 2220 agnitionem
1169 2154 1360 2225 ipsius.
1389 2158 1507 2225 Quo
1528 2158 1692 2230 igitur
1722 2162 1883 2219 intel·

305 2233 445 2290 lectu
491 2252 626 2306 opus
658 2248 798 2304 erat,
853 2241 1156 2299 volentibus
1189 2245 1389 2303 Christi
1437 2252 1752 2321 mysterium
1802 2255 1884 2308 di·

302 2340 482 2391 scere,
507 2327 552 2381 si
588 2326 805 2385 fueraut
838 2332 1098 2402 audituri,
1138 2339 1281 2405 quod
1325 2338 1655 2399 inhabitaret
1701 2344 1752 2398 in
1789 2345 1885 2399 ho·

302 2416 449 2472 mine
485 2416 671 2473 Deus?
716 2419 865 2491 Opus
902 2435 988 2478 est
1028 2433 1208 2482 autem
1260 2429 1429 2484 nimio
1478 2432 1775 2499 intellectu,
1827 2448 1885 2491 ιιι

300 2506 446 2655 wag
470 2515 659 2563 contra
689 2512 833 2580 quod
876 2511 1134 2581 Verbum,
1184 2532 1310 2572 cum
1363 2520 1434 2575 sit
1483 2522 1645 2591 Deus,
1681 2522 1881 2582 iactum

301 2599 371 2655 sit
444 2615 590 2655 omo.

925 2717 1078 2776 CAP.
1119 2719 1259 2777 xxt.

1013 2833 1195 2891 Aliud.

381 2960 400 2993 ι
439 2941 481 2994 Α
512 2942 665 2999 vobis
695 2944 837 2999 enim
871 2946 1050 3001 sonuit
1076 2962 1258 3003 sermo
1286 2948 1521 3017 Domini,
1559 2968 1665 3010 non
1707 2957 1881 3013 solum

305 3032 359 3086 in
391 3030 705 3088 Macedonia
737 3043 791 3089 et
811 3035 1049 3104 Achaia;
1077 3040 1174 3097 sed
1195 3044 1343 3099 omni
1374 3045 1492 3102 loco
1516 3040 1648 3107 tideo
1680 3060 1882 3122 vestra,

306 3134 428 3190 quae
459 3129 543 3174 est
569 3120 637 3174 ad
677 3123 866 3188 Deum,
891 3127 1059 3181 exivit
1087 3129 1156 3184 ⁸⁸.
1188 3148 1208 3181 ι
1246 3132 1384 3188 Ecce
1411 3137 1605 3192 iterum
1637 3141 1690 3193 in
1720 3143 1884 3201 neum
1914 3159 1958 3217 c

309 3211 468 3269 tidem
495 3212 692 3269 factam
731 3229 854 3270 esse
883 3231 1293 3287 commemorat,
1317 3237 1439 3278 cum
1458 3224 1621 3283 etiam
1642 3228 1893 3292 Christus

306 3305 482 3362 dicat:
510 3324 531 3359 t
559 3305 662 3374 Qui
689 3308 868 3364 credit
894 3309 948 3364 in
974 3325 1080 3378 me,
1104 3310 1267 3368 babet
1290 3313 1452 3370 vitam
1483 3318 1739 3377 aeternam
1763 3324 1833 3383 ⁸¹.
1867 3349 1887 3381 ι

307 3399 624 3456 Sermonem
654 3410 835 3459 autem
866 3403 1304 3473 praedicattonem
1334 3407 1466 3465 dicit
1497 3412 1564 3468 de
1590 3414 1788 3484 seipso.

914 3537 1067 3596 GAP.
1107 3539 1278 3599 XXii.

1005 3652 1187 3711 Aliud.

384 3780 404 3813 ι
441 3763 546 3831 ipsi
598 3764 741 3819 enim
790 3768 942 3824 scitis
975 3770 1260 3827 introitum
1308 3785 1548 3833 nostrum
1585 3780 1726 3852 apud
1766 3797 1884 3848 vos,

306 3853 561 3924 quoniam
608 3872 721 3912 non
746 3857 924 3917 inanis
961 3860 1104 3928 iuit;
1142 3865 1237 3919 sed
1267 3874 1394 3921 ante
1432 3869 1595 3924 muita
1639 3871 1807 3944 passi,
1832 3882 1888 3930 et

307 3948 652 4006 coutumeliis
681 3948 884 4016 affecti,
919 3952 1252 4022 sicutscitis,
1287 3957 1339 4012 in
1374 3956 1660 4031 Philippis,
1691 3964 1881 4020 conlisi

309 4035 510 4095 fuimus
535 4040 587 4095 in
617 4041 728 4100 Deo
763 4044 999 4115 colloqui
1027 4046 1095 4101 ad
1128 4061 1226 4104 vos
1265 4049 1615 4122 Evangelium
1649 4055 1740 4110 Dei
1768 4056 1835 4111 ⁸⁸.
1856 4075 1877 4110 ι

306 4127 448 4187 Ecce
484 4131 710 4203 loquens
736 4134 791 4191 in
833 4136 967 4207 Deo,
1007 4139 1104 4195 Dei
1151 4139 1497 4213 Evangelium
1525 4148 1880 4215 memoravit3

307 4221 405 4293 qui
422 4223 679 4295 praedieat
713 4227 969 4297 gentibus
992 4229 1292 4289 Christum.

898 4357 1054 4416 CAP.
1093 4360 1280 4420 ΧΧΙΙΙ.

999 4470 1041 4527 Δ
1052 4470 1186 4530 liud.

383 4584 822 4652 discordamini,
841 4585 1061 4657 iratres,
1082 4587 1319 4645 laborem
1340 4599 1584 4647 nostrum
1605 4602 1660 4648 et
1682 4608 1876 4648 :crum-

305 4694 450 4744 uam,
482 4688 647 4735 nocte
670 4687 723 4734 et
748 4678 834 4734 die
854 4689 1167 4751 operantes,
1200 4697 1266 4737 ue
1287 4697 1446 4754 quem
1475 4692 1715 4740 vestrum
1742 4701 1871 4757 gra-

304 4785 578 4835 varemusg
596 4770 1006 4840 praedicavimus
1026 4771 1369 4844 Evangelium
1389 4772 1482 4829 Dei
1506 4775 1644 4830 inter
1662 4775 1859 4833 vos⁸⁸.»

306 4860 373 4917 Et
400 4861 600 4916 iterum
628 4873 642 4910 :
681 4877 701 4910 ι
729 4859 1023 4929 Propterea
1063 4869 1120 4917 et
1151 4875 1251 4933 nos
1282 4860 1482 4933 gratias
1521 4862 1730 4932 agimus
1761 4861 1869 4920 Deo

301 4952 420 5008 sine
468 4950 911 5020 intermissione;
960 4953 1214 5022 quoniam
1259 4969 1382 5009 cum
1417 4952 1793 5024 percepissetis
1837 4971 1868 5010 a

302 5041 458 5099 nobis
484 5041 728 5108 verbum,
753 5043 941 5098 auditu
971 5042 1066 5099 Dei
1102 5045 1409 5115 excepistis,
1434 5060 1540 5101 non
1566 5054 1624 5100 ut
1648 5046 1870 5102 verbum

303 5132 602 5198 bominum,
630 5132 722 5188 sed
749 5142 808 5186 ut
830 5133 1052 5188 verbum
1082 5123 1197 5200 Dei,
1225 5136 1314 5204 qui
1336 5145 1590 5204 operatur
1616 5135 1676 5191 in
1694 5137 1869 5205 vobis,

301 5225 391 5293 qni
431 5224 739 5281 credidistis
781 5226 850 5280 ⁸⁸.
886 5244 907 5279 ι
959 5225 1152 5282 Nonne
1194 5227 1474 5283 evidenter
1520 5228 1869 5300 Evangelium

304 5313 424 5380 Dei,
447 5322 499 5371 et
533 5317 625 5372 Dei
658 5317 880 5373 verbum
910 5317 1346 5386 praedicationem
1381 5320 1449 5374 de
1481 5319 1700 5377 Christo
1720 5333 1871 5376 com-

303 5407 606 5463 memorat?
631 5408 829 5478 quippe
854 5408 906 5464 id
927 5406 1179 5465 omnibus
1210 5407 1707 5466 manifestissimum
1738 5420 1822 5467 est
1851 5426 1869 5466 ι

374 5608 421 5640 ”
452 5607 646 5677 ΕΡΙιειι.
677 5625 758 5677 ιιι,
784 5611 838 5668 5.
915 5612 960 5645 ⁷⁸
988 5611 1192 5670 Coloss.
1221 5628 1264 5679 t,
1287 5613 1736 5754 ²⁰3.·⁷·'15{3‚⁰¹ffi⁵‘
1758 5616 1966 5744 :tf-h„
1999 5683 2198 5743 mem·
2249 5699 2287 5751 ι’
2330 5682 2388 5740 5·
2460 5681 2510 5714 ,θ
2543 5677 2701 5737 nom·
2750 5693 2823 5747 n„
2884 5678 2938 5735 9·

307 5679 354 5711 ··²
388 5676 408 5732 i
437 5678 626 5733 Thess.
659 5694 718 5745 tt,
745 5681 797 5733 t.
911 5682 956 5714 ⁸⁸
1010 5683 1139 5740 ibid.
1173 5684 1256 5741 13.

306 5752 348 5781 ⁸⁸
367 5745 541 5808 Galat.
572 5761 610 5817 t,
636 5751 688 5804 6.
767 5751 810 5784 ⁸⁸
844 5751 975 5808 ibid.

1988 1904 2157 1960 Deum
2191 1915 2369 1960 autem
2400 1913 2457 1960 et
2490 1918 2741 1976 maguum
2772 1911 2825 1959 et
2856 1903 3099 1966 beatum,
3131 1899 3414 1957 habentem
3446 1901 3569 1955 illo-

1988 1998 2338 2053 minatiouem
2365 1996 2657 2054 ‘Christum
2693 1996 2936 2050 nominat
2984 1995 3175 2049 beatus
3205 1993 3429 2058 Paulus,
3474 1995 3566 2062 qui

1988 2090 2261 2146 invenitur
2282 2089 2470 2145 dicens
2495 2089 2564 2145 de
2583 2087 2612 2143 J
2622 2088 2787 2143 udaeis
2808 2096 2864 2142 et
2886 2083 3207 2141 Emmanuel
3234 2102 3248 2139 ε
3278 2102 3298 2135 ι
3328 2083 3565 2150 Quorum

1987 2190 2191 2251 patreS,
2224 2188 2277 2235 et
2310 2187 2714 2243 testamentum,
2748 2161 3243 2247 et'promissiones,
3276 2185 3332 2229 et
3353 2190 3417 2231 ex
3443 2176 3566 2245 qni·

1988 2274 2087 2329 bus
2120 2272 2371 2329 Christus
2409 2271 2708 2327 seeundum
2745 2283 2987 2335 carnem,
3019 2267 3111 2335 qui
3144 2277 3225 2321 est
3261 2283 3422 2335 super
3452 2283 3569 2322 om·

1989 2364 2074 2419 nia
2105 2364 2420 2419 benedictus
2453 2376 2505 2415 tn
2534 2359 2731 2416 saecula
2766 2358 3112 2429 saeculorum.
3149 2360 3324 2412 Amen
3364 2357 3433 2410 ⁸⁸.
3472 2378 3492 2410 ι

2055 2455 2209 2523 Quod
2256 2468 2389 2509 vero
2422 2452 2717 2509 secundum
2771 2451 3007 2505 divinam
3045 2437 3443 2503 ‘revelationem
3486 2449 3566 2501 ta·-

1985 2548 2161 2603 ciehat
2193 2544 2658 2616 praedicationem,
2686 2542 3026 2612 perspicuum
3054 2540 3138 2604 nt,
3169 2540 3285 2608 ipso
3311 2538 3525 2594 dicente
3550 2557 3564 2594 a

1991 2654 2014 2689 ι
2057 2635 2262 2691 Deinde
2305 2641 2425 2705 post
2454 2648 2628 2688 annos
2657 2630 3069 2704 quatuordecim
3106 2630 3299 2685 iterum
3347 2631 3564 2685 aseendi

1988 2726 2416 2798 ilierosolymam
2447 2739 2571 2779 cum
2607 2723 2880 2787 Barnaba,
2903 2730 3186 2791 assumpto
3222 2720 3387 2776 etiam
3421 2718 3564 2775 Tito.

1985 2817 2216 2874 Ascendi
2258 2825 2437 2871 autem
2479 2801 2776 2871 secuudum
2815 2812 3226 2877 revelationem,
3255 2821 3311 2867 et
3342 2811 3565 2879 exposui

1986 2906 2069 2965 eis
2109 2904 2486 2978 Evangelium,
2528 2904 2672 2975 quod
2714 2904 2952 2973 praedico
2982 2902 3273 2973 gentibus;
3323 2916 3565 2957 seorsum

1987 3010 2167 3057 autem
2221 3000 2287 3055 iis
2332 3000 2427 3071 qui
2469 2997 2797 3054 videbantur
2822 2994 3024 3066 aliquid
3060 3008 3203 3059 esse,
3238 3008 3308 3048 ne
3346 2995 3492 3049 forte
3514 2994 3565 3049 in

1988 3106 2216 3148 vacuum
2236 3105 2537 3156 currerem,
2564 3097 2657 3145 aut
2678 3090 3039 3145 cucurrissem
3070 3087 3139 3144 ⁸¹.
3177 3087 3381 3159 *793
3405 3087 3567 3143 Chri-

1991 3193 2136 3242 stum
2161 3183 2465 3254 praedicans
2492 3182 2763 3254 gentibus,
2794 3192 2855 3237 ut
2888 3181 3090 3246 Deum,
3114 3181 3355 3236 divinum
3387 3182 3564 3236 nonn-

1995 3285 2088 3330 nat
2115 3276 2284 3344 ipsius
2320 3273 2519 3344 ubique
2555 3273 2892 3345 mysterium.
2934 3273 3194 3328 Ascendit
3228 3287 3325 3343 per
3358 3273 3566 3328 revela-

1995 3367 2193 3421 tionem
2245 3364 2695 3437 iherosolymam,
2738 3372 2794 3420 et
2840 3364 3093 3434 exposuit
3135 3363 3222 3418 bis
3263 3364 3356 3434 qui
3417 3364 3567 3419 vitle-

1991 3455 2191 3511 bantur
2217 3453 2420 3526 aliquid
2462 3467 2606 3518 esse,
2644 3453 2695 3508 id
2724 3462 2830 3518 est,
2878 3452 3085 3509 sanctis
3128 3453 3410 3523 apostolis,
3454 3453 3566 3507 sive

1991 3546 2291 3618 discipulis,
2326 3560 2395 3602 ne
2427 3546 2568 3602 iorte
2598 3544 2650 3600 in
2684 3559 2909 3599 vacuum
2948 3553 3153 3601 currat.
3180 3544 3316 3601 Cum
3344 3559 3470 3598 veru
3497 3543 3564 3596 ab

1990 3636 2382 3708 llierosolymis
2412 3635 2803 3699 descendisset,
2836 3643 2890 3688 et
2936 3649 3125 3689 rursus
3166 3633 3407 3701 gentium
3438 3649 3563 3701 gre-

1988 3728 2146 3795 gibus
2173 3726 2531 3792 interfuisset,
2553 3724 2932 3781 emendavitne
2955 3723 3155 3792 aliquid
3174 3738 3237 3776 ex
3262 3721 3565 3792 prioribus?
3602 3766 3609 3778 .

1986 3818 2177 3876 Nonne
2212 3817 2579 3888 perseveravit
2622 3816 2793 3871 Deum
2831 3814 3097 3870 conlitens
3119 3811 3392 3869 Christum
3414 3811 3441 3866 i
3467 3812 3560 3865 At·

1986 3927 2092 3985 que
2117 3911 2239 3967 ideo
2271 3909 2463 3966 scribit
2485 3908 2808 3980 quibusdam
2852 3924 2867 3961 ε
2901 3925 2923 3960 ι
2959 3906 3125 3960 Miror
3159 3905 3301 3975 quod
3336 3906 3417 3960 sie
3452 3907 3561 3959 cito

1987 4001 2378 4058 transferimini
2410 3999 2478 4056 ab
2502 4011 2591 4066 eo,
2618 4000 2708 4068 qui
2751 4012 2847 4053 vos
2879 3997 3092 4052 vocavit
3123 3997 3176 4050 in
3209 3995 3353 4051 aliud
3395 4011 3561 4050 evan·

1983 4094 2205 4169 gelium,
2239 4092 2384 4165 quod
2416 4104 2522 4145 non
2546 4099 2630 4146 est
2655 4088 2821 4153 aliud,
2847 4089 2952 4144 nisi
2985 4088 3150 4158 aliqui
3187 4096 3314 4144 sunt
3340 4099 3562 4143 contur-

1982 4188 2174 4245 bantes
2199 4200 2296 4241 vos
2323 4191 2378 4240 et
2402 4182 2645 4239 volentes
2677 4189 2996 4238 convertere
3027 4179 3375 4250 Evangelium
3403 4177 3559 4233 Chri-

1980 4281 2051 4338 sti
2084 4279 2155 4333 ⁸⁸.
2190 4297 2210 4331 ι
2253 4276 2344 4333 Αἰι
2387 4283 2568 4331 autem
2617 4272 2813 4329 iterum
2860 4287 2876 4323 ι
2926 4289 2946 4322 ι
2988 4269 3095 4325 Sed
3148 4272 3248 4326 etsi
3312 4287 3409 4326 nos
3466 4279 3560 4324 aut

1982 4372 2205 4442 angelus
2252 4370 2322 4424 de
2367 4367 2507 4422 coelo
2554 4363 3008 4435 evangelizaverit
3042 4363 3214 4424 vobis.
3266 4371 3461 4432 praeter
3505 4362 3557 4416 id

1913 4494 1958 4549 D
1984 4462 2127 4532 quod
2169 4458 2477 4527 accepistis,
2522 4456 2805 4510 anathema
2835 4450 2906 4509 sit
2934 4452 3004 4510 ⁸⁸.
3055 4473 3075 4507 ι
3113 4453 3218 4509 Pro
3248 4467 3352 4523 qna
3395 4453 3558 4520 igitur

1982 4566 2144 4610 causa
2184 4550 2321 4604 alios
2354 4563 2543 4604 omnes
2574 4548 2855 4615 omittens,
2888 4546 3015 4602 licet
3044 4547 3215 4602 Deum
3246 4546 3554 4601 inhabitan-

1983 4654 2092 4700 tem
2113 4641 2423 4707 habuerint,
2446 4638 2619 4696 solum
2640 4635 3169 4709 proedicabatlesum
3196 4637 3337 4692 sieut
3362 4637 3552 4691 Deum.

2573 4793 2724 4852 CAP.
2765 4793 2955 4849 xxiv.

2669 4908 2864 4966 Aliud..

2050 5045 2323 5118 Scriptum
2352 5054 2437 5101 est
2463 5046 2531 5100 de
2576 5041 2793 5101 Christo
2829 5060 2859 5097 τ·
2890 5060 2909 5094 ι
2940 5041 3073 5097 Cum
3106 5053 3284 5098 autem
3320 5051 3462 5096 esset
3496 5041 3548 5094 in

1981 5135 2368 5210 Hierosolymis
2392 5135 2446 5191 in
2484 5136 2570 5191 die
2604 5133 2952 5202 festo,‚multi
2991 5132 3338 5189 crediderunt
3369 5131 3419 5186 in
3453 5148 3549 5184 nn-

1981 5228 2126 5284 mine
2150 5228 2268 5299 ejus
2300 5227 2543 5283 videntes
2575 5227 2728 5296 signa
2755 5239 2877 5296 quie
2922 5221 3188 5291 iaciebat3
3220 5222 3336 5292 ipse
3366 5232 3544 5275 autem

1974 5317 2133 5375 «lesus
2154 5334 2259 5374 nou
2280 5319 2614 5375 credebat&
2638 5316 2746 5373 illis
2764 5333 2779 5383 ;
2803 5317 2943 5386 qnod
2967 5314 3083 5386 ipsc
3106 5315 3320 5371 sciebat
3334 5327 3543 5375 omues,

1976 5419 2032 5467 et
2057 5410 2202 5482 quod
2226 5425 2333 5466 non
2356 5423 2576 5466 necesse
2598 5407 2852 5475 habebat,
2883 5416 2943 5463 ιιι
2960 5406 3155 5478 aliquis
3176 5406 3539 5462 testimonium

1980 5615 2026 5647 ⁸⁸
2057 5614 2078 5670 1
2104 5614 2298 5671 Thess.
2325 5632 2364 5676 ι.
2389 5611 2442 5667 8.
2517 5611 2562 5643 ⁸¹
2593 5608 2749 5666 ioan.
2780 5625 2872 5676 ιιι.
2892 5607 2983 5683 25.
3057 5607 3104 5640 ⁸⁸
3140 5605 3370 5664 i‘l'hess.
3398 5621 3459 5675 tt,
3482 5607 3537 5662 Ξ.

3068 5677 3114 5710 ⁸⁷
3142 5677 3317 5735 Galat.
3361 5691 3426 5744 tt,
3487 5677 3536 5732 t.
